4590 6420
419 435 480 495 364
582 429 826 486 cauliculum
847 430 973 485 REGUM
992 429 1177 484 Fundulus
1194 427 1306 484 oculu.
1326 427 1547 496 (HLUDOWICI
1567 428 1694 497 BALBI).
1713 459 1746 466 —
1764 429 1883 485 116383.

341 612 400 667 817.
421 611 567 670 sacratus
597 612 632 670 et
664 612 837 670 coronatus
870 612 919 670 est
951 606 984 670 in
1014 626 1126 690 regem
1157 603 1368 668 Hlodowious
1397 605 1438 668 ab
1467 603 1645 668 Hincmaro
1673 603 1848 668 Remorum
1877 606 2042 692 episcopo.

419 709 461 772 m
485 709 628 795 episcopi
652 730 687 774 se
712 729 853 795 suasque
885 709 1043 774 ecelesias
1073 708 1120 772 illi
1143 706 1183 772 ad
1207 707 1351 772 debitam
1375 707 1599 772 defensionem
1628 714 1662 773 et
1689 709 1845 774 canoniea
1871 710 2042 795 privilegia

419 813 482 876 sibi
514 811 676 878 servanda
711 813 1033 892 commendaverunt,
1066 812 1258 898 profitentes
1292 810 1366 896 (cfr.
1396 809 1488 896 infra
1512 833 1545 892 6.
1563 814 1633 889 365,
1657 811 1711 892 E.)
1738 811 1917 876 secundum
1948 835 2041 878 suum

417 917 500 980 seire
523 925 557 980 et
580 938 677 1002 posse
702 923 734 981 et
756 917 850 981 iuxta
873 939 967 981 suum
991 917 1205 981 ministerium
1229 914 1364 980 consilio
1389 922 1421 979 et
1444 915 1565 978 auxilio
1590 914 1637 978 illi
1659 913 1773 980 fideles
1797 917 1879 990 fore;
1903 916 2040 982 abbates

418 1025 527 1084 antem
552 1026 585 1084 et
600 1021 692 1105 regni
710 1021 869 1106 primores
893 1042 931 1085 ac
947 1021 1080 1084 vassalli
1098 1019 1180 1103 regii
1204 1039 1238 1082 se
1254 1019 1302 1082 illi
1318 1019 1628 1084 commendaverunt
1652 1025 1684 1083 et
1701 1027 1905 1084 sacramento
1923 1042 2039 1085 seeun—
2072 1044 2084 1082 a

418 1123 494 1188 dum
516 1145 640 1190 morem
664 1124 853 1190 fidelitatem
877 1126 1104 1212 promiserunt.

525 1228 567 1294 In
599 1228 707 1292 ordine
736 1229 931 1312 sinpulorum
958 1229 1166 1309 capitulorum
1194 1227 1400 1304 instituendo,
1434 1229 1489 1308 qui
1519 1228 1554 1291 in
1585 1227 1717 1292 editione
1748 1231 1857 1292 nostra
1886 1228 1971 1294 alins
1997 1235 2041 1294 est

416 1337 508 1414 atque
523 1332 559 1396 in
574 1332 755 1411 Pertaiana,
772 1333 982 1398 Hineniarurn
997 1333 1094 1396 secuti
1107 1351 1223 1408 sumus,
1246 1331 1301 1412 qai
1316 1331 1414 1394 tradit
1429 1329 1534 1413 (infra
1549 1335 1610 1396 not.
1634 1334 1664 1413 1)
1674 1331 1900 1416 professionem
1916 1332 1956 1395 Η
1955 1333 2042 1397 16616-

416 1437 486 1500 eeiei
508 1438 571 1520 (A)
592 1437 643 1501 dic
666 1439 715 1530 31).
739 1457 778 1502 m.
802 1435 881 1502 Nee.
900 1434 1024 1521 factam
1047 1456 1122 1515 esse,
1145 1437 1300 1518 episcopos
1322 1439 1425 1500 66166
1446 1440 1518 1516 post
1540 1436 1767 1500 coronationem
1789 1436 1929 1515 dernam,
1952 1439 2042 1502 eri-iiis

416 1540 556 1605 ordinem
572 1537 663 1624 infre
678 1561 727 1604 nr.
746 1543 818 1608 304.
841 1541 994 1618 invenias,
1017 1560 1049 1604 se
1064 1540 1288 1604 commendasse
1309 1540 1422 1622 (snpra
1446 1538 1633 1620 1162366).
1682 1541 1752 1622 Qua
1767 1540 1804 1604 de
1819 1560 1913 1606 causa
1930 1542 2039 1607 cerba:
2061 1570 2085 1606 6

417 1644 458 1708 ad
481 1645 732 1731 suprascriptam
760 1644 950 1730 petitionem
981 1643 1089 1729 (infra
1111 1648 1174 1709 not.
1197 1647 1242 1729 l),
1276 1663 1465 1723 quemqnam
1487 1642 1521 1704 in
1544 1643 1631 1706 Aure.
1655 1642 1781 1707 Bertin.
1813 1643 2042 1726 ‘professionem

416 1749 564 1832 ipsorum'
587 1748 647 1832 (Ε)
670 1751 851 1830 sepieeentur,
878 1767 942 1812 non
964 1748 1007 1812 ad
1028 1747 1318 1812 commendationem
1341 1747 1552 1827 epriscoporum
1574 1746 1634 1826 (E)
1658 1746 1825 1830 referenda
1848 1753 2042 1830 36616616-

416 1853 523 1917 366116
545 1871 614 1915 cirin
635 1852 671 1914 in
693 1854 764 1932 1636
788 1852 950 1933 petitionis
980 1852 1143 1917 cuiusdam
1170 1852 1284 1916 mentio
1310 1870 1374 1914 666
1394 1852 1463 1931 fiat.
1513 1849 1590 1915 066
1612 1871 1682 1914 cero
1703 1854 1863 1934 responsio
1892 1855 1974 1936 repis
2000 1853 2044 1918 ad

411 1957 592 2040 petitionem
623 1957 831 2040 epismporam
854 1957 918 2040 (B)
938 1956 1014 2021 data
1045 1959 1079 2020 in
1102 1957 1311 2038 promissione
1334 1953 1392 2038 (0)
1415 1958 1523 2031 663161,
1554 1957 1695 2020 consuere
1720 1955 1798 2019 resilii
1819 1956 1942 2021 ridetur
1966 1978 2041 2038 pro·
2076 1987 2077 1991 ¹

414 2059 578 2141 sessionem
599 2060 691 2125 illurn
713 2059 892 2124 Hlndowiei
913 2062 975 2144 (A)
998 2060 1246 2143 coniaapendam
1272 2078 1336 2123 6336
1362 2080 1431 2123 enin
1455 2058 1557 2123 verbis
1584 2059 1780 2123 Annalium:
1811 2063 1915 2146 pactis
1940 2063 2040 2126 hono·
2062 2090 2086 2127 6

416 2164 505 2228 ribus
537 2163 674 2248 singulis
698 2185 779 2250 quos
803 2165 981 2250 petierunt;
1006 2163 1066 2249 cfr.
1089 2165 1184 2228 etiam
1205 2161 1379 2241 Dr'immler,
1405 2161 1571 2246 Ostfrdnle.
1594 2161 1692 2226 Reiele
1707 2163 1771 2229 111
1774 2162 1796 2242 ²,
1813 2185 1848 2244 p.
1866 2168 1918 2232 68.

1544 2265 1603 2346 (B.
1619 2267 1666 2344 ΙΙ,
1689 2270 1770 2346 271,·
1792 2266 1829 2332 Ρ.
1846 2273 1935 2345 542.)

725 2493 798 2576 (A.)
833 2484 1062 2557 Professio1
1088 2491 1205 2557 istius
1229 2490 1451 2556 Hlodowici
1474 2491 1551 2555 filii
1574 2489 1724 2556 Karoli.

527 2581 607 2714 Ego
631 2631 861 2715 Hlodowious,
891 2630 1113 2696 misericordia
1143 2630 1265 2694 domini
1289 2629 1351 2693 Dei
1379 2631 1481 2694 nostri
1505 2636 1538 2695 et
1562 2630 1722 2696 electione
1747 2632 1860 2718 populi
1882 2654 1941 2697 rex
1966 2655 2041 2698 con·

417 2736 558 2814 stitutus,
581 2736 732 2822 promitto
755 2743 840 2802 teste
866 2735 1006 2800 eeclesia
1029 2734 1091 2798 Dei
1116 2734 1265 2798 omnibus
1290 2732 1467 2813 ordinibus,
1491 2736 1721 2821 episcoporum
1746 2734 1906 2816 videlieet,
1931 2759 2040 2802 sacer·
2061 2763 2087 2803 eo

417 2839 541 2920 dotum,
565 2841 812 2920 monachorum,
847 2842 1076 2904 canonicorum
1105 2845 1203 2924 atquc
1235 2837 1550 2917 sanctimonialium,
1582 2839 1713 2922 regulas
1744 2861 1763 2902 a
1794 2840 1940 2926 patribus
1964 2865 2041 2907 eon-

417 2945 556 3029 scriptas
584 2949 618 3009 61
648 2945 835 3030 apostolicis
868 2943 1139 3009 adtestationibus
1171 2942 1339 3008 roboratas
1373 2963 1415 3006 ex
1448 2942 1510 3006 hoo
1540 2947 1572 3006 et
1600 2943 1632 3005 in
1663 2942 1806 3008 futurum
1835 2950 1963 3031 tempus
1992 2968 2043 3011 me

416 3048 479 3112 illis
502 3069 544 3112 ex
567 3048 694 3133 integro
719 3055 934 3113 servaturum.
979 3047 1144 3112 Polliceor
1167 3048 1265 3112 etiam
1288 3068 1341 3112 me
1366 3053 1571 3111 servaturum
1594 3046 1684 3131 leges
1709 3053 1742 3110 et
1766 3055 1889 3113 statuta
1911 3051 2042 3136 populo,

418 3153 472 3237 qui
495 3151 572 3215 mihi
597 3152 637 3216 ad
660 3152 839 3238 regendum
861 3151 1084 3217 misericordia
1099 3151 1163 3216 Dei
1186 3152 1407 3232 committitur,
1429 3161 1509 3237 pro⁸
1532 3151 1694 3216 communi
1718 3153 1875 3216 consilio⁸
1898 3153 2043 3220 fidelium

417 3261 617 3335 nostrorum,
647 3255 825 3320 secundum
855 3254 941 3341 quod
972 3254 1244 3342 praedecessores
1268 3255 1332 3320 mei
1354 3255 1567 3340 imperatores
1593 3262 1625 3320 et
1648 3276 1744 3340 reges
1769 3258 1869 3341 gestis
1893 3259 2040 3324 inscrue-
2060 3284 2085 3324 n

417 3367 492 3424 runt
515 3367 548 3424 et
572 3359 703 3424 omuino
726 3359 953 3424 iuviolabiliter
977 3358 1120 3424 tenenda
1144 3367 1177 3423 61
1201 3357 1407 3423 observanda
1430 3357 1655 3423 decreverunt.
1702 3357 1772 3444 Ego
1797 3360 1894 3446 igitur
1916 3361 2041 3426 Hlodo-

418 3466 517 3529 wicus
541 3464 743 3530 rectitudinis
768 3473 801 3530 et
825 3465 970 3529 iustitiae
994 3484 1104 3528 amore
1128 3463 1213 3527 haue
1237 3469 1450 3547 spontaneam
1475 3463 1722 3548 promissionem
1752 3485 1859 3528 meam
1889 3466 2041 3550 relegens

417 3589 516 3632 manu
538 3569 671 3654 propria
693 3568 828 3633 firmavi.

923 3724 997 3807 (B.)
1030 3714 1205 3790 Petitio2
1235 3725 1531 3811 episcoporum.

523 3839 569 3909 A³
593 3845 685 3911 vobis
718 3846 889 3932 perdonari
917 3847 1011 3913 nobis
1042 3845 1198 3933 petimus,
1233 3853 1269 3911 ut
1299 3848 1474 3933 unicuique
1505 3845 1547 3912 de
1576 3846 1669 3911 nobis
1701 3855 1733 3912 ct
1766 3847 1914 3912 ecelesiis
1944 3848 2039 3914 nobis
2058 3876 2084 3916 6

417 3951 598 4015 commissis
627 3951 805 4016 seeundum
832 3952 971 4038 primum
1000 3943 1208 4038 capituluml,
1245 3951 1332 4036 quod
1359 3952 1534 4016 novissime
1563 3951 1595 4014 in
1625 3949 1790 4016 Curisiaco
1814 3950 1951 4018 domnus
1982 3955 2041 4018 im-

417 4061 549 4138 perator
579 4062 673 4141 pater
703 4061 812 4120 vester
843 4077 862 4118 a
890 4075 925 4119 66
953 4057 989 4120 Ι61
1015 4077 1035 4119 6
1062 4054 1155 4119 vobis
1187 4057 1413 4120 servaturumb
1444 4055 1723 4120 consentientibus
1752 4055 1904 4120 fidelibus
1933 4057 2041 4121 illius⁰

417 4177 454 4220 ao
477 4159 592 4222 vestris
621 4165 718 4244 atque
743 4158 1054 4246 apostolicaesedis
1087 4159 1205 4244 legatis
1229 4159 1361 4244 legente
1386 4157 1574 4223 (ilaunlenod
1598 4156 1816 4238 decaudavit,
1848 4161 2041 4225 canonicum

416 4261 623 4347 privilegium
647 4269 680 4328 61
703 4261 848 4328 debitam
872 4262 979 4348 legem
1003 4268 1100 4347 atque
1124 4263 1282 4328 iustitiam
1306 4263 1506 4328 conservetis
1531 4268 1563 4326 et
1586 4260 1811 4328 defensionem
1841 4263 2039 4342 exhibeatis,

416 4364 501 4428 sicut
523 4385 583 4428 rex
606 4366 638 4429 in
661 4385 719 4429 suo
748 4386 850 4450 regno
881 4366 1057 4451 unicuique
1089 4368 1242 4453 episeopo
1272 4373 1305 4431 61
1329 4366 1489 4432 ecclesiae
1518 4365 1581 4430 sibi
1611 4367 1804 4431 commissae
1834 4389 1894 4452 per
1917 4374 2041 4432 rectum
2060 4400 2085 4440 66

416 4467 572 4533 exhibere
595 4467 702 4534 debet.

517 4693 544 4760 a)
563 4695 601 4745 ita
618 4691 645 4756 3;
665 4712 710 4763 por
728 4699 1011 4750 oommuuooonsilium
1024 4699 1153 4750 mundae.
1166 4697 1301 4751 Betucius.
1382 4699 1410 4764 b)
1429 4700 1466 4749 ita
1484 4699 1557 4751 codd.
1572 4715 1624 4763 pro
1637 4700 1800 4751 servandum.
1883 4699 1908 4760 6)
1927 4698 1999 4750 ital.
2013 4697 2037 4765 2,

415 4783 489 4848 iufra
502 4800 530 4850 p.
544 4779 603 4847 365,
623 4781 668 4833 lin.
680 4781 705 4847 4,
724 4783 797 4837 rem.
816 4784 891 4850 epioe.
910 4803 935 4838 a.
947 4783 1008 4851 882,
1026 4786 1101 4852 iufra
1116 4803 1142 4851 p.
1157 4782 1222 4848 310,·
1244 4787 1297 4838 suis
1315 4783 1338 4838 3.
1352 4785 1376 4838 4.
1475 4787 1502 4848 d)
1521 4786 1634 4838 Goulcno
1652 4785 1675 4838 3.

517 4990 543 5054 1)
563 4985 739 5057 1116666666,
759 4989 775 5044 l.
787 5005 807 5044 e.
822 5006 851 5059 p.
865 4991 930 5057 139,
947 4991 1012 5046 baec
1025 4991 1149 5061 prarfipit
1164 4991 1257 5046 uerba:
1284 4991 1326 5046 Ad
1345 4991 1561 5062 suprascriptam
1579 5007 1644 5046 vero
1663 4990 1856 5061 episcoporum
1874 4991 2040 5061 petitionem

413 5091 482 5145 1666
499 5109 571 5159 quae
590 5096 756 5161 sequuntur,
780 5113 827 5148 rex
846 5095 1023 5150 Hlodowieus
1041 5096 1180 5166 protessus
1199 5099 1242 5150 est
1259 5096 1410 5166 episcopis,
1435 5099 1463 5151 61
1486 5095 1567 5149 istam
1587 5095 1676 5165 ipsam
1695 5095 1855 5150 donationis
1874 5096 2039 5166 scripturam
2059 5118 2086 5154 eo

413 5213 497 5250 manu
521 5213 570 5251 sua
594 5197 633 5250 eis
656 5197 736 5251 dedit
763 5197 791 5252 in
821 5198 990 5269 compendio
1017 5217 1091 5254 anno
1118 5200 1320 5254 incarnationis
1344 5200 1500 5255 dominicae
1523 5199 1752 5264 DGCOLXXVII,
1779 5199 1814 5252 ll.
1831 5199 1970 5254 Kalendas
1988 5201 2040 5254 De·

414 5297 537 5354 cembris.
625 5300 931 5366 2)11inernarust.e.:
956 5303 1073 5369 Quando
1099 5303 1278 5358 Hludowieus
1302 5320 1361 5367 rex,
1385 5303 1458 5357 lilius
1481 5303 1576 5358 Karoli
1601 5302 1789 5374 imperatoris,
1813 5303 1870 5356 suit
1893 5309 2041 5359 coronatus

413 5400 443 5455 in
466 5403 649 5472 Compendio,
677 5405 729 5459 boo
752 5405 895 5475 petierunt
918 5407 1039 5478 episcopi
1064 5408 1138 5478 apud
1162 5408 1269 5478 ipsum,
1297 5409 1369 5462 sicut
1399 5409 1444 5463 hic
1469 5409 1660 5478 subsequitur:
1690 5412 1721 5463 ‘A
1745 5409 1839 5464 vobis'.
1936 5411 1963 5478 3)
1985 5411 2041 5477 Osr.

419 5507 518 5576 Woitr,
546 5506 674 5563 Fomudn
694 5509 719 5562 d.
739 5510 775 5564 D.
796 5509 1056 5582 Kduips·Krdnuup
1073 5518 1117 5568 ete.
1136 5514 1166 5566 in
1185 5513 1327 5568 ί11116611.
1351 5513 1376 5567 d.
1398 5512 1518 5582 Gdtttnp.
1544 5513 1680 5569 0666116616.
1704 5513 1728 5566 d.
1747 5512 1913 5567 Wissemelu'
1933 5515 2047 5570 XVIII

412 5612 512 5700 (1813),
526 5629 555 5680 p.
569 5613 609 5666 76.
627 5615 668 5667 22.
755 5615 783 5680 4)
803 5613 865 5682 Gap.
880 5615 997 5671 anteced.
1016 5631 1038 5668 e.
1055 5618 1083 5678 1,·
1107 5616 1154 5682 cfr.
1173 5617 1251 5670 etiam
1264 5616 1410 5670 Hinemari
1427 5616 1503 5685 epist.
1522 5615 1558 5668 ad
1571 5616 1604 5669 H
1604 5615 1764 5670 1636661666
1781 5631 1874 5684 repen,
1897 5617 1985 5685 Opera
1999 5619 2039 5689 ΙΙ,
2058 5637 2084 5673 is

407 5731 436 5782 p.
452 5715 574 5784 181666,
598 5733 618 5769 e.
633 5717 659 5771 7.
677 5719 701 5771 8.
