4590 6428
511 447 781 503 ADDI'I'AMEN'I'A
801 449 849 503 AD
868 449 1078 504 HLUDOWIOI
1096 450 1146 504 PII
1164 450 1418 506 caPI'rULARm.
1438 482 1470 492 -
1490 451 1539 506 Νι.
1553 453 1610 507 196.
1833 458 1874 518 45

248 631 373 704 notum,
397 622 483 710 quod
507 645 527 688 a
548 622 742 708 quibusdam
766 625 931 710 prestigiis
955 631 1052 710 atque
1076 624 1245 690 diabolicis
1268 625 1486 691 inlusionibus
1509 627 1556 692 ita
1577 633 1706 692 mentes
1730 642 1871 714 quorun-
1891 637 1951 690 829.

248 727 324 792 dam
349 727 551 792 inficiantury
573 727 697 812 poculis
722 727 897 806 amatoriis,
921 727 1002 792 cibia
1019 728 1071 792 vel
1086 729 1277 814 fylacteriis,
1300 736 1337 793 ut
1358 731 1410 794 in¹
1431 733 1593 796 insaniam
1610 732 1694 796 versi
1718 733 1873 819 apleris·

249 855 313 920 que
334 833 526 912 iudicentur,
559 830 635 896 dum
658 833 805 918 proprias
829 853 893 896 non
916 833 1062 897 sentiunt
1085 834 1310 899 contumelias.
1355 833 1479 899 Ferunt
1502 836 1590 899 enim
1613 836 1681 900 suis
1704 836 1874 900 meleficiis

249 942 328 1002 aera
349 957 446 1022 posse
471 935 667 1001 conturbare
692 942 724 1000 et
746 935 924 1020 grandines
940 937 1116 1018 inmittere,
1140 938 1249 1003 futura
1266 937 1447 1025 predicere,
1470 939 1594 1004 fructus
1619 947 1652 1004 et
1673 940 1724 1004 lac
1746 941 1874 1006 auferre

217 1042 384 1126 ssliiaque
407 1039 486 1105 dare
511 1047 544 1104 et
566 1040 736 1104 innumera
759 1061 778 1103 a
801 1039 920 1105 talibus
943 1041 1015 1106 fieri
1038 1041 1205 1115 dicuntum
1237 1043 1303 1126 qui,
1326 1051 1363 1108 ut
1384 1043 1506 1108 fuerint
1529 1044 1716 1109 huiusmodi
1740 1045 1874 1130 reperti,

249 1146 311 1210 viri
340 1145 409 1209 aive
438 1143 596 1224 feminee,
629 1143 662 1206 in
690 1148 816 1207 tautum
846 1142 1016 1230 disciplina
1032 1152 1078 1209 et
1100 1146 1209 1231 vigore
1241 1147 1395 1232 principis
1425 1148 1534 1211 acrius
1563 1147 1768 1233 corrigendi·
1790 1153 1874 1226 sunt,

249 1249 283 1313 in
311 1255 468 1334 quantum
500 1247 708 1312 manifestius
739 1267 822 1310 ausu
851 1247 991 1313 nefando
1026 1256 1060 1313 et
1090 1250 1265 1315 temerario
1300 1251 1423 1315 servire
1455 1235 1589 1315 diabole
1618 1270 1683 1315 non
1714 1257 1874 1316 metuunt.

248 1351 301 1417 De
324 1351 374 1417 his
397 1371 526 1438 quoque
555 1351 589 1415 in
613 1349 758 1415 Concilio
783 1351 974 1416 Aneiritano
998 1353 1092 1416 titulo
1111 1351 1241 1417 XXIII.
1266 1353 1313 1419 ita
1337 1356 1491 1441 scriptum
1515 1360 1582 1418 eat:
1618 1346 1727 1428 ι(ὶιιίὓῧ
1750 1355 1874 1419 divina-

249 1457 355 1522 tiones
387 1461 548 1542 expetuut
580 1461 614 1519 et
646 1476 736 1519 more
767 1455 938 1541 gentilium
972 1455 1217 1542 subsequuntur
1247 1463 1303 1521 aut
1335 1459 1369 1521 in
1399 1457 1513 1522 domos
1545 1477 1622 1522 suaa
1652 1457 1876 1522 huiuscemodi

205 1591 232 1629 rc
250 1559 398 1624 homines
420 1557 631 1623 introducunt
654 1558 847 1644 exquirendi
870 1558 994 1643 aliquid
1017 1566 1087 1624 arte
1113 1560 1260 1625 malefica
1282 1566 1338 1624 aut
1361 1561 1516 1646 expiandi
1540 1582 1648 1640 causa,
1677 1560 1737 1626 sub
1761 1561 1876 1645 regula

250 1661 461 1749 quinquennii
488 1662 619 1726 iaceant
645 1660 824 1726 secundum
854 1661 975 1746 gradus
999 1663 1223 1748 poenitentiae
1246 1662 1420 1730 definitos.’
1466 1663 1606 1752 Oportet
1629 1665 1713 1733 enim
1738 1665 1821 1729 baec
1842 1666 1876 1729 in

250 1766 400 1832 omnibus
424 1772 457 1830 st
479 1765 622 1830 maxime
645 1765 679 1829 in
701 1764 752 1828 his
775 1765 872 1845 locis,
902 1765 958 1830 ubi
982 1766 1070 1830 licite
1094 1772 1128 1831 et
1150 1767 1272 1852 inpune
1295 1768 1389 1832 multi
1417 1788 1453 1832 se
1480 1788 1579 1853 posse
1603 1767 1664 1832 hoc
1687 1775 1876 1854 perpetrare

250 1869 430 1950 confidunt,
458 1875 494 1932 ut
518 1866 695 1932 studiosius
719 1873 752 1932 et
774 1866 963 1951 diligentius
986 1868 1223 1933 admoneantur
1247 1875 1280 1934 et
1308 1871 1454 1936 severius
1478 1871 1691 1957 corrigantur.
1738 1870 1821 1936 Sunt
1844 1879 1877 1936 et

251 1975 316 2040 alia
338 1971 533 2040 detestanda
550 1971 639 2050 vitia,
662 1991 747 2057 quae
769 1971 816 2034 ita
838 1968 1002 2033 habentur
1024 1971 1118 2055 quaai
1140 1972 1335 2037 naturaliter
1358 1975 1390 2038 in
1412 1973 1506 2055 usui,
1529 1980 1565 2037 ut
1581 1996 1622 2040 ee
1637 1981 1875 2061 perpetrantes,

205 2111 232 2148 ιι
251 2081 365 2166 quanti
381 2080 445 2143 sint
461 2066 647 2155 criminis54,
672 2095 737 2140 non
752 2075 934 2140 advertant.
973 2074 1066 2139 Sicut
1081 2082 1157 2139 aunt
1172 2097 1222 2158 ea,
1247 2098 1330 2163 quae
1346 2069 1552 2163 apostolusf’5
1568 2083 1681 2163 aperte
1699 2085 1876 2158 enumerat,

250 2183 285 2248 id
300 2190 352 2248 est
367 2183 555 2261 ebrietates,
579 2179 881 2259 commessationes,
905 2179 1140 2258 contentiones,
1163 2179 1242 2261 irae,
1265 2181 1368 2260 rixae,
1392 2180 1622 2262 dissensiones,
1646 2180 1876 2265 detractiones,

250 2286 405 2370 invidiae,
432 2286 635 2364 inimicitiae,
668 2305 751 2370 quae
775 2283 923 2348 homines
946 2282 1039 2348 iuxta
1062 2282 1204 2349 eundem
1227 2285 1410 2370 apostolum
1437 2307 1457 2349 a
1481 2305 1580 2372 regno
1603 2284 1665 2349 Dei
1688 2286 1877 2365 excludunt,

250 2393 296 2456 ita
317 2391 481 2477 inquiens:
510 2388 583 2463 ‘Qui
591 2380 620 2428 5⁵
643 2388 731 2453 enim
755 2386 833 2451 talia
855 2393 967 2472 agunt,
989 2407 1127 2473 regnum
1144 2385 1206 2451 Dei
1226 2407 1290 2450 non
1307 2386 1544 2454 consecuntur.’
1579 2389 1619 2453 In
1640 2396 1767 2453 tautum
1790 2390 1878 2454 enim

252 2517 293 2560 ea
311 2493 507 2582 inpudenter
528 2499 561 2558 et
581 2491 721 2556 fidenter
737 2490 867 2577 quidam
885 2491 1100 2572 committunt,
1124 2497 1159 2555 ut
1175 2491 1292 2556 merito
1309 2490 1349 2557 de
1366 2492 1430 2557 illis
1447 2492 1513 2557 dici
1529 2495 1646 2578 possit:
1671 2483 1878 2557 ‘Letantur56

204 2628 232 2668 ac
251 2619 324 2663 cum
347 2598 583 2677 malefecerint,
608 2601 641 2660 et
664 2595 815 2660 exultant
838 2595 870 2660 in
895 2595 994 2660 rebus
1016 2592 1189 2680 pessimis!
1230 2594 1326 2659 Unde
1352 2603 1489 2682 oportet,
1512 2603 1549 2659 ut
1572 2617 1686 2661 omnes
1710 2596 1878 2661 christiani

250 2703 334 2768 haec
365 2709 399 2768 et
430 2701 594 2767 subtiliter
623 2700 817 2785 intellegant
847 2705 880 2764 et
909 2697 1144 2763 studiosissime
1180 2706 1333 2778 caveant,
1366 2721 1407 2764 ne
1436 2719 1476 2763 ea
1503 2705 1733 2786 perpetrantes
1757 2700 1878 2765 atalia

249 2807 347 2889 bona,
371 2825 455 2893 quae
479 2810 589 2891 agunt,
613 2803 754 2891 perdant
777 2808 810 2867 et
832 2810 967 2888 propter
988 2801 1070 2866 haec
1093 2823 1113 2865 a
1137 2824 1237 2888 regno
1253 2801 1318 2867 Dei
1341 2824 1377 2868 se
1402 2804 1526 2868 alienos
1550 2804 1681 2868 faciant.
1722 2803 1879 2868 Similiter

251 2910 349 2976 etiam
372 2911 413 2976 de
437 2911 542 2975 otioso
565 2929 733 2990 sermone,
761 2928 820 2993 pro
843 2928 906 2993 quo
929 2907 1023 2971 iuxta
1045 2906 1177 2971 Domini
1202 2927 1315 2972 vocem
1345 2898 1505 2970 ιοιιιιιθει57
1529 2905 1687 2972 reddituri
1712 2927 1823 2972 sumus
1845 2907 1878 2972 in

251 3013 304 3079 die
326 3013 432 3079 iuditii
454 3010 637 3090 rationem’,
667 3011 708 3076 de
731 3009 925 3075 scurrilitate
950 3016 983 3074 et
1006 3009 1206 3096 stultiloquio
1230 3016 1264 3075 et
1286 3008 1585 3089 maledictionibus,
1609 3011 1763 3095 quoniam
1786 3011 1878 3074 iuxta

205 3145 231 3185 aa
252 3117 435 3205 apostolum
457 3107 740 3182 ‘maledicentes58
764 3135 900 3200 regnum
922 3112 985 3178 Dei
1009 3135 1073 3178 non
1096 3110 1332 3199 possidebunt’,
1356 3111 1397 3178 do
1420 3113 1595 3194 mendatio,
1619 3112 1660 3178 de
1683 3113 1878 3200 periculoso,

250 3219 351 3286 noxio
375 3220 573 3306 assiduoque
601 3221 785 3284 iuramento
815 3223 848 3283 et
870 3217 1020 3282 obscenis
1043 3216 1260 3304 turpibusque
1284 3217 1419 3281 canticis
1441 3217 1591 3282 omnibus
1614 3218 1801 3283 christianis
1828 3220 1878 3282 in-

250 3322 473 3408 tellegendum
497 3329 530 3388 et
553 3321 794 3387 observandum
819 3327 879 3400 est,
903 3329 939 3385 ut
963 3339 1171 3406 summopere
1195 3320 1236 3384 ab
1260 3320 1310 3383 bis
1335 3341 1370 3385 se
1395 3327 1542 3402 caveant,
1567 3343 1608 3386 ne
1632 3322 1683 3386 hia
1707 3321 1878 3386 studentes

249 3447 309 3512 per
331 3427 576 3512 neglegentiam
600 3424 831 3490 detrimentum
857 3444 989 3488 suarum
1013 3424 1184 3510 paciantur
1205 3425 1397 3488 animarum.
1443 3423 1537 3490 Haec
1561 3427 1670 3511 igitur,
1697 3446 1780 3510 quae
1804 3426 1877 3492 bre-

251 3529 335 3594 viter
370 3519 529 3616 premissa
563 3533 656 3606 sunt,
693 3527 832 3615 primum
865 3526 1042 3591 adiuvante
1072 3525 1182 3590 divina
1214 3528 1321 3610 gratia
1353 3550 1373 3593 a
1403 3529 1647 3614 nobismetipsis
1686 3528 1878 3610 abdicando,

202 3663 231 3702 ιο
249 3631 386 3696 formam
410 3639 444 3697 et
467 3632 655 3717 exemplum
678 3632 751 3696 aliia
774 3630 914 3717 prebere
936 3629 1086 3692 volumus
1109 3634 1143 3693 et
1164 3627 1316 3693 fidelibus
1333 3631 1450 3695 restris
1474 3630 1640 3696 humiliter
1663 3632 1878 3713 innotescere,

251 3742 285 3802 et
307 3736 449 3802 fideliter
470 3736 664 3802 denuntiare
687 3735 875 3802 necessario
899 3732 1092 3798 iudicamus.
1131 3731 1196 3796 Sed
1221 3740 1255 3798 ot
1277 3733 1488 3819 parroechias
1512 3741 1659 3798 nostraa⁰
1682 3755 1796 3800 omnes
1819 3734 1877 3799 ad-

249 3839 411 3904 monendo
433 3840 596 3905 instruere
620 3841 780 3927 cupimus,
803 3860 856 3920 ne,
881 3835 967 3924 quod
991 3837 1088 3917 absit,
1112 3857 1171 3922 per
1194 3858 1286 3901 suam
1311 3838 1527 3923 ignorantiam
1551 3845 1584 3903 et
1601 3845 1746 3904 nostram
1763 3831 1877 3925 negle-

218 3949 220 3952 ’
252 3943 398 4028 gentiam
422 3943 646 4008 huiuscemodi
668 3943 844 4009 mortifer-is
868 3941 1061 4006 subiaceant
1084 3941 1250 4025 periculis.

361 4062 595 4149 Congessimus
630 4065 729 4130 etiam
763 4066 797 4129 in
831 4083 930 4150 opere
967 4068 1146 4127 conventus
1181 4061 1284 4126 nostri
1313 4064 1470 4127 nonnulla
1499 4063 1564 4127 alia
1594 4055 1772 4150 capitula⁵9
1802 4056 1880 4129 ad⁶⁰

203 4198 231 4236 ιι
252 4167 407 4232 laicorum
430 4168 574 4233 fidelium
598 4159 896 4234 observationem⁶⁰
919 4173 952 4231 et
976 4167 1113 4230 salutem
1137 4166 1344 4252 pertinentia,
1369 4187 1502 4252 quorum
1524 4165 1576 4230 hic
1597 4166 1639 4231 ob
1655 4167 1788 4232 nimiam
1804 4189 1878 4254 pro-

250 4269 413 4335 lixitatem
445 4271 643 4336 mentionem
673 4278 800 4337 tantum
830 4272 982 4337 iacimus:
1018 4270 1145 4334 scilicet
1175 4268 1260 4355 quod
1294 4290 1392 4334 nosse
1424 4291 1480 4334 eos
1512 4277 1662 4358 oporteat
1693 4273 1879 4356 coniugium

252 4397 273 4439 a
296 4373 368 4439 Deo
391 4396 465 4440 esse
489 4377 718 4458 constitutum,
752 4383 784 4442 ct
811 4375 896 4461 quod
924 4397 990 4439 non
1018 4376 1060 4438 sit
1083 4394 1184 4438 causa
1207 4374 1375 4454 luxuriae,
1407 4373 1464 4437 sed
1488 4395 1588 4439 causa
1611 4375 1718 4461 potius
1740 4376 1880 4440 liliorum

253 4478 489 4564 appetendum
523 4485 555 4542 et
584 4487 621 4544 ut
644 4479 829 4565 virginitas,
862 4481 947 4544 sicut
976 4478 1127 4543 doctores
1158 4477 1260 4542 nostri
1292 4477 1439 4556 tradunt,
1469 4498 1573 4563 usque
1605 4477 1647 4542 ad
1677 4480 1808 4564 nuptias
1838 4480 1881 4542 sit

252 4581 477 4664 custodienda,
508 4589 542 4648 et
570 4603 691 4648 uxores
715 4582 876 4647 habentes
904 4602 1010 4667 neque
1033 4580 1185 4666 pellicem
1209 4599 1315 4666 neque
1339 4581 1551 4645 concubinam
1575 4580 1697 4646 habere
1720 4582 1880 4657 debeant;

202 4715 233 4754 ω
252 4683 416 4769 quomodo
439 4685 472 4748 in
496 4686 648 4751 castitate
668 4707 789 4751 uxores
812 4707 888 4750 suas
906 4685 1044 4770 diligere
1062 4685 1176 4769 cisque
1192 4689 1306 4770 utpote
1325 4683 1439 4771 quasi‘¹
1455 4683 1708 4750 infirmioribusd
1724 4686 1879 4760 honorem

251 4786 398 4852 debitum
427 4787 571 4853 debeant
599 4791 794 4876 inpendere;
826 4795 859 4855 et
886 4788 972 4875 quod
998 4787 1188 4882 commixtio
1213 4787 1372 4851 carnalis⁶
1396 4809 1469 4852 oum
1493 4788 1650 4853 uxoribus
1679 4790 1786 4873 gratia
1809 4789 1881 4854 fieri

355 4975 383 5044 y)
406 4979 524 5031 inficiant
542 4978 565 5031 l.
657 4979 682 5043 a)
705 4997 752 5030 om.
768 4979 790 5030 l.
879 4977 906 5042 ιι)
929 4979 1063 5030 corruendi
1084 4977 1106 5028 l.
1193 4979 1222 5042 b)
1247 4971 1323 5030 usum
1343 4978 1365 5028 l.
1453 4975 1478 5040 c)
1497 4985 1595 5028 vestras
1614 4977 1636 5028 1.
1724 4976 1752 5042 d)
1771 4978 1827 5029 vasi
1845 4977 1882 5028 in-

250 5063 357 5114 firmiori
376 5063 452 5116 Corra.
471 5065 558 5118 Paria.
577 5067 594 5118 l.
608 5083 641 5126 c.,·
665 5067 714 5132 csr.
734 5066 756 5117 1.
770 5065 839 5118 Patr.
859 5062 885 5129 3,
895 5063 919 5118 7.
1007 5064 1033 5130 a)
1052 5065 1201 5116 carnalibus
1221 5064 1242 5116 1.

354 5233 399 5300 53)
419 5233 496 5287 Gonu.
515 5233 608 5288 Antis.
626 5249 648 5286 c.
661 5233 703 5300 23,
725 5232 820 5287 Manat
832 5232 873 5298 ΙΙ,
891 5233 936 5287 ool.
949 5233 1009 5287 527.
1114 5234 1159 5301 54)
1178 5233 1345 5289 discriminis
1365 5231 1444 5287 (bac.
1463 5231 1552 5287 Paris.
1570 5234 1587 5288 l.
1600 5249 1619 5288 c.
1725 5234 1771 5300 55)
1792 5231 1882 5287 Galat.

200 5355 230 5394 ss
250 5336 276 5402 b,
292 5335 403 5392 19-21.
473 5337 519 5404 56)
537 5335 614 5391 Ptca.
632 5337 711 5405 214.
816 5338 861 5404 ol)
881 5336 979 5391 Mosa.
999 5337 1040 5404 12,
1052 5337 1094 5393 36.
1199 5340 1244 5407 58)
1266 5340 1286 5390 l.
1304 5339 1362 5392 Cor.
1380 5337 1457 5405 s,10.
1561 5336 1606 5403 59)
1627 5335 1749 5404 Simsoa,
1767 5333 1883 5402 Lssdwry

250 5437 276 5492 d.
296 5437 345 5492 Fr.
363 5439 598 5508 Lp.383„bane
614 5439 723 5494 cosmed
739 5439 786 5494 boc
803 5455 870 5508 opus
888 5438 1051 5507 deperditum
1067 5447 1193 5508 capam
1210 5441 1287 5496 nebia
1303 5445 1437 5496 amotum
1454 5455 1507 5494 assa
1523 5439 1555 5492 ia
1573 5437 1661 5498 donae
1677 5437 1884 5492 Aurelianensis

250 5543 319 5596 labro
337 5541 369 5595 dc
385 5543 554 5598 incautione
570 5545 669 5614 laicali,
687 5545 734 5612 qai
752 5560 809 5598 noa
825 5543 910 5598 solum
928 5544 978 5612 lu'c,
997 5543 1041 5599 aad
1059 5544 1139 5598 atatam
1155 5545 1187 5598 ia
1204 5545 1288 5600 ultam
1306 5545 1350 5598 illo
1367 5543 1398 5597 dc
1416 5543 1584 5598 :macoma
1600 5543 1673 5612 rapio
1695 5547 1756 5596 aaa
1775 5539 1885 5594 mado

249 5645 413 5700 Pmsaieaaia
423 5648 563 5715 manin
579 5648 629 5714 cfr.
641 5647 703 5702 aas.
714 5665 743 5716 p.
753 5648 812 5703 382.
841 5647 929 5702 Aliter
939 5648 1079 5716 Amalune,
1099 5647 1188 5701 ‘Ionos
1199 5663 1251 5701 ιιοιι
1265 5646 1377 5701 &Moru
1391 5664 1420 5716 p.
1433 5648 1469 5701 45
1480 5661 1532 5714 aaa.
1561 5645 1613 5713 [K.
1611 5645 1629 5716 J
1699 5644 1744 5714 60)
1763 5646 1883 5697 vestram

249 5749 430 5819 fideliumque
448 5757 602 5806 vestrorum
621 5752 844 5807 observationem
861 5753 916 5807 rell.
937 5751 1015 5806 Oorro.
1036 5751 1128 5805 Paria.
1147 5753 1163 5806 l.
1183 5767 1204 5805 c.
