4560 6426
427 448 489 509 340
582 442 828 498 uxeluuuxulx
847 442 976 500 REGUM
996 441 1179 496 uulnerat}
1199 440 1460 496 OOClDllN'l'llLlS
1479 439 1628 511 (KAROLI
1641 440 1686 510 ll).
1706 470 1738 480 -
1758 441 1807 495 Nr.
1819 441 1879 495 276.

349 625 407 678 8⁴39.
428 625 462 681 st
484 618 711 702 antiquissima
742 618 945 681 demonstrat
976 614 1190 692 consuetudo,
1219 636 1257 680 ac
1280 637 1338 702 per
1365 615 1428 679 hoc
1452 615 1595 679 unanimi
1623 636 1787 680 consensu
1817 621 1850 678 et
1877 612 2045 700 synodalia

424 721 545 786 iudicia
576 742 731 786 exercere
764 729 810 798 et,
850 741 933 805 quae
966 741 985 784 a
1015 721 1138 785 sanctis
1172 719 1321 806 patribus
1349 719 1528 784 constituta
1563 727 1653 798 sunt,
1688 719 1807 783 debent
1839 717 2045 782 concorditer

427 825 590 890 custodire
614 824 676 890 hac
700 825 862 911 privilegii
886 824 1069 889 conditione
1093 833 1239 904 servata,
1268 831 1320 902 ut,
1348 825 1404 910 qui
1428 823 1517 909 prior
1546 821 1587 889 de
1610 823 1766 888 Remensi
1791 830 1824 889 ct
1847 823 2041 888 Treverensi

427 929 578 1016 episcopo
601 929 722 995 fucritx
746 927 925 1008 ordinatus,
949 929 1037 1016 prior
1060 929 1159 993 etiam
1182 927 1353 993 habeatur.

533 1050 570 1115 2.ἰ
604 1049 648 1114 Dt
674 1049 729 1115 lex
761 1050 915 1114 divinitus
942 1049 1101 1135 inspirata
1129 1048 1289 1134 praecipit
1319 1047 1448 1112 dicens:
1483 1038 1563 1111 ‘tii12
1595 1047 1784 1113 transierisy
1816 1067 1875 1132 per
1901 1067 2042 1112 messem
2074 1076 2087 1114 s

426 1155 520 1218 amici
547 1155 592 1218 tui
622 1155 779 1239 colligens
807 1155 930 1240 spicas,
961 1173 1059 1217 manu
1088 1152 1283 1218 confricabis
1315 1150 1356 1216 ad
1385 1151 1661 1232 manducandum,
1693 1151 1812 1215 falcem
1842 1158 1950 1215 autem
1979 1172 2043 1216 nou

426 1256 559 1337 mittas’,
584 1259 636 1322 vel
659 1259 754 1322 ‘falce
778 1279 842 1323 non
867 1255 991 1322 metas’
1038 1255 1157 1321 Messis
1175 1263 1226 1321 est
1242 1256 1392 1342 populus,
1415 1263 1451 1319 ut
1467 1255 1628 1319 Dominus
1644 1255 1851 1319 monstratio
1869 1256 2042 1339 evangelio

425 1361 552 1426 dicens:
576 1353 743 1426 *Μθεείε13
767 1361 894 1447 quidem
912 1368 980 1426 cst*
1003 1361 1114 1438 multa,
1139 1361 1277 1445 operarii
1301 1365 1410 1424 autem
1433 1360 1538 1445 pauci.
1584 1359 1713 1443 Rogata
1731 1357 1893 1422 dominum
1913 1359 2041 1438 messis,

427 1473 464 1530 ut
486 1467 595 1531 mittat
618 1465 786 1551 operarios
810 1466 840 1529 iu
865 1485 1006 1530 messem
1031 1463 1149 1541 suam’;
1173 1466 1250 1549 quia
1272 1485 1330 1528 vos
1354 1485 1412 1549 pro
1436 1463 1530 1528 nobis
1548 1464 1709 1549 episcopia
1726 1460 1854 1527 debetis
1879 1484 1984 1544 orare,
2007 1469 2044 1526 nt

425 1569 516 1633 vobis
547 1569 645 1654 digna
673 1568 834 1655 possimus
867 1569 967 1653 loqui.
1022 1568 1141 1633 Massia
1173 1575 1282 1631 autem
1315 1568 1410 1631 amici
1446 1574 1497 1632 est
1525 1567 1663 1653 populus
1691 1567 1724 1630 in
1752 1567 1918 1652 provincia
1947 1568 2043 1632 alteri
2064 1597 2090 1636 ro

425 1673 677 1759 metropolitano
701 1673 884 1736 commissa.
929 1672 1026 1736 Unde
1042 1692 1100 1736 vos
1124 1670 1294 1749 hortando,
1318 1671 1410 1754 quasi
1433 1691 1530 1735 manu
1554 1671 1663 1756 operis
1680 1669 1897 1750 confricanda,
1921 1669 1962 1734 ad
1979 1669 2041 1734 Dei

426 1778 626 1841 voluntatem
654 1781 688 1840 ct
715 1783 857 1841 vestram
890 1775 1028 1840 salutem
1062 1776 1095 1839 in
1130 1795 1247 1861 corpus
1280 1774 1413 1838 unitatis
1447 1775 1604 1838 ecclesiae
1640 1774 1786 1838 valemus
1820 1781 1854 1837 et
1886 1772 2043 1838 debemus

425 1881 574 1944 traicere.
619 1880 658 1944 In
682 1880 897 1965 parochianos
921 1885 1029 1944 autem
1047 1879 1285 1965 provinciarum
1302 1878 1375 1942 aliis
1391 1879 1648 1963 metropolitanis
1665 1879 1907 1942 commissarum
1926 1877 2043 1941 falcem

425 1983 532 2047 iudicii
556 2005 621 2048 non
644 1985 814 2065 mittimus,
839 1985 914 2068 quia
937 2006 998 2049 occ
1022 1991 1073 2048 est
1095 1983 1193 2060 unde,
1217 2003 1276 2047 nec
1300 1988 1446 2046 nostrum
1470 2003 1544 2045 erse
1570 1980 1821 2046 consideramus.

534 2105 573 2171 3!
605 2105 668 2169 Dat
690 2114 723 2170 et
747 2107 811 2170 alia
835 2126 945 2184 causa,
970 2105 1046 2190 quia
1069 2105 1120 2168 isti
1144 2103 1351 2167 venerabiles
1375 2102 1497 2167 domini
1527 2109 1560 2166 et
1582 2103 1764 2168 confratres
1788 2103 1886 2167 nostri
1911 2103 2089 2189 provio-15

425 2208 495 2271 ciac
519 2208 613 2272 istius
637 2209 783 2295 episcopi
808 2230 872 2273 non
894 2208 1056 2272 habentes
1072 2208 1359 2293 metropolitanum
1383 2207 1571 2292 episcopum
1594 2207 1807 2290 exiguitatem
1833 2213 1974 2271 nostram
1998 2208 2045 2271 sic

425 2313 457 2375 ia
480 2313 562 2387 suis,
593 2312 675 2377 sicut
699 2319 731 2376 ct
754 2313 787 2376 in
811 2312 1011 2398 specialibus
1034 2313 1152 2378 nostris
1177 2311 1300 2389 causis,
1328 2332 1387 2374 nos
1416 2310 1560 2375 fraterna
1593 2311 1730 2375 caritate
1759 2310 1873 2375 iubent
1902 2318 1934 2375 et
1957 2331 2045 2375 oom-

425 2423 560 2479 monent
581 2436 689 2500 agere.
736 2415 797 2480 Est
821 2417 875 2495 ita,
900 2416 1022 2480 domini
1046 2415 1185 2480 fratres?

532 2519 579 2582 Ε)
601 2519 895 2604 responderunt
917 2520 995 2604 ipsi
1018 2519 1211 2606 episcopi:
1239 2518 1291 2583 Ita
1315 2525 1376 2583 est.

532 2637 572 2705 4.ί
605 2639 742 2704 Praeter
764 2660 812 2718 ca,
837 2651 941 2726 quae*
965 2640 1102 2705 domnus
1132 2641 1306 2725 episcopus
1338 2647 1372 2704 et
1398 2639 1500 2703 frater
1522 2645 1633 2702 noster
1654 2637 1837 2704 adventius
1861 2640 1977 2704 vobisb
2001 2661 2043 2705 ex
2063 2665 2089 2705 ao

426 2763 485 2806 sua
509 2750 542 2806 ct
573 2748 756 2808 ceterorum
786 2764 916 2807 suorum
947 2765 984 2807 ac
1012 2750 1194 2808 nostrorum
1222 2744 1359 2808 fratrum
1390 2749 1423 2807 ct
1445 2743 1680 2808 venerabilium
1709 2745 1937 2830 episcoporum
1963 2767 2042 2810 voce

425 2846 519 2926 dixit,
542 2846 575 2910 iu
599 2846 659 2910 hoc
684 2849 782 2911 etiam
806 2846 1063 2912 animadvertere
1088 2849 1225 2934 potestis
1248 2847 1447 2911 voluntatem
1470 2845 1534 2911 Dei
1557 2867 1644 2927 csse,
1668 2853 1704 2911 ut
1726 2869 1883 2933 praesens
1907 2848 2043 2912 domnus

426 2959 459 3014 et
482 2971 542 3013 rex
564 2956 682 3027 noster,
708 2951 760 3035 qui
785 2951 815 3014 in
840 2958 932 3036 parte
953 2950 1055 3036 regni,
1080 2971 1175 3036 quam
1193 2950 1351 3014 hactenns
1374 2956 1465 3014 tenet
1489 2958 1521 3014 et
1538 2951 1641 3014 tenuit
1665 2958 1698 3014 et
1721 2951 1813 3015 nobis
1838 2953 2043 3016 aeccclesiis

425 3055 546 3118 nostris
574 3061 606 3118 et
635 3055 753 3140 populo
784 3055 844 3119 sibi
868 3055 1042 3120 commisso
1065 3055 1188 3120 utiliter
1210 3060 1341 3140 praeest
1365 3075 1402 3117 ac
1425 3053 1567 3139 praefuit
1594 3067 1626 3117 et
1657 3054 1831 3118 salubriter
1855 3055 1988 3141 prodest
2010 3062 2045 3120 et

425 3158 556 3243 profuit,
579 3157 653 3221 inde
676 3157 717 3222 ad
741 3157 826 3223 hunc
850 3159 955 3224 locum
979 3157 1118 3223 Domino
1142 3159 1282 3223 ducente
1307 3158 1502 3244 pervenerit,
1526 3179 1589 3242 quo
1614 3159 1712 3223 etiam
1730 3179 1787 3222 vos
1811 3160 1880 3222 cius
1904 3161 2040 3246 inspira·
2060 3185 2086 3224 aa

425 3263 512 3325 tione
537 3261 739 3326 confluxistis
767 3269 800 3326 et
822 3264 883 3349 ipsi
907 3285 965 3326 vos
989 3272 1105 3350 sponte
1130 3261 1396 3342 commendastis,
1421 3263 1512 3326 cuius
1537 3261 1691 3324 instinctu
1716 3261 1913 3327 animantia⁰
1936 3267 2044 3330 omnia

426 3365 458 3427 io
492 3386 600 3428 arcam
632 3365 725 3430 lloe‘¹
759 3366 995 3450 significantem
1027 3367 1185 3431 ecclcsiae
1215 3367 1372 3430 unitatem
1410 3366 1499 3430 nullo
1528 3372 1665 3451 cogente
1697 3375 1933 3446 convenerunt,
1969 3370 2046 3453 quia

424 3475 556 3533 sanctae
593 3470 769 3534 memoriae
807 3477 901 3556 pater
939 3490 1016 3534 suus
1055 3470 1194 3534 domnus
1230 3470 1441 3534 Hludowicus
1482 3471 1555 3556 pius
1597 3471 1774 3556 imperator
1808 3480 1966 3556 augustus
2001 3495 2043 3538 cx

423 3572 580 3656 progenis
603 3571 787 3636 Hludou'ici
812 3575 899 3658 regis
922 3573 1121 3640 Francorum
1146 3575 1273 3659 inclyti,
1303 3595 1361 3660 pcr
1387 3574 1475 3638 beati
1504 3573 1646 3658 Remigii
1673 3574 1871 3638 Francorum
1905 3578 2043 3662 apostoli

424 3676 617 3740 catholicam
646 3677 921 3762 praedicationem
957 3700 1030 3743 cum
1065 3679 1193 3763 integra
1224 3685 1322 3763 gente
1354 3679 1504 3742 conversi
1537 3683 1571 3741 et
1602 3698 1674 3742 cum
1709 3678 1812 3742 tribus
1846 3679 2041 3744 Francorum
2062 3702 2089 3742 ao

425 3781 565 3858 milibus,
590 3781 736 3866 exceptis
759 3783 903 3867 parvulis
928 3791 961 3846 ct
983 3782 1187 3861 mulieribus,
1212 3783 1461 3866 vigiliasancti⁰
1484 3781 1626 3868 paschae
1650 3782 1680 3846 io
1698 3782 1854 3847 Remensi
1870 3785 2043 3870 metropoli

424 3885 580 3970 baptizati
605 3893 638 3949 et
661 3885 796 3950 coelitus
820 3894 948 3972 sumpto
973 3878 1192 3966 chrismatefi,
1215 3885 1301 3950 uude
1325 3885 1431 3950 adhuc
1454 3884 1624 3966 habemus,
1648 3887 1796 3972 peruncti
1821 3889 1908 3950 etin
1933 3909 2043 3972 regem

424 3986 567 4068 sacratis,
592 3987 742 4053 exortus‘
762 4010 820 4074 per
843 3990 976 4055 beatum
993 3991 1197 4072 Aruulfumss,
1222 3991 1312 4054 cuius
1337 4011 1435 4054 corne
1459 3990 1546 4055 idem
1562 3989 1773 4056 Hludowicus
1795 3991 1868 4076 pius
1884 3997 2044 4074 augustus

423 4091 579 4174 originem
604 4091 698 4156 duxit
721 4094 845 4174 carnis,
875 4101 908 4158 et
939 4095 1147 4182 aStephano
1178 4115 1264 4182 papa
1286 4095 1434 4160 Romano
1463 4101 1539 4158 anto
1568 4100 1700 4158 sauctae
1729 4093 1791 4158 Dei
1819 4095 1987 4178 genitricis
2011 4100 2044 4158 et

423 4215 553 4280 semper
582 4197 715 4280 virginis
750 4195 874 4263 Mariae
907 4200 1010 4263 altare
1037 4198 1159 4264 Remih
1191 4199 1223 4262 in
1258 4199 1485 4284 imperatorem
1521 4205 1571 4262 est
1604 4191 1812 4262 coronatusll
1844 4205 1877 4263 et
1912 4198 2088 4263 demuma

422 4297 564 4360 factione
587 4299 800 4383 quorumdam
823 4308 954 4366 terreno
978 4302 1115 4388 imperio
1139 4292 1356 4366 destitutus¹⁶
1378 4302 1410 4364 io
1439 4301 1638 4387 praedictam
1664 4302 1754 4386 regni
1778 4309 1902 4387 partem
1927 4303 2042 4366 unani-

422 4402 535 4464 mitate
558 4403 783 4489 cpiscoporum
808 4411 841 4470 et
863 4405 969 4469 fidelis
993 4406 1106 4491 populi
1128 4412 1204 4470 ante
1229 4405 1434 4490 sepulchrum
1459 4407 1560 4470 sancti
1584 4405 1733 4490 Dionysii
1758 4406 1868 4470 eximii
1893 4407 2043 4492 martyris

422 4505 584 4567 ecclesiae
609 4513 742 4571 sanctae
767 4515 816 4572 cst
839 4501 1020 4572 redditusss
1052 4517 1085 4573 et
1112 4510 1144 4572 in
1175 4509 1235 4572 hac
1266 4509 1361 4572 domo
1386 4515 1461 4572 ante
1486 4510 1547 4573 hoc
1570 4508 1674 4574 altaro
1698 4510 1944 4595 protomartyris
1969 4509 2043 4573 Ste-

420 4607 529 4692 phaoi,
553 4609 645 4672 cuius
668 4630 785 4700 nomen
809 4613 1058 4698 interpretatum
1083 4619 1215 4678 resonat
1240 4620 1431 4692 coronatus,
1463 4635 1521 4700 per
1554 4613 1684 4678 Domini
1718 4613 1906 4679 sacerdotes
1936 4616 2042 4678 accla-

421 4713 564 4776 matione
581 4713 685 4778 iidclis
703 4717 824 4800 populi,
846 4715 931 4780 siout
947 4717 1095 4797 vidimus,
1112 4719 1165 4803 qui
1183 4717 1357 4796 adfuimus,
1374 4739 1491 4781 corona
1507 4719 1597 4802 regni
1615 4727 1666 4782 cst
1680 4719 1815 4804 imperio
1833 4709 2043 4784 restitutusffl.
2062 4744 2089 4782 aa

422 4815 464 4880 Et
486 4818 570 4900 quia,
594 4826 630 4881 ut
654 4820 684 4881 iu
710 4819 851 4884 historiis
876 4821 978 4884 sacris
994 4813 1183 4906 legimusl’,
1208 4842 1314 4904 reges,
1338 4820 1467 4905 quando
1484 4843 1583 4905 regna
1599 4821 1818 4896 obtinuerunt,
1843 4821 2042 4905 singulorum

422 4941 593 5004 regnorum
623 4921 683 4985 sibi
715 4922 900 4988 diademata
924 4927 1160 5011 imposuerunt,
1191 4945 1254 4988 non
1283 4925 1494 5008 incongruum
1525 4924 1652 4988 videtur
1680 4924 1766 4987 istis¹
1798 4924 2043 4989 venerabilibus

522 5123 548 5182 xl
567 5123 692 5189 episcopis
711 5125 759 5175 fuit
778 5123 799 5175 1.
815 5124 839 5177 3.
910 5125 937 5192 y)
956 5127 1085 5176 transieris
1102 5123 1127 5176 4.
1198 5125 1222 5190 a)
1241 5143 1290 5178 om.
1308 5124 1333 5177 l.
1403 5123 1427 5190 a)
1445 5125 1506 5191 qrria
1518 5123 1541 5176 4.
1612 5124 1641 5188 b)
1660 5125 1733 5176 nobis
1752 5123 1777 5177 l.
1849 5125 1874 5188 c)
1892 5124 2043 5178 animatass.

419 5208 445 5270 d)
459 5209 507 5258 lroc
519 5207 543 5260 1.
631 5209 656 5272 e)
675 5219 779 5262 sauctae
797 5211 821 5263 2.
911 5215 931 5272 f)
950 5220 1114 5264 mnsscratus
1131 5209 1155 5263 4.
1242 5214 1270 5278 g)
1288 5229 1304 5263 a
1322 5212 1384 5263 adal.
1403 5209 1427 5262 4.
1516 5213 1647 5268 hlasana
1668 5209 1730 5263 1.4.
1820 5212 1838 5274 ἰ)
1856 5229 1904 5263 om.
1923 5211 1947 5262 2.

524 5406 566 5470 12)
580 5403 687 5459 Dcutm.
700 5407 791 5472 2325.
872 5409 915 5473 13)
931 5407 1028 5462 Mottlr.
1042 5409 1066 5475 9,
1073 5407 1114 5462 31.
1127 5407 1168 5462 38.
1249 5409 1292 5475 14)
1313 5406 1369 5474 (lsr.
1382 5407 1498 5475 sasas,
1519 5406 1654 5461 Hiulcmor·
1672 5424 1693 5460 r.
1707 5405 1797 5461 Raima
1810 5423 1839 5476 p.
1853 5409 1912 5475 307,
1931 5413 1987 5463 aot.
2001 5408 2043 5462 48.
2061 5437 2086 5476 4,

423 5511 464 5572 15)
484 5508 518 5560 A.
530 5508 590 5572 ala,
608 5507 651 5561 dic
669 5511 693 5563 5.
711 5526 745 5562 m.
766 5508 881 5570 Octobr.,·
899 5511 949 5576 cfr.
970 5512 1084 5578 Siroson,
1103 5510 1218 5579 erdwip
1234 5510 1260 5564 d.
1279 5509 1329 5564 Fr,
1343 5510 1366 5574 1,
1380 5528 1409 5579 p.
1423 5512 1497 5578 llsq.
1593 5513 1635 5575 16)
1654 5513 1688 5564 A.
1701 5511 1766 5577 833,
1791 5510 1833 5564 dic
1850 5512 1893 5566 30.
1911 5529 1945 5566 m.
1965 5511 2044 5574 Iam,-

418 5613 466 5676 cfr.
485 5611 544 5664 aar.
558 5612 598 5679 ΙΙ,
614 5629 643 5680 p.
657 5614 749 5680 clepa.
850 5613 892 5680 17)
912 5614 946 5667 A.
959 5614 1019 5682 834,
1035 5616 1123 5683 panso
1139 5614 1181 5668 aa
1197 5631 1230 5670 m.
1253 5615 1354 5678 Μαι),Ι
1376 5616 1425 5681 cfr.
1444 5615 1505 5669 ibid.
1519 5616 1559 5684 11,
1575 5633 1605 5684 p.
1618 5617 1710 5683 fissaca.
1810 5615 1852 5682 18)
1872 5617 1906 5670 A.
1920 5617 1979 5682 835,
1999 5615 2044 5670 dic

418 5717 460 5772 28.
478 5734 512 5772 m.
532 5716 622 5781 Fciam·
640 5717 690 5784 cfr.
708 5717 770 5773 ibid.
784 5718 826 5784 II,
841 5735 871 5786 p.
888 5721 977 5786 rasa.
1068 5724 1109 5788 19)
1130 5721 1187 5787 Ofr.
1207 5737 1240 5775 aa
1257 5737 1295 5788 yr.
1319 5723 1340 5775 l.
1358 5721 1484 5775 Machala.
1506 5721 1597 5786 11,13.
