4568 6420
441 458 684 514 WALAVRIDUS
704 459 750 513 DE
770 461 944 516 uxouusss
968 461 1017 516 ΕΤ
1036 462 1287 517 INGREMENTIS
1307 463 1386 520 BER.
1406 438 1655 522 accusasse.
1798 470 1860 531 513

234 632 407 695 mirabilis‘
430 631 523 694 dicit:
549 625 773 697 ‘Decimaeffl
797 657 840 698 ex
867 635 977 700 debito
1002 638 1240 722 requiruntur.
1280 635 1386 709 Quidv
1409 638 1436 699 si
1460 637 1584 702 diceret
1607 635 1714 702 Deus:
1739 659 1858 725 nempe

235 756 327 799 meus
352 756 398 816 es,
422 756 440 799 0
464 736 577 800 homo!
617 736 693 802 Mea
717 745 767 802 est
789 744 885 818 terra,
910 741 1113 825 quamoolisz
1153 738 1228 803 Mea
1252 747 1327 803 sunt
1350 741 1485 816 semina,
1509 761 1592 824 quae
1610 743 1747 826 spargis.
1781 741 1858 807 Mea

234 839 397 916 animalia,
429 861 512 924 quae
543 840 673 924 fatigas.
718 841 812 906 Meus
836 849 885 906 est
909 844 1014 908 solisW
1038 845 1135 909 calor.
1181 842 1319 907 Etcum
1350 855 1444 908 mea¹
1469 847 1577 907 omnia
1600 845 1694 920 sinti,
1726 850 1771 920 tu,
1802 847 1856 930 qui

235 945 359 1006 minus¹
383 944 605 1021 accomodas·,
628 945 731 1008 solam
748 945 906 1010 decimam
924 947 1111 1012 merebaris.
1150 945 1214 1010 Sed
1230 967 1362 1011 reservo
1380 947 1438 1011 tibi
1454 946 1513 1023 IX,
1531 947 1572 1010 da
1590 946 1668 1010 mihi
1689 945 1858 1013 decimam.

198 1073 209 1111 s
237 1045 272 1110 Si
296 1067 359 1110 non
382 1046 511 1111 dederis
536 1047 634 1111 rnibib
657 1047 826 1129 decimam,
849 1049 995 1114 auferam
1012 1050 1072 1114 IX.
1107 1049 1162 1114 Si⁰
1184 1048 1315 1114 dederis
1338 1050 1417 1112 mihi
1441 1049 1612 1127 decimam,
1634 1050 1859 1135 multiplicabo

235 1148 392 1214 novem⁰.’
430 1149 511 1214 Cum
533 1152 643 1236 itaque
661 1150 812 1216 Iudaicus
835 1155 976 1238 populus
998 1159 1211 1239 praeceptum
1228 1151 1426 1216 decimarum
1450 1159 1542 1215 tanta
1561 1151 1731 1236 diligentia
1748 1155 1858 1219 obser-

235 1259 337 1333 varet,
360 1260 396 1317 ut
420 1253 459 1320 de
483 1255 623 1318 minimis
647 1256 853 1341 quibusquetl
877 1256 1065 1336 holusculis,
1095 1265 1169 1320 ruta
1194 1255 1354 1335 videlicet,
1378 1263 1489 1320 menta
1514 1263 1546 1320 et
1570 1258 1707 1341 cymino,
1731 1265 1767 1322 ut
1789 1257 1859 1342 ipse

235 1357 395 1422 Dominus
421 1349 604 1438 testatur73,
636 1358 780 1424 decimas
805 1360 907 1440 daret,
939 1382 995 1424 cur
1017 1382 1081 1424 non
1110 1360 1224 1424 maiori
1248 1360 1355 1423 studio
1384 1359 1476 1446 plebs
1500 1362 1691 1446 evangelica
1721 1361 1859 1425 eandem

234 1462 367 1548 impleat
389 1463 581 1542 iussionem,
615 1465 666 1527 cui
692 1471 724 1528 et
749 1465 852 1528 maior
880 1470 930 1528 est
952 1483 1105 1528 numerus
1129 1463 1333 1528 sacerdotum
1364 1471 1397 1527 et
1425 1463 1582 1528 sincerior
1611 1465 1716 1528 cultus
1747 1486 1857 1529 sacra-

131 1649 133 1657 .
184 1589 208 1627 ro
233 1571 438 1630 mentorum?
471 1565 550 1630 ldeo
565 1586 643 1651 ergo
660 1567 789 1632 dandae
815 1573 917 1646 sunu,
941 1574 977 1631 ut
1000 1569 1062 1632 hac
1079 1567 1252 1632 devotione
1268 1565 1361 1630 Deus
1384 1567 1534 1651 placatus
1559 1567 1680 1652 largius
1702 1575 1858 1653 praestet,

233 1689 316 1752 quae
339 1669 524 1733 necessaria
556 1677 640 1749 sunt,
670 1671 753 1734 siout
777 1672 926 1757 superius
951 1671 1165 1750 ostendimus,
1198 1679 1231 1735 et
1254 1678 1290 1734 ut
1313 1670 1499 1734 sacerdotes
1523 1677 1556 1734 et
1589 1672 1729 1736 ministri
1753 1673 1858 1738 eccle·

233 1773 300 1836 siae
324 1794 401 1837 cura
426 1781 458 1837 et
486 1772 701 1838 sollicitudine
735 1775 969 1840 necessitatum
999 1776 1227 1860 corporalium,
1260 1775 1378 1859 quibus
1402 1774 1471 1838 sine
1501 1773 1599 1838 haecf
1627 1776 1694 1838 vita
1724 1777 1859 1859 transigi

232 1897 295 1940 non
325 1883 447 1961 potest,
482 1878 640 1941 relevatis
673 1877 845 1942 liberiores
881 1879 961 1943 fiant
992 1880 1032 1944 ad
1069 1879 1311 1944 meditationem
1342 1878 1470 1942 divinae
1504 1878 1587 1963 legis
1623 1885 1656 1942 et
1691 1879 1858 1944 doctrinae

233 1980 582 2045 amministrationemh
617 1987 714 2066 atque
746 1983 902 2066 spiritalis
937 1985 1060 2048 servitii
1088 1984 1302 2047 voluntariam
1334 1982 1571 2064 expletionem,
1604 1989 1638 2046 et
1672 1989 1708 2046 ut
1741 2003 1858 2046 munus

182 2103 206 2142 ιι
233 2084 342 2169 populi
371 2085 403 2148 in
426 2085 592 2149 cotidiana
621 2084 786 2149 oblatione
809 2086 951 2150 Domino
975 2087 1176 2151 immoleturi
1203 2105 1331 2150 necnon
1354 2085 1532 2149 secundnm
1556 2090 1680 2150 statuta
1703 2085 1859 2150 canonica

233 2188 266 2250 in
304 2190 576 2253 sustentationem
618 2210 798 2275 pauperum
838 2199 870 2254 et
906 2191 1181 2254 restaurationem
1219 2188 1432 2254 ecclesiarum
1465 2188 1638 2274 proficisci.
1696 2188 1860 2261 Quattuor

232 2291 320 2356 enim
341 2298 451 2376 partes
478 2292 569 2356 iuxta
592 2286 777 2360 canonesld
799 2294 871 2358 fieri
900 2293 963 2358 de¹t
993 2294 1136 2358 fidelium
1168 2292 1386 2357 oblationibus
1411 2292 1546 2374 debent,
1575 2298 1612 2356 ut
1635 2314 1699 2356 una
1722 2294 1765 2356 sit
1788 2295 1857 2379 epi·

232 2394 337 2479 scopi,
361 2394 465 2459 altera
490 2396 698 2477 clericorum,
722 2399 820 2462 tertia
842 2418 1032 2483 pauperum,
1056 2404 1171 2482 quarta
1193 2396 1424 2461 restaurationi
1449 2396 1660 2460 ecclesiarum
1684 2396 1856 2462 servetur¹.

342 2500 419 2587 29¹⁰.
464 2493 687 2580 Laetaniasli‘,
711 2501 743 2564 id
768 2507 818 2565 est
842 2502 1028 2584 rogationes
1052 2499 1215 2586 publicas,
1248 2520 1328 2584 quas
1359 2499 1498 2586 maiores
1521 2519 1690 2578 vocamus,
1718 2499 1856 2564 Romani

180 2619 206 2657 ιο
232 2622 297 2665 una
320 2601 372 2665 die
396 2601 616 2684 denominata,
649 2605 680 2668 id
705 2612 756 2669 est
771 2604 847 2669 VH.
872 2603 945 2668 Kal.
970 2604 1059 2682 Maii,
1084 2604 1273 2668 annuatimn
1296 2603 1406 2667 facere
1431 2602 1546 2682 solent,
1571 2624 1651 2688 quas
1676 2602 1856 2688 Gregorius

233 2695 319 2792 papa
347 2705 438 2769 initio
468 2706 681 2772 ordinationis
715 2730 793 2773 suae
817 2708 971 2787 instituit,
1002 2708 1078 2771 dum
1107 2714 1180 2792 post
1210 2727 1367 2791 aquarum
1396 2705 1642 2771 inundationem
1671 2707 1857 2771 insolitam⁰

233 2810 416 2894 inguinaria
439 2810 529 2874 luesp
553 2812 656 2896 primo
674 2812 808 2896 Pelagio
831 2833 918 2897 papa
941 2813 1086 2875 extiucto
1111 2812 1267 2896 populum
1291 2815 1436 2873 vastaret
1457 2807 1656 2884 Romanum;
1680 2811 1756 2894 qui‘¹
1780 2817 1857 2874 tunc

233 2934 271 2978 eo
294 2913 390 2977 modo
413 2920 582 2998 septenam
607 2914 766 2978 ordinavit
789 2916 974 2992 laetaniam,
999 2915 1082 2978 sicut
1105 2914 1244 2978 Paulns¹
1266 2913 1299 2977 in
1317 2913 1428 2977 Gestis
1452 2913 1743 2998 Langobardorum
1767 2934 1854 2978 com-

232 3021 403 3096 memorat,
435 3021 471 3079 ut
498 3023 704 3100 precaturos⁸
738 3016 914 3108 Dominum
945 3018 978 3080 in
1010 3023 1136 3102 septem
1173 3022 1297 3080 turmas
1330 3015 1555 3094 distribueret,
1594 3019 1674 3102 quo‘
1702 3017 1857 3102 pietatem
1894 3093 1895 3096 Ἴ

180 3134 205 3174 ²⁵
232 3117 363 3184 Domini
388 3119 600 3205 multiplicius
626 3109 850 3207 implorarent:
881 3113 965 3186 ‘Iul6
994 3123 1096 3206 primo
1120 3120 1218 3184 choro
1251 3120 1312 3184 luit
1336 3121 1459 3201 clerus,
1490 3120 1690 3185 insecundo
1720 3131 1858 3185 omnes¹¹

232 3224 368 3289 abbates
393 3244 466 3288 cum
489 3224 656 3288 monachis
682 3226 759 3305 suis,
788 3226 821 3288 in
845 3225 963 3289 tertiou
987 3246 1100 3289 omnes
1125 3223 1310 3288 abbatissae
1342 3245 1414 3288 curn
1439 3224 1749 3308 congregationibus
1777 3224 1855 3304 sais,

230 3328 263 3392 in
286 3336 399 3414 quarto
424 3349 536 3393 omnes
559 3329 670 3413 pueri,
702 3329 735 3392 in
759 3329 871 3414 quinto
901 3349 1011 3392 omnes
1035 3329 1126 3408 laici,
1156 3330 1188 3392 in
1221 3333 1315 3392 sexto
1339 3338 1474 3392 omnes*
1497 3327 1630 3408 viduae,
1660 3327 1692 3390 in
1717 3329 1857 3413 septimo

231 3456 343 3499 omnes
367 3433 518 3497 mulieres
542 3431 758 3516 coniugatae.'
797 3432 1009 3496 Triduanaew
1032 3441 1142 3497 autem
1158 3433 1332 3511 laetaniae,
1356 3453 1440 3516 quae
1464 3432 1619 3516 proximis
1644 3431 1758 3495 diebus
1780 3437 1856 3494 ante

233 3539 458 3602 ascensionem
473 3535 605 3600 Domini
629 3556 735 3599 annue
760 3556 818 3621 per
834 3557 945 3601 omnes
964 3536 1144 3600 Galliarum
1167 3537 1221 3600 vel
1238 3535 1434 3600 Germaniae
1458 3534 1614 3598 ecclesias
1638 3534 1856 3614 celebrantur,

180 3651 205 3692 ³⁰
232 3643 264 3706 in
289 3641 406 3706 Galliis
430 3646 505 3705 sunt
529 3640 736 3703 constitutae.
787 3629 1060 3725 Temporibns¹77
1092 3637 1271 3724 siquidcmr
1302 3637 1499 3702 Ohlodovei¹
1528 3639 1615 3723 regis
1647 3638 1855 3717 Francorum,

232 3747 285 3832 qui
310 3767 381 3810 curn
405 3751 503 3830 gente
535 3763 594 3806 sua
617 3741 965 3834 primusohristiauus
991 3743 1128 3806 effectus
1153 3748 1216 3819 est,
1248 3741 1323 3805 dum
1348 3742 1463 3805 civitas
1479 3740 1716 3806 Viennensium
1741 3741 1854 3805 crebro

232 3857 443 3914 terraemotu
460 3847 675 3913 subrueretur
698 3853 748 3910 et²
766 3845 943 3910 bestiarum
959 3845 1181 3909 desolaretur
1197 3845 1341 3925 incursu,
1358 3852 1491 3910 sanctus
1509 3843 1688 3909 Mamertus
1707 3843 1855 3909 eiusdem

232 3954 374 4017 civitatis
398 3952 570 4038 episcopus
595 3969 651 4014 eas
674 3950 794 4033 legitur
816 3969 875 4035 pro
899 3949 1002 4027 malis,
1027 3968 1110 4033 quae
1134 3949 1374 4034 praemisimus,
1399 3948 1579 4026 ordinasse,
1605 3967 1685 4032 quas
1703 3946 1854 4010 Aurelia·

231 4058 342 4122 nensis
359 4045 536 4142 synodus78
560 4060 592 4118 et
609 4074 648 4118 eo
665 4059 811 4138 tempore
827 4052 915 4116 fieri⁰
938 4053 1029 4116 iubet
1045 4059 1077 4116 et
1094 4052 1134 4116 ab
1152 4072 1252 4138 opere
1270 4052 1391 4132 servili,
1415 4058 1451 4115 ut
1467 4051 1595 4136 plenius
1613 4049 1855 4126 celebrenturd,

179 4176 202 4216 ³⁵
232 4182 343 4224 ornnes
368 4180 496 4224 vacare.
541 4157 680 4242 Hispani
704 4164 811 4220 autern
842 4163 975 4243 propter
999 4158 1071 4235 hoo,
1101 4157 1186 4241 quod
1212 4158 1368 4241 scripturn
1394 4165 1459 4220 est:
1489 4147 1609 4220 ‘Nonll
1638 4163 1774 4240 possunt
1798 4155 1856 4218 lilii

332 4333 352 4398 t)
369 4333 405 4382 ita
423 4331 485 4381 add.
503 4348 571 4381 man.
592 4332 636 4382 alt.
655 4329 679 4382 5.
759 4329 788 4393 u)
807 4330 921 4381 decimas
1001 4332 1169 4395 requiruntur
1188 4328 1270 4381 οιιι.7.
1353 4330 1379 4394 ι’)
1397 4329 1466 4395 quod
1484 4327 1514 4392 23
1532 4331 1605 4395 quasi
1624 4327 1649 4380 6.
1733 4327 1768 4392 ιι)
1787 4329 1856 4379 calor

229 4420 290 4470 solis
307 4418 332 4470 3.
351 4415 375 4470 4.
451 4415 479 4483 x)
499 4419 585 4468 omnia
603 4433 660 4468 mea
677 4415 706 4480 3;
725 4433 783 4468 moa
801 4417 853 4467 sint
870 4417 956 4468 omnia
973 4413 998 4466 2.
1079 4417 1107 4482 y)
1127 4427 1188 4467 snut
1207 4414 1287 4478 4-73
1306 4417 1349 4468 ssd
1369 4417 1430 4466 add.
1451 4415 1475 4467 2.
1556 4415 1581 4478 a)
1599 4417 1636 4466 ita
1654 4415 1743 4473 codd..·
1761 4431 1855 4464 manus

230 4505 365 4571 Aegialia.
436 4504 462 4570 a)
481 4505 603 4570 adimples
623 4503 646 4555 l.
718 4503 745 4567 b)
765 4505 887 4574 decimam
906 4505 968 4555 mihi
980 4503 1006 4568 3,
1024 4503 1165 4571 Kau'psler.
1235 4505 1259 4567 o)
1278 4506 1467 4555 Si...novem
1486 4521 1535 4554 om.
1548 4503 1573 4555 4.
1586 4502 1610 4567 a,
1629 4503 1712 4567 cruppl.
1726 4519 1795 4553 moa.
1809 4502 1854 4552 alt.

228 4593 256 4642 ia
273 4609 355 4657 marg.
375 4589 399 4641 4.
469 4591 496 4656 d)
515 4592 721 4656 quibuscumque
739 4589 763 4641 5.
834 4591 859 4654 e)
879 4592 990 4642 decimas
1009 4591 1071 4641 add.
1086 4589 1110 4642 3.
1182 4591 1208 4655 f)
1227 4593 1277 4641 hac
1294 4589 1319 4641 4.
1338 4589 1361 4640 5.
1432 4589 1460 4656 g)
1480 4606 1546 4640 corr.
1566 4606 1635 4640 naara.
1655 4589 1699 4639 alt.
1719 4605 1807 4640 revera
1826 4587 1855 4650 ὃς

177 4684 203 4722 40
229 4679 338 4729 relevari
357 4676 381 4728 4.
473 4675 501 4740 h)
520 4693 533 4726 e
550 4686 654 4728 correct.
673 4676 701 4739 4;
721 4693 751 4728 nc
769 4677 981 4728 ministrationem
1000 4675 1024 4727 b.
1114 4677 1133 4740 i)
1152 4677 1314 4728 immolentur
1396 4677 1531 4742 pmfioiant
1548 4676 1571 4726 5.
1670 4677 1698 4738 k)
1718 4691 1767 4725 om.
1786 4673 1811 4725 4.
1829 4675 1854 4738 ὁ,

229 4765 291 4816 add.
314 4781 384 4814 man.
407 4763 452 4812 ult
471 4761 495 4813 4.
601 4763 620 4823 l)
647 4780 694 4813 om.
715 4759 738 4813 7.
846 4761 882 4828 ιιι)
902 4763 1022 4813 XXVIII.
1041 4761 1118 4827 3-5,
1141 4781 1209 4815 corr.
1229 4765 1362 4814 XXVIIII.
1381 4761 1409 4826 43
1437 4763 1545 4813 XXXII.
1565 4761 1595 4822 t;
1619 4763 1689 4813 XXI.
1709 4758 1737 4824 73
1764 4777 1811 4812 ont.
1829 4759 1854 4812 8.

227 4852 255 4913 ιι)
275 4850 457 4901 annuationem
475 4847 498 4899 2.
596 4845 622 4910 ο)
639 4848 744 4898 insolita
762 4846 784 4899 3.
881 4848 910 4913 p)
929 4849 1020 4898 alueus
1038 4847 1062 4900 5.
1156 4849 1183 4915 q)
1203 4850 1264 4914 qnia
1282 4847 1306 4900 3.
1401 4845 1424 4914 r)
1442 4849 1521 4913 paulo
1540 4855 1598 4914 post
1616 4847 1639 4898 b.
1738 4845 1760 4909 s)
1781 4861 1853 4912 pras·

227 4937 357 4988 dicaturoa
375 4936 399 4988 5.
503 4931 525 5000 t)
543 4935 588 4999 qni
605 4933 630 4985 5.
736 4935 763 4997 u)
787 4934 895 4985 abbates
918 4951 1005 4985 ornnes
1029 4931 1058 4998 33
1083 4951 1171 4986 omnes
1190 4974 1196 4985 .
1214 4973 1220 4985 .
1239 4973 1245 4985 .
1264 4936 1338 4986 tertio
1361 4952 1410 4985 oar.
1429 4933 1453 4984 4.
1473 4933 1497 4997 5,
1522 4949 1648 4998 super-scr.
1672 4949 1742 4982 man.
1762 4932 1807 4982 alt.
1826 4929 1851 4982 4.

227 5023 255 5086 r)
274 5029 361 5074 autem
378 5019 402 5073 8.
499 5017 532 5080 ιι)
551 5021 634 5070 XXII.
651 5019 781 5085 praemitt.
802 5017 825 5071 7.
930 5021 958 5084 ιι)
978 5027 1091 5087 ternpore
1109 5019 1134 5072 4.
1234 5018 1262 5087 y)
1281 5039 1330 5072 om.
1349 5019 1374 5072 4.
1392 5021 1417 5073 5.
1523 5017 1547 5084 z)
1566 5036 1579 5069 c
1598 5019 1719 5070 Clodovsi
1738 5035 1804 5067 corr.
1823 5016 1854 5076 43

175 5113 200 5152 ⁴⁵
226 5109 369 5160 Holodovei
386 5106 415 5169 5;
439 5107 563 5159 Glodovei
581 5105 606 5158 6.
625 5104 649 5156 8.
755 5106 782 5171 a)
805 5115 830 5158 et
853 5108 954 5158 bostiar.
973 5108 1082 5159 desolar.
1101 5125 1149 5159 om.
1168 5107 1192 5160 b.
1299 5107 1326 5172 b)
1343 5107 1472 5160 desolaret
1489 5106 1514 5158 2.
1619 5103 1645 5172 c)
1664 5105 1735 5156 iubet
1751 5105 1806 5156 tleri
1825 5102 1850 5154 3.

228 5197 254 5262 d)
274 5197 437 5248 celebrantur
455 5191 479 5245 2.

330 5316 373 5382 ⁹12)
395 5313 451 5379 Gsr.
466 5311 542 5366 Ooac.
561 5310 629 5364 uria
643 5312 702 5378 895,
721 5327 741 5366 c.
754 5313 794 5380 13,
813 5327 897 5380 supra
911 5329 941 5380 p.
955 5313 1015 5378 220,
1037 5317 1090 5365 not.
1103 5313 1145 5366 88.
1223 5312 1266 5378 73)
1286 5312 1383 5366 Maru.
1402 5311 1444 5374 23,
1462 5311 1504 5364 23.
1583 5309 1627 5376 74)
1646 5307 1740 5376 aspra
1755 5307 1854 5374 μῖἳθ,

226 5419 336 5474 malit.
418 5417 462 5484 75)
483 5415 538 5482 Osr.
549 5415 716 5484 Anaolan'us,
736 5415 885 5481 Dcofficits
897 5415 1036 5470 ecclesiast.
1050 5415 1125 5482 tul,
1144 5431 1165 5469 c.
1177 5415 1217 5482 73,
1237 5416 1283 5470 tc.
1298 5433 1328 5484 p.
1340 5417 1398 5469 151.
1480 5415 1524 5478 76)
1537 5412 1623 5466 Pauli
1642 5410 1715 5466 Hiar.
1735 5411 1854 5480 Longob.

226 5523 269 5577 lib.
284 5523 341 5589 111,
363 5538 383 5575 c.
401 5521 444 5588 24,
470 5519 517 5574 SS.
536 5536 586 5574 rer.
605 5519 849 5588 Largob.p.105,·
871 5519 921 5584 cfr.
936 5519 999 5573 Vita
1021 5518 1143 5588 Greporti
1162 5519 1185 5573 I.
1209 5526 1314 5573 auctore
1333 5519 1452 5573 Iobaaac
1469 5517 1585 5572 diacono
1604 5516 1684 5584 lul,
1709 5531 1730 5569 c.
1742 5515 1853 5580 41—43,

175 5641 200 5680 eo
226 5625 319 5697 Opera
340 5625 461 5694 Grooora
477 5623 530 5691 IV,
549 5625 595 5680 col.
608 5627 699 5692 aosqq.
781 5623 824 5690 77)
845 5622 900 5690 Csr.
918 5622 1037 5690 &aaut
1057 5622 1158 5675 Tmou.
1173 5621 1246 5676 Hic.
1260 5624 1392 5677 maaca.
1411 5621 1506 5688 lablI,
1526 5621 1598 5688 c34,
1618 5618 1664 5673 SS.
1679 5635 1731 5672 rer.
1748 5617 1853 5672 Mcrow.

227 5732 250 5801 I,
265 5747 294 5799 p.
308 5732 340 5785 97
350 5747 386 5799 sq.
475 5730 519 5796 78)
541 5729 619 5784 Ccac.
634 5727 805 5782 Aureliam!
817 5729 855 5794 (a.
868 5729 940 5796 511),
957 5743 977 5782 c.
988 5729 1031 5795 27,
1050 5727 1110 5781 ul..
1127 5727 1202 5781 Cone.
1216 5727 1239 5794 I,
1254 5743 1283 5793 p.
1294 5727 1319 5780 8.
1408 5726 1450 5792 79)
1470 5725 1572 5779 Mauo.
1591 5725 1615 5792 9,
1637 5725 1676 5776 15.

1594 5828 1644 5882 35.
