4568 6420
375 417 643 472 ADDrTauENTn
663 419 712 472 AD
731 419 845 473 CAPIT.
867 419 946 472 ΒΕΘ.
967 421 1150 475 FRANCIAE
1169 421 1358 478 OCCIDEN'I'.
1377 423 1525 492 (KAltOLl
1540 425 1584 494 ll).
1599 454 1630 462 -
1646 425 1694 478 Nr.
1707 423 1765 478 301.
1818 431 1879 489 455

256 592 306 655 Sit
329 593 478 655 amabilis
502 598 536 655 ut
560 593 683 657 Rachel
708 594 787 672 viro,
812 595 944 680 sapiens
968 603 1004 659 ut
1027 596 1190 676 Rebecca,
1214 597 1375 681 longaeva
1397 603 1430 662 et
1453 597 1559 661 fidelis
1583 605 1619 661 ut
1643 598 1750 661 Sarra.
1789 597 1879 661 Nihil
1906 606 1964 659 866.

254 696 285 757 in
310 717 350 759 ca
374 716 415 758 ex
439 696 566 758 actibus
587 697 655 759 suis
672 703 784 760 auctor
799 699 1086 782 praevaricationis
1103 706 1258 784 usurpet:
1294 699 1389 764 Narra
1405 700 1481 764 fidei
1495 699 1658 764 mandatis
1676 707 1878 785 permaneat,

254 798 308 862 uni
335 798 427 861 thoro
450 799 560 862 iuncta
583 805 752 864 contactus
775 801 917 865 inlicitos
942 802 1055 888 fugiat.
1108 803 1236 867 Muniat
1264 805 1486 868 infirmitatem
1516 825 1608 882 suam
1637 805 1752 869 robore
1781 804 1877 868 disei-

254 901 373 987 plinae.
421 901 471 965 Sit
494 902 691 966 verecundia
714 905 834 988 gravis,
857 904 980 990 pudore
1005 906 1219 984 venerabilis,
1243 906 1401 970 doctrinis
1425 907 1622 972 caelestibus
1646 906 1784 971 erudita.
1832 907 1881 970 Sit

224 1005 416 1069 sfoeeunda
439 1006 472 1068 in
496 1005 554 1070 tibi
579 1007 700 1091 placita
724 1008 848 1086 sobole,
873 1010 915 1072 sit
937 1009 1073 1093 probata
1102 1017 1135 1074 et
1159 1011 1325 1076 innocens.
1378 1011 1542 1096 Percipiat
1564 1031 1622 1095 por
1645 1011 1729 1074 hanc
1754 1032 1878 1074 sacram

254 1107 498 1172 misericordiae
523 1115 556 1172 et
579 1110 723 1173 lactitiae
748 1117 781 1174 et
804 1112 1012 1176 exultationis
1041 1114 1105 1178 olei
1137 1115 1324 1178 unctionem
1354 1115 1528 1178 sanitatem
1551 1115 1686 1195 montis,
1709 1113 1878 1178 incolumi·

254 1220 356 1277 tatem
381 1213 536 1298 corperis,
560 1214 696 1277 tutelam
721 1215 848 1294 salutis,
874 1217 1082 1280 securitatem
1106 1219 1185 1301 spci,
1210 1219 1511 1282 corroborationem
1533 1217 1618 1294 fidei,
1643 1217 1880 1302 plenitudinem

255 1317 412 1381 caritatis.
459 1315 588 1379 Corona
611 1337 699 1394 eam,
723 1316 878 1396 Domine,
909 1339 1029 1382 corona
1052 1319 1213 1397 iustitiae,
1243 1342 1364 1404 corona
1388 1342 1461 1385 earn
1484 1312 1678 1384 fructibus¹8
1702 1321 1824 1385 sanctis
1849 1327 1883 1383 et

256 1420 408 1506 operibus
436 1418 627 1483 benedictis.
684 1418 734 1482 Sit
761 1420 886 1484 meritis
917 1427 951 1484 ct
983 1423 1110 1486 nomine
1147 1431 1244 1508 atque
1273 1425 1394 1488 virtute
1427 1425 1541 1508 regina
1569 1422 1731 1488 adsistens
1760 1424 1793 1486 in
1823 1423 1882 1486 hoe

216 1541 240 1580 ιο
259 1526 370 1587 seculo
393 1522 456 1588 fide
481 1530 571 1586 recta
595 1531 628 1586 et
651 1523 804 1608 operibus
829 1522 921 1586 bonis
950 1531 983 1587 et
1010 1525 1042 1586 in
1072 1525 1180 1588 tuturo
1204 1525 1326 1590 bonore
1351 1533 1385 1592 et
1407 1528 1510 1611 gloria
1534 1533 1689 1591 coronata
1713 1548 1733 1589 a
1755 1526 1881 1590 dextris

256 1628 355 1711 regis,
378 1627 412 1689 in
436 1627 555 1691 vestitu
578 1626 737 1690 bonorum
760 1647 906 1711 opernm,
931 1628 1130 1692 circumdata
1155 1629 1308 1707 uirtutum
1325 1631 1493 1695 varietate.
1540 1623 1643 1695 saell
1667 1631 1756 1694 illam
1780 1629 1880 1693 talem

256 1730 402 1794 sobolem
429 1751 603 1814 generare,
639 1751 722 1813 quae
756 1727 796 1792 ad
825 1728 968 1814 paradisi
997 1731 1043 1793 tui
1072 1733 1235 1816 pertineat
1262 1733 1486 1798 hereditatem.
1540 1734 1691 1812 Praesta,
1728 1733 1882 1812 Domine,

257 1834 330 1898 huie
355 1835 498 1899 famulae
522 1840 597 1898 tuae
622 1840 746 1896 tantum
771 1832 914 1895 caritatis
938 1833 1092 1896 affectum
1117 1841 1150 1898 et
1167 1836 1410 1900 misericordiae
1429 1837 1571 1900 studium
1596 1844 1693 1922 atquc
1718 1836 1883 1920 religionis

258 1943 487 2021 augmentum,
515 1945 551 2001 ut
574 1944 663 2000 tuum
686 1936 806 2019 iugiter
836 1943 1063 2021 promereatur
1086 1938 1255 2001 auxilium.
1301 1938 1419 2002 Callidi
1445 1940 1605 2026 serpentis
1630 1941 1670 2004 ab
1694 1961 1733 2004 ea
1756 1961 1885 2004 venena

214 2060 239 2098 1⁵
258 2042 393 2126 repelle,
418 2049 452 2106 et
474 2033 611 2105 loricaffl
635 2040 711 2104 fidei
735 2039 879 2103 indutam
905 2046 996 2103 scuto
1013 2040 1128 2104 salutis
1152 2062 1224 2104 eam
1240 2041 1390 2121 defende,
1414 2050 1506 2108 actus
1531 2045 1601 2108 eius
1625 2045 1760 2128 corrige,
1785 2045 1883 2107 vitam

257 2145 405 2225 emenda,
429 2167 535 2209 mores
560 2166 717 2229 compone
742 2150 774 2208 et
798 2165 870 2208 carn
892 2144 924 2207 in
948 2151 1118 2208 senectute
1143 2144 1227 2212 bona
1255 2146 1296 2210 ad
1326 2146 1483 2210 coelestia
1514 2169 1616 2231 regna
1640 2147 1784 2230 digneris
1808 2168 1883 2231 pcr-

258 2249 388 2315 dueere.
435 2248 500 2312 Per
524 2248 664 2312 eundem
686 2247 865 2312 Dominum
889 2255 1041 2311 nostrum.

367 2352 511 2444 Coronat
542 2359 573 2416 te
603 2352 762 2416 Dominus
793 2351 897 2438 gloria
933 2358 967 2416 et
995 2352 1117 2416 honore
1150 2359 1183 2416 ct
1214 2352 1415 2437 sempiterna
1445 2352 1658 2438 protectione.
1714 2350 1777 2424 Qui
1809 2352 1887 2416 vivit

259 2465 293 2523 et
314 2465 440 2542 regnat.

213 2578 239 2617 20
366 2561 457 2626 Deus
482 2561 699 2647 omnipotens,
724 2561 777 2646 qui
800 2560 969 2625 benedixit
986 2559 1090 2624 Adam
1115 2567 1148 2625 et
1170 2559 1272 2624 Evam
1295 2561 1424 2626 dicens:
1455 2551 1652 2626 ‘Crescite20
1675 2565 1708 2624 et
1731 2560 1885 2645 multipli-

261 2665 398 2745 camini',
423 2673 456 2730 et
479 2664 734 2751 patriarcharum
750 2665 919 2728 benedixit
936 2665 1089 2749 coniugia
1105 2665 1224 2750 quique
1250 2687 1323 2728 cum
1341 2665 1447 2728 Tobia
1464 2665 1551 2728 misit
1567 2663 1887 2748 Raphaelangelum
1998 2659 2001 2668 '

259 2795 369 2852 suum,
393 2772 484 2836 cuius
517 2770 697 2834 ministerio
720 2769 924 2833 daemonium
958 2769 1115 2853 effugarit
1146 2791 1164 2832 a
1192 2769 1290 2832 Sarra
1322 2789 1424 2832 uxore
1448 2768 1564 2853 ipsius,
1595 2765 1768 2830 benedicat
1799 2773 1829 2830 te
1854 2773 1887 2829 ct

259 2877 347 2941 illam
372 2877 512 2939 futuram
534 2895 670 2938 uxorem
696 2879 795 2954 tuam,
818 2879 854 2936 ut
872 2871 1052 2937 ¹secundum
1078 2882 1291 2959 praeceptum
1307 2873 1440 2936 Domini
1464 2863 1619 2936 ‘eflecti‘2¹
1645 2870 1709 2934 duo
1734 2871 1766 2933 iu
1791 2890 1887 2934 carne

259 3001 334 3054 una,
358 2970 480 3063 quod‘22
502 2978 595 3042 Deus
618 2977 733 3061 iungit,
756 2978 851 3041 homo
875 2997 941 3040 non
965 2973 1117 3062 separet’,
1148 2983 1181 3040 et
1212 2976 1268 3041 det
1292 2977 1384 3041 vobis
1418 2975 1678 3040 benedictionem
1702 2965 1791 3037 ‘de-'3
1815 2994 1887 3036 rore

216 3103 241 3142 rs
261 3083 344 3146 caeli
369 3089 400 3145 ct
422 3082 463 3145 de
488 3080 686 3166 pinguedine
704 3079 834 3145 terrae'
879 3080 1111 3145 Benedieinrus
1131 3082 1217 3145 enim
1234 3082 1329 3146 robis
1345 3082 1377 3144 in
1394 3081 1524 3144 nemine
1541 3079 1683 3158 Domini,
1708 3078 1763 3162 qni
1780 3079 1888 3140 mittat

260 3187 395 3270 angelos
420 3206 496 3248 suos
520 3185 636 3262 bonos,
667 3193 703 3248 ut
728 3207 783 3249 vos
814 3185 997 3249 custodiant
1028 3207 1158 3271 semper
1187 3191 1221 3250 et
1250 3206 1381 3249 omnem
1409 3183 1615 3269 phantasiam
1646 3189 1678 3246 et
1709 3181 1889 3266 nequitiam

262 3296 360 3375 atque
384 3289 563 3353 versutiam
587 3289 729 3352 omnium
754 3290 970 3374 malignorum
994 3289 1166 3372 spirituum
1192 3295 1224 3352 et
1248 3288 1413 3351 hominum
1439 3307 1459 3350 a
1482 3286 1575 3349 vobis
1600 3283 1767 3369 depellant
1790 3290 1823 3348 et
1847 3284 1888 3347 ab

262 3393 348 3458 omni
373 3393 616 3479 inquinamento
635 3393 738 3456 omnis
755 3391 907 3456 adulterii
925 3390 1140 3476 omnibusque
1156 3391 1281 3455 insidiis
1300 3391 1451 3474 humanis
1469 3395 1501 3453 et
1517 3387 1688 3452 diabolicis
1703 3392 1888 3473 protegant,

262 3497 409 3560 muniant
438 3503 470 3560 ct
503 3496 681 3562 defendant
710 3495 815 3580 gratia
846 3493 966 3558 domini
1004 3495 1106 3557 nostri
1142 3494 1217 3557 lesu
1252 3493 1389 3569 Christi,
1425 3494 1479 3577 qui
1507 3511 1649 3556 amorem
1679 3497 1712 3554 et
1739 3492 1887 3554 timorem

219 3623 244 3662 so
264 3622 356 3665 sunm
382 3599 501 3684 iugiter
525 3599 676 3664 cordibus
699 3600 815 3663 vestris
838 3597 996 3672 infundat,
1020 3603 1056 3660 ut
1080 3599 1326 3688 consenescatis
1350 3597 1474 3682 pariter
1497 3596 1529 3659 in
1554 3601 1723 3658 senectute
1749 3595 1833 3658 bona
1857 3601 1889 3656 et

262 3705 401 3768 videatis
426 3705 509 3767 filios
533 3704 671 3767 liliorum
696 3710 876 3767 vestrorum
900 3702 1052 3766 florentes
1077 3703 1110 3764 in
1137 3701 1304 3766 voluntate
1329 3701 1460 3764 Domini
1484 3705 1516 3763 ct
1539 3722 1604 3785 pax
1621 3700 1789 3763 vobiscum
1815 3720 1888 3784 per-

262 3817 393 3873 maneat
416 3815 513 3894 atque
540 3809 573 3871 in
603 3808 665 3871 fide
695 3814 782 3871 recta
810 3829 847 3870 ae
872 3807 967 3869 bonis
991 3806 1144 3890 operibus
1168 3812 1201 3870 et
1225 3795 1400 3868 concordia
1423 3804 1510 3867 bona
1533 3809 1566 3866 et
1589 3823 1700 3866 eruore
1725 3803 1889 3886 coniugali

264 3914 392 3976 sincero
416 3933 543 3976 necnon
567 3917 600 3975 et
623 3913 654 3974 in
679 3911 882 3974 confessione
905 3916 1040 3974 sanctae
1058 3910 1212 3974 trinitatis
1237 3915 1270 3972 et
1288 3907 1449 3972 ecclesiae
1468 3906 1646 3970 catholicae
1663 3907 1889 3970 communione

263 4020 516 4102 perseverantes
541 4014 582 4078 ad
607 4014 707 4077 vitam
734 4012 931 4099 perveniatis
960 4020 1138 4081 aeternam.
1189 4010 1284 4084 Quod
1308 4013 1378 4097 ipso
1401 4017 1567 4096 praestare
1597 4009 1762 4094 dignetur,
1797 4010 1889 4073 cuius

221 4145 245 4183 aa
266 4141 401 4204 regnum
427 4127 459 4183 et
482 4119 653 4204 imperium
679 4118 748 4181 sine
772 4117 834 4180 fine
858 4117 1087 4202 permanetis
1111 4115 1222 4180 secula
1246 4116 1439 4180 seculorum.
1486 4116 1602 4178 Amen.

367 4343 411 4410 18)
426 4340 482 4408 Osr.
497 4340 621 4395 Coronat.
636 4338 770 4406 Irrdithac,
783 4355 867 4406 supra
875 4355 904 4406 p,
916 4339 976 4404 426,
989 4339 1038 4392 lin.
1054 4339 1085 4391 16
1094 4353 1148 4405 sqq.
1221 4339 1264 4405 19)
1285 4336 1342 4403 Osr.
1356 4339 1379 4392 1.
1393 4337 1510 4391 Tlrsasal.
1522 4340 1547 4404 5,
1556 4340 1582 4391 8.
1652 4338 1698 4404 20)
1712 4335 1806 4389 Genea.
1820 4335 1891 4400 1:28.

262 4448 308 4515 21)
328 4446 425 4515 Phileas.
443 4448 469 4514 b,
477 4447 518 4501 31.
606 4447 651 4515 29)
670 4444 760 4498 More.
781 4445 819 4511 10,
830 4445 853 4496 9.
942 4444 988 4512 23)
1008 4443 1102 4510 Supra
1119 4459 1148 4510 p.
1162 4442 1220 4509 427,
1240 4446 1295 4496 not.
1308 4443 1332 4500 c.
