4590 6428
433 415 474 477 36
700 409 968 464 ΑΒΒΙΤΑΜΕΝΤΑ
987 407 1035 462 AD
1054 405 1267 462 HLUDOWIGI
1286 406 1335 459 PII
1353 403 1609 460 CAPITULARIA.
1628 435 1661 443 -
1679 403 1728 458 Nr.
1743 405 1801 459 196.

354 593 414 648 829.
433 583 525 649 dotes
548 590 582 649 et
604 589 800 670 potestatem
825 584 917 649 vobis
941 582 1030 648 dedit
1053 583 1093 647 de
1117 583 1208 647 uobis
1231 601 1360 666 quoque
1384 578 1560 658 iudicandi,
1585 586 1619 644 et
1641 578 1715 642 ideo
1739 599 1798 642 nos
1823 575 1949 641 avobis
1971 583 2060 641 recte

433 687 626 762 indicantum
656 708 714 751 vos
739 693 848 751 autem
874 708 938 750 non
966 687 1104 772 potestis
1136 684 1177 748 ab
1207 684 1394 748 homiuibus
1423 683 1573 758 iudieari3
1603 689 1736 768 propter
1764 680 1848 765 quod
1871 679 1934 744 Dei
1963 681 2061 745 solius

434 792 599 855 intervos
624 796 799 876 expectate
824 789 990 865 iuditium,
1020 794 1057 852 ut
1080 795 1189 852 vestra
1213 787 1331 870 iurgia,
1361 806 1586 871 quaecumque
1618 792 1707 866 suut,
1741 786 1782 850 ad
1808 783 1888 848 illud
1918 783 2062 848 divinum

433 900 644 959 reserventur
672 913 822 959 examen.
866 892 935 956 Vos
965 893 1086 956 etenim
1116 891 1207 955 nobis
1236 911 1256 954 a
1284 888 1356 953 Deo
1385 888 1453 952 dati
1483 891 1563 953 estis
1591 888 1671 967 Dei,
1705 897 1738 953 et
1770 888 1965 953 couveniens
1996 909 2061 952 non

434 1003 516 1077 est¹,
545 1003 582 1060 ut
609 997 706 1060 homo
734 995 856 1060 iudicet
884 994 977 1073 deos,
1010 994 1066 1057 sed
1097 993 1152 1057 ille
1177 992 1281 1071 solus,
1312 991 1352 1056 de
1376 1013 1440 1076 quo
1464 992 1620 1076 scriptum
1644 999 1731 1056 est²:
1766 982 1892 1055 Deus73
1915 993 2008 1056 stetit
2030 993 2062 1056 in
2093 1015 2104 1052 a

435 1121 604 1186 synagoga
634 1098 785 1178 deorum,
817 1100 849 1162 iu
876 1098 983 1162 medio
1012 1103 1123 1161 autem
1152 1095 1244 1159 Deus
1276 1092 1452 1159 diiudicat.’
1500 1085 1602 1159 Sedit
1631 1103 1663 1159 et
1692 1095 1772 1159 illud
1801 1095 1841 1158 ad
1873 1095 2062 1159 memoriam

435 1201 655 1270 reducendum
686 1208 746 1281 est,
775 1203 915 1287 qualiter
938 1201 1055 1265 beatus
1078 1199 1223 1285 Prosper
1244 1199 1278 1261 in
1302 1199 1395 1275 libro,
1423 1219 1520 1283 quem
1545 1197 1584 1262 de
1609 1199 1864 1284 contemplativa
1886 1205 1919 1261 ct
1942 1197 2062 1262 actuali

434 1308 502 1372 vita
525 1307 649 1385 scribit,
672 1305 802 1370 laudem
828 1304 1034 1369 sacerdotum
1058 1300 1345 1388 conprehenderit:
1381 1294 1515 1386 ‘Ipsisl5
1539 1300 1645 1381 enim’,
1674 1303 1787 1387 iuquit,
1813 1302 1855 1365 ‘id
1880 1309 1931 1366 est
1954 1322 2062 1365 sacer-

435 1409 565 1473 dotibus
587 1411 718 1495 proprie
743 1409 924 1473 animarum
954 1406 1169 1471 curandarum
1198 1404 1381 1470 sollicitudo
1413 1406 1585 1469 commissa
1616 1410 1681 1486 est,
1714 1407 1768 1491 qui
1796 1405 1922 1491 pondus
1953 1404 2063 1490 populi

435 1512 495 1576 sibi
520 1513 683 1576 commissi
705 1513 842 1576 viriliter
866 1511 1065 1575 sustinentes
1088 1530 1146 1593 pro
1168 1509 1314 1593 peccatis
1343 1509 1486 1572 omnium
1515 1509 1605 1573 volut
1632 1530 1690 1596 pro
1720 1510 1787 1573 suis
1815 1508 2063 1592 infatigabiliter
2080 1533 2107 1571 ro

434 1615 619 1701 supplicant
638 1615 711 1680 Deo
735 1636 773 1679 ac
792 1616 883 1679 velut
906 1614 1037 1698 quidam
1053 1615 1179 1692 Aaron,
1213 1614 1382 1677 incensum
1408 1615 1536 1677 contriti
1562 1613 1667 1678 cordis
1690 1622 1724 1679 et
1746 1614 1905 1678 humiliati
1929 1614 2062 1698 spiritus

435 1718 626 1796 offerentes,
664 1730 746 1804 quoy
781 1719 928 1804 placatur
955 1716 1061 1796 Deus,
1100 1724 1252 1781 avertunt
1286 1717 1366 1780 iram
1398 1716 1527 1781 futurae
1561 1717 1853 1783 animadversionis
1881 1738 1901 1781 a
1930 1718 2062 1803 populo.

435 1820 500 1895 Qui
523 1843 583 1907 per
604 1820 668 1886 Dei
692 1821 831 1906 gratiam
853 1821 935 1885 liunt
958 1821 1086 1884 divinae
1111 1820 1287 1883 voluntatis
1315 1819 1457 1896 indices,
1489 1821 1701 1886 ecclesiarum
1728 1820 1849 1886 Christi
1876 1827 1953 1906 post
1982 1842 2061 1906 apo-

436 1925 535 1988 stolos
563 1923 766 2002 fundatores,
797 1923 902 1988 fidelis
927 1924 1038 2009 populi
1060 1921 1175 2002 duces,
1205 1922 1351 1986 veritatis
1375 1921 1577 2004 adsertores,
1609 1945 1729 2009 pravae
1752 1924 1919 1989 doctrinae
1942 1925 2063 2006 hostes,

435 2028 585 2093 omnibus
614 2027 708 2092 bouis
738 2028 895 2092 amabiles
928 2032 961 2090 et
989 2025 1075 2088 mala
1107 2025 1169 2088 sibi
1200 2025 1340 2088 consciis
1371 2026 1468 2090 etiam
1502 2026 1573 2113 ipso
1603 2028 1675 2091 visu
1705 2028 1885 2104 terribiles,
1918 2027 2063 2093 vindices
2081 2049 2106 2088 rs

436 2151 682 2216 oppressorum,
711 2136 823 2216 patres
853 2130 884 2193 in
913 2129 977 2193 fide
1009 2128 1171 2191 catholica
1195 2135 1477 2212 regeneratorum,
1507 2129 1728 2215 predicatores
1752 2131 1942 2196 caelestium
1965 2154 2062 2219 prae·

435 2234 585 2315 miorum,
606 2235 758 2320 exempla
774 2235 945 2310 bonorum,
963 2232 1158 2296 documenta
1174 2232 1328 2296 virtutum
1344 2239 1376 2294 et
1392 2232 1494 2296 forma
1509 2234 1669 2307 fidelium;
1693 2236 1756 2320 ipsi
1772 2234 1872 2300 decus
1889 2237 2063 2316 ecclesiae,

435 2338 602 2423 inquibus
620 2339 758 2424 amplius
774 2339 880 2423 fulget
897 2337 1050 2410 ecclesia3
1076 2338 1136 2422 ipsi
1154 2336 1325 2400 columnae
1342 2336 1560 2420 firmissimae,
1583 2339 1701 2423 quibus
1718 2340 1751 2402 iu
1765 2337 1896 2403 Christo
1918 2339 2063 2404 fundatis

438 2441 586 2506 innititur
609 2443 712 2506 omnis
736 2440 906 2505 multitudo
931 2441 1148 2512 credentium;
1176 2441 1238 2526 ipsi
1262 2442 1379 2506 ianuae
1403 2443 1544 2507 civitatis
1569 2451 1733 2524 aeternae,
1757 2464 1815 2529 per
1834 2464 1915 2528 quos
1939 2464 2063 2523 omnes,

435 2545 490 2629 qui
513 2545 660 2627 creduut,
682 2545 908 2630 ingrediuntur
931 2544 970 2608 ad
996 2543 1175 2618 Christum;
1206 2545 1267 2630 ipsi
1291 2545 1456 2626 ianitores,
1480 2547 1596 2631 quibus
1620 2547 1729 2611 claves
1753 2546 1848 2612 datae
1873 2554 1949 2612 sunt
1971 2547 2063 2632 regni
2081 2563 2108 2602 ²0

436 2649 596 2722 celorum;
618 2650 681 2734 ipsi
697 2649 795 2714 etiam
813 2648 1056 2734 dispensatores
1073 2649 1185 2733 regiae
1210 2647 1332 2726 domus,
1357 2669 1494 2733 quorum
1518 2651 1652 2715 arbitrio
1677 2652 1709 2714 iu
1733 2651 1807 2714 aula
1830 2651 1916 2736 regis
1940 2652 2066 2716 aeterni

436 2751 624 2816 dividuntur
647 2753 768 2836 gradus
793 2760 826 2817 et
849 2751 956 2817 officia
973 2749 1195 2837 singulorum)
1234 2750 1330 2817 Licet
1346 2753 1430 2816 euim
1449 2760 1633 2818 sanctorum
1650 2753 1937 2839 predecedentium
1955 2776 2063 2819 sacer-

436 2854 549 2920 dotum
572 2856 640 2920 vita
663 2863 697 2920 et
719 2856 844 2920 meritis
867 2855 963 2939 longe
988 2855 1158 2920 inferiores
1183 2856 1295 2934 simus,
1319 2854 1351 2918 id
1374 2861 1483 2918 tamen
1508 2878 1635 2921 sacrum
1658 2857 1883 2936 ministerium,
1907 2858 1992 2942 quod
2015 2859 2064 2921 in-

437 2959 526 3044 digui
550 2961 768 3046 suscepimus,
798 2981 863 3023 non
887 2961 1021 3025 minoris
1045 2960 1247 3024 auctoritatis
1272 2967 1305 3023 et
1327 2958 1496 3043 dignitatis
1522 2961 1662 3040 existit²,
1691 2967 1724 3023 et
1751 2981 1945 3045 quamquam
1975 2967 2064 3026 tauto

438 3063 617 3127 ministerio
641 3061 764 3147 indigni
789 3063 906 3144 simus,
934 3069 1069 3150 propter
1092 3065 1182 3128 illurn
1206 3069 1332 3142 tamen,
1361 3063 1453 3126 cuius
1478 3063 1693 3127 ministerium
1719 3064 1877 3149 gerimus,
1906 3067 1939 3128 in
1969 3063 2063 3129 nobis
2082 3080 2108 3122 as

437 3186 502 3229 non
525 3166 822 3252 contempnendum
846 3174 907 3231 est.

541 3269 622 3352 (23.)
657 3268 718 3332 III.
752 3261 900 3333 mugeto
923 3270 1021 3333 etiam
1045 3269 1231 3354 specialiter
1253 3270 1475 3334 necessarium
1499 3279 1608 3335 vestre
1633 3292 1810 3356 suggerere
1832 3272 1948 3358 pietati
1970 3269 2063 3335 duui-

437 3393 525 3452 mus,
553 3378 590 3436 ut
617 3372 732 3437 fideles
757 3372 855 3436 vestri
879 3392 939 3457 per
962 3392 1019 3436 vos
1044 3371 1279 3436 admoneantur
1302 3379 1335 3436 et
1359 3373 1575 3455 instruantur,
1603 3375 1766 3460 quatinus,
1790 3374 1920 3459 quando
1943 3373 2065 3459 aliquid

437 3475 530 3540 nobis
553 3482 662 3540 vestra
686 3474 846 3540 celsitudo
871 3475 910 3538 de
934 3481 1047 3538 nostra
1071 3476 1270 3540 correctione
1289 3476 1343 3540 vel
1359 3483 1469 3540 vestra
1491 3498 1616 3540 necnon
1639 3483 1672 3542 et
1696 3478 1826 3542 illorum
1849 3479 1953 3543 salute
1978 3485 2062 3543 trac-

438 3578 570 3643 tandum
594 3579 782 3658 committit,
816 3585 852 3643 ut
879 3599 943 3643 nou
973 3599 1031 3663 per
1055 3579 1184 3643 inanem
1212 3586 1245 3643 et
1271 3579 1388 3644 falsam
1417 3581 1632 3666 suspitionem
1656 3589 1768 3647 contra
1791 3603 1848 3647 uos
1873 3581 2062 3647 scandalum
2082 3598 2107 3638 ³⁰

437 3687 568 3745 sumant
592 3689 625 3746 et
649 3683 718 3747 siue
743 3703 842 3746 causa
864 3682 895 3746 in
918 3702 978 3745 nos
1003 3681 1205 3746 detrahendo
1229 3682 1337 3746 Deum
1362 3684 1529 3748 offendant
1552 3691 1601 3763 et,
1628 3684 1714 3749 uude
1739 3685 1802 3750 sibi
1826 3687 1964 3751 salutern
1989 3706 2063 3772 spe-

437 3805 510 3851 rare
537 3790 570 3850 et
599 3785 771 3870 adquirere
795 3785 991 3865 debuerant,
1021 3784 1149 3870 culpam
1178 3787 1353 3850 incurrant.
1400 3785 1486 3859 Quia
1509 3808 1567 3852 nos
1591 3788 1690 3852 nichil
1713 3788 1801 3853 aliud
1824 3810 1984 3874 quaerere
2008 3795 2064 3854 aut

437 3896 577 3954 tractare
596 3888 821 3954 desideramus
844 3911 905 3954 uec
929 3889 1032 3952 nostri
1056 3888 1154 3953 oflicii
1179 3897 1239 3969 est,
1263 3896 1299 3952 ut
1322 3889 1491 3970 faciamus,
1516 3892 1580 3954 nisi
1596 3891 1680 3975 quod
1698 3891 1739 3956 ad
1756 3899 1900 3957 nostrum
1917 3893 2063 3957 debitum

437 3993 653 4056 ministerium
678 3999 710 4057 et
733 3993 773 4057 ad
796 3993 925 4056 illorum
950 3993 1090 4056 salutem
1113 3993 1263 4078 pertinet.
1310 3991 1354 4056 Et
1380 3993 1454 4057 ideo
1483 4016 1547 4059 non
1571 3994 1730 4060 debemus
1754 4003 1829 4060 ante
1852 4002 1981 4082 tempus
2004 4017 2065 4081 per

438 4095 653 4181 suspitionem
676 4095 827 4174 iudicari,
860 4095 916 4160 sed
941 4096 1109 4181 pacienter
1133 4097 1316 4181 expectari,
1349 4096 1453 4161 douec
1481 4099 1551 4183 ipsa
1575 4100 1697 4180 veritas
1720 4101 1931 4165 manifestum
1954 4100 2063 4180 faciat,
2081 4119 2106 4159 aa

437 4206 545 4263 utrum
568 4199 673 4284 magis
697 4198 859 4279 audiendi,
884 4220 924 4262 an
948 4198 1142 4284 inprobandi
1167 4199 1280 4263 simus.
1326 4199 1394 4264 Nos
1419 4202 1516 4283 enim,
1546 4203 1572 4265 si
1596 4202 1679 4267 forte
1703 4205 1861 4284 evenerit,
1882 4210 1919 4267 ut
1944 4202 2065 4288 aliquid

439 4303 590 4367 sinistrae
621 4303 782 4387 opinionis
813 4301 853 4366 de
885 4303 979 4366 nobis
1011 4302 1099 4366 fama
1130 4304 1303 4388 sparserit,
1337 4302 1409 4367 Deo
1442 4304 1536 4369 uobis
1568 4327 1663 4390 opem
1693 4307 1817 4371 ferente
1850 4307 2066 4392 equanimiter

438 4407 577 4470 tolerare
606 4410 640 4470 et
666 4426 840 4491 possumus
864 4411 898 4469 et
920 4405 1088 4472 debemus.
1135 4403 1204 4491 Ipsi
1227 4426 1305 4469 vero
1330 4407 1426 4492 culpa
1448 4407 1599 4473 inmunes
1624 4431 1783 4474 essenon
1808 4416 1959 4495 possunt,
1987 4410 2064 4474 dum

438 4516 566 4596 patrum
590 4517 624 4575 et
646 4510 782 4574 fratrum
806 4510 1021 4573 intentionem
1046 4510 1115 4572 siue
1140 4529 1241 4572 causa
1263 4509 1506 4594 reprehendere
1530 4532 1593 4575 uon
1617 4519 1774 4577 metuunt.
1819 4512 1980 4587 Quoniam
2004 4514 2063 4578 hoc

438 4632 643 4699 summopere
670 4611 886 4678 laborandum
914 4619 965 4676 est
991 4611 1086 4675 nobis
1115 4618 1146 4674 et
1169 4611 1276 4690 vobis,
1309 4619 1345 4674 ut
1375 4634 1506 4698 semper
1532 4615 1618 4678 inter
1640 4621 1791 4701 pastores
1815 4616 2006 4680 eclesiarum
2029 4623 2062 4682 et
2080 4639 2106 4678 ro

437 4735 571 4800 gregem
602 4714 724 4782 Ohristi
753 4738 819 4803 pax
853 4722 886 4781 et
920 4713 1094 4780 concordia
1124 4714 1387 4799 unanimitasque
1422 4723 1582 4781 servetur:
1620 4719 1682 4782 nisi
1713 4721 1797 4783 enim
1829 4721 2000 4785 caritatem
2032 4727 2065 4784 et

438 4818 642 4884 concordiam
668 4821 699 4883 in
723 4820 863 4884 invicem
885 4819 1071 4895 habuerint,
1094 4817 1213 4897 Deum,
1237 4818 1320 4881 sicut
1344 4827 1480 4903 oportet,
1503 4821 1680 4908 propitium
1704 4809 1826 4887 habere
1849 4843 1913 4886 nou
1936 4844 2063 4888 mereu-

437 4929 500 4989 tur.
545 4922 762 5010 Quapropter,
786 4925 869 4988 sicut
892 4925 1083 5009 premissum
1109 4914 1205 5001 estll,
1230 4943 1303 4986 cum
1326 4921 1398 4986 Deo
1422 4923 1601 5008 inspirante
1626 4930 1736 4988 vestra
1759 4925 1866 5011 pietas
1890 4925 1931 4990 de
1955 4928 2064 4991 aecle-

437 5027 569 5090 siastica
592 5034 625 5091 et
648 5028 810 5092 communi
833 5028 973 5092 utilitate
995 5025 1116 5112 aliquid
1135 5026 1229 5089 nobis
1247 5033 1387 5091 tractare
1405 5028 1573 5112 praecipit,
1598 5048 1663 5091 non
1680 5035 1729 5092 est
1745 5030 1838 5094 nobis
1855 5031 1904 5094 fas
1922 5031 2063 5106 mentiri,

410 5131 512 5214 quia
539 5130 713 5215 aliquando
735 5132 906 5195 veritatem
936 5132 1005 5196 sine
1034 5131 1126 5216 gravi
1154 5129 1299 5214 periculo
1328 5131 1368 5194 ad
1399 5137 1529 5217 tempus
1560 5133 1715 5212 reticere,
1747 5154 1922 5218 numquam
1952 5141 2062 5199 tamen
2080 5162 2106 5201 rs

540 5319 567 5386 x)
585 5318 682 5386 esti...
702 5329 741 5373 est
758 5339 806 5373 om.
820 5321 843 5372 1.
931 5325 958 5389 y)
977 5322 1046 5387 quod
1063 5320 1180 5385 placatus
1199 5318 1222 5370 1.
1311 5317 1335 5386 a)
1355 5321 1490 5373 existimus
1510 5322 1534 5374 l.

540 5491 584 5557 l3)
603 5490 702 5544 Psalm.
719 5491 762 5558 82,
780 5492 801 5544 1.
903 5489 946 5556 74)
968 5488 1043 5543 Cone.
1062 5489 1150 5544 Paria
1169 5490 1212 5544 tib.
1232 5490 1292 5557 111,
1310 5506 1331 5544 c.
1348 5491 1373 5557 9,
1396 5490 1491 5544 Monoi
1506 5492 1590 5560 XIV,
1608 5493 1653 5546 col.
1667 5494 1725 5548 598.
1825 5495 1869 5560 ’15)
1888 5494 2010 5562 Prosper,
2034 5495 2065 5549 dc

437 5595 493 5647 ritu
510 5595 645 5662 compl.
663 5594 705 5648 lab.
724 5594 766 5661 ΙΙ,
785 5610 805 5646 c.
819 5595 848 5660 2,
877 5592 964 5662 Opera
987 5593 1026 5648 cd.
1046 5593 1161 5647 Parisiis
1182 5594 1256 5661 1711,
1275 5595 1347 5662 App.
1367 5595 1414 5648 cot.
1428 5595 1469 5648 25.
1575 5598 1618 5663 76)
1639 5596 1717 5650 Coae.
1737 5597 1827 5652 Pana.
1847 5597 1889 5652 lib.
1909 5597 1967 5665 III,
1986 5613 2006 5654 c.
2024 5599 2065 5666 10,

434 5698 453 5751 l.
464 5714 485 5752 c.
503 5699 549 5752 ccl.
563 5700 614 5753 598
627 5715 665 5767 sq.
753 5699 797 5767 77)
818 5697 871 5764 Gsr.
890 5713 974 5766 stupra
988 5715 1017 5766 p.
1031 5698 1073 5765 28,
1092 5699 1108 5752 l.
1123 5700 1156 5752 10
1166 5714 1219 5766 sqq.
