4568 6420
410 465 472 524 452
524 459 790 512 ADDITAMENTA
812 460 859 512 Ab
877 459 993 513 CAPIT.
1012 459 1092 514 Rue.
1112 458 1296 513 nonnulla
1314 459 1503 515 OOCIDEN'I'.
1522 461 1670 530 (KAROLI
1684 461 1730 528 11).
1748 493 1782 502 —-
1801 463 1846 514 Νι.
1863 463 1921 516 300.

331 643 390 695 859.
410 636 556 719 perrexi,
581 656 642 699 nec
665 657 725 720 per
748 656 783 697 se
807 636 912 719 ipsum
937 656 997 698 nec
1021 657 1080 720 per
1102 634 1246 699 debitum
1271 635 1443 706 solacium,
1471 635 1555 719 quod
1585 645 1813 700 antecessores
1843 638 1906 700 mei
1939 645 2035 722 reges

409 746 442 802 et
466 761 528 822 ego
553 741 622 825 ipse
647 761 688 803 ex
713 739 854 803 eeclesia
878 739 922 802 illi
947 741 1120 803 commissa
1144 740 1265 804 habere
1290 739 1404 802 solitus
1427 760 1526 816 eram,
1550 739 1690 823 aliquid*
1706 740 1858 804 adiutorii
1874 742 2036 825 praebuit,

408 844 602 927 praesertim
627 864 699 906 eum
723 843 785 906 hoc
809 842 927 908 devote
951 845 993 908 ab
1017 845 1072 907 illo
1095 845 1255 929 petierim.
1444 839 1446 848 ‘

518 949 546 1009 7.
582 945 662 1009 Cum
697 953 805 1009 autern
835 947 915 1009 ratio
944 953 977 1010 et
1003 947 1185 1010 necessitas
1211 947 1287 1011 mihi
1312 945 1460 1023 accidiae,
1491 945 1532 1010 de
1556 947 1632 1010 villa
1660 947 1790 1012 Breona
1818 955 1872 1012 ιι)Ω
1896 971 1916 1012 a
1937 969 2032 1034 prae-

408 1049 494 1112 dicto
518 1050 618 1114 fratre
641 1071 713 1112 meo
737 1042 957 1128 secederent
982 1057 1015 1114 et
1039 1051 1108 1135 ipse
1133 1051 1232 1114 frater
1248 1071 1340 1114 meus
1358 1049 1572 1114 Hludowieus
1589 1051 1629 1114 ad
1654 1051 1715 1116 hoc
1733 1052 1829 1116 rediit
1852 1054 1883 1116 in
1908 1058 2035 1138 partem
2066 1079 2078 1116 a

407 1154 499 1236 regni
522 1155 597 1232 mei,
621 1160 658 1216 ut
681 1153 759 1216 mihi
784 1175 891 1218 meum
916 1159 1070 1238 nepotem
1095 1154 1279 1239 subriperet
1310 1162 1343 1217 et
1371 1156 1519 1218 homines
1548 1176 1638 1219 meos
1663 1156 1742 1219 mihi
1766 1156 1973 1220 subtraheret
1997 1177 2035 1219 ac

407 1255 521 1321 fideles
553 1277 644 1320 meos
669 1262 838 1320 vastanter
866 1257 1086 1342 reprimerem,
1116 1257 1248 1322 Wenilo
1278 1279 1351 1321 curn
1385 1279 1447 1344 quo
1477 1261 1583 1344 potuit
1613 1261 1729 1323 solatio
1762 1260 1802 1322 ad
1832 1259 2034 1346 praedictum

408 1360 541 1423 fratrem
568 1349 675 1424 meirm
699 1360 929 1424 Hludowicum
962 1362 995 1424 in
1024 1384 1130 1426 meam
1165 1363 1427 1426 contrarietatem
1451 1363 1557 1437 venit;
1591 1384 1664 1426 cnm
1695 1384 1757 1447 quo
1785 1370 1878 1426 erant
1902 1385 2033 1427 excom-

409 1465 563 1527 municati
588 1465 680 1528 istius
705 1465 796 1548 regni
822 1472 855 1529 et
878 1464 1042 1545 seditiosi,
1073 1465 1113 1528 de
1143 1487 1278 1550 quorum
1303 1465 1642 1530 excommunicatione
1667 1467 1934 1552 coepiscoporum
1958 1489 2033 1531 suo-

408 1590 477 1631 rum
503 1569 629 1632 litteras
653 1571 790 1654 accepit.
836 1568 880 1632 Et
903 1569 1019 1635 missas
1043 1569 1190 1656 publicas
1216 1571 1307 1634 fratri
1332 1592 1415 1651 mee,
1440 1591 1511 1633 curn
1538 1591 1601 1654 quo
1626 1570 1687 1654 ipsi
1706 1569 1852 1633 seditiosi
1875 1577 1975 1650 erant,
2001 1572 2033 1635 in
2055 1596 2080 1634 ro

408 1673 528 1758 palatio
552 1695 626 1737 meo
650 1672 837 1736 ΑιῐίιιίιιιιοΘ
861 1681 894 1738 et
916 1674 1106 1758 parroechia
1135 1681 1168 1738 et
1191 1675 1356 1759 provincia
1379 1675 1514 1737 alterius
1539 1673 1777 1758 archiepiscopi
1802 1673 1908 1737 fidelis
1933 1676 2034 1738 nostri

408 1777 479 1839 sine
504 1797 562 1839 sua
585 1776 719 1840 licentia
742 1798 780 1840 ac
805 1778 1073 1861 coepiscoporum
1098 1798 1257 1841 consensu
1273 1777 1406 1841 Wenilo
1424 1775 1716 1840 excommunicatis
1739 1776 1793 1839 vel
1811 1779 2033 1841 exeommuni-

408 1887 553 1943 catorum
577 1879 789 1964 participibus
814 1880 1023 1944 caelebravit.
1069 1879 1113 1943 ut
1135 1881 1167 1942 in
1191 1879 1247 1944 eof
1269 1879 1406 1944 coneilio
1429 1887 1527 1964 atque
1552 1877 1689 1942 consilio
1713 1879 1784 1959 fuit,
1808 1871 1909 1964 quo¹0
1931 1902 2032 1966 nepos

408 2003 500 2046 meus
523 1981 699 2047 Lethariua
722 2005 781 2068 per
796 1983 975 2062 mendacia,
1000 1990 1155 2069 quantum
1179 2004 1221 2046 ex
1238 1982 1491 2047 deductoribuss
1515 1982 1614 2061 suist,
1640 1983 1863 2069 subriperetur
1885 1991 1918 2049 et
1942 1984 2032 2048 debi-

407 2093 474 2150 tum
499 2108 537 2150 ao
563 2093 766 2151 sacramento
791 2087 986 2172 promissum
1009 2086 1164 2149 solacium
1189 2093 1287 2171 atque
1311 2085 1505 2149 adiutorium
1530 2106 1571 2149 ex
1596 2086 1650 2149 illo
1673 2086 1752 2149 mihi
1775 2087 2005 2154 subtraheretl.
2053 2115 2077 2152 ιι

514 2193 544 2256 8.
581 2189 765 2254 Praedictil‘
787 2189 1019 2253 nihilhominus
1043 2189 1151 2253 fratris
1175 2189 1239 2252 mei
1264 2189 1459 2252 consiliariis
1484 2196 1517 2253 et
1539 2189 1678 2274 publicis
1702 2211 1740 2253 ac
1758 2192 1895 2254 secretis
1913 2198 2032 2256 tracta-

406 2294 495 2358 tibus
512 2292 646 2358 Wenilo
669 2315 743 2357 curn
767 2294 966 2378 specialibus
989 2292 1205 2357 familiaribus
1232 2299 1264 2356 et
1287 2294 1372 2356 inter
1396 2293 1521 2378 priores
1546 2294 1615 2357 eius
1639 2294 1842 2358 familiariter
1866 2317 1938 2359 cunr
1962 2296 2031 2382 epi·

406 2399 528 2483 seopali
556 2398 692 2477 iudicio,
721 2404 757 2461 ut
780 2395 946 2474 diximus¹‚
975 2397 1267 2461 excommunicatis
1301 2404 1333 2460 et
1364 2395 1483 2460 iudicio
1515 2397 1606 2480 regni
1636 2397 1848 2462 diiudicatism
1873 2400 2031 2478 interfuit,

406 2502 558 2586 quatinus
586 2507 712 2587 partem
742 2503 852 2586 regni,
882 2522 979 2586 qnam
1008 2500 1094 2563 idern
1124 2500 1226 2564 frater
1258 2492 1385 2563 meus¹¹
1412 2506 1445 2564 et
1469 2499 1602 2564 Wenilo
1627 2501 1705 2564 mihi
1730 2501 1918 2565 iuraverant
1942 2503 2030 2566 etin

406 2625 469 2690 qua
486 2603 618 2668 Wenilo
643 2626 695 2669 me
719 2627 830 2690 regern
855 2595 1073 2685 sacraverat³‚
1097 2624 1197 2689 saepe
1228 2603 1336 2667 fatus¹¹
1368 2603 1468 2668 freter
1496 2626 1588 2668 meus
1612 2605 1775 2668 obtineret
1798 2612 1831 2668 et
1854 2627 1917 2690 ego
1940 2607 2030 2670 illam
2049 2631 2076 2669 aa

405 2707 589 2793 perderem.

513 2815 543 2877 9.
580 2812 712 2877 Wenilo
740 2815 771 2876 in
802 2834 840 2877 eo
870 2812 1005 2876 consilio
1034 2819 1066 2875 ct
1093 2817 1255 2876 tractatn⁰
1283 2811 1357 2892 fuit,
1386 2819 1422 2875 nt
1450 2811 1611 2897 episcopi,
1641 2812 1695 2897 qui
1726 2811 1804 2876 mihi
1832 2812 1929 2876 fideip
1958 2834 2032 2898 pro·

405 2916 524 2980 missae
549 2915 713 2979 debitores
736 2924 830 2980 erant
854 2922 887 2980 et
911 2915 1081 2980 consilium
1107 2922 1204 2998 atque
1228 2915 1385 2978 auxilium
1413 2936 1511 2978 manu
1540 2915 1669 2999 propria
1698 2915 1924 2979 confirmatum
1948 2917 2033 2979 ferre

404 3018 605 3098 debuerant,
644 3018 823 3084 deficerent
857 3025 890 3084 et
923 3019 963 3084 ad
995 3019 1105 3082 fratris
1140 3019 1204 3082 mei
1239 3019 1423 3082 Hludowioi
1459 3019 1649 3102 obsequium
1685 3025 1719 3081 et
1753 3017 1967 3083 subditionem
1998 3039 2033 3082 se

405 3129 579 3187 verterent.
2051 3148 2077 3187 es

517 3229 564 3289 lt.
601 3225 650 3290 De
675 3225 808 3291 abbatia
837 3232 970 3290 sanctae
996 3216 1214 3289 ΟοΙιιιιιὶιιιιι12
1242 3231 1275 3288 et
1306 3224 1406 3287 rebus
1436 3223 1487 3288 vel
1519 3224 1696 3288 honoribus
1728 3225 1820 3309 regni
1851 3226 1916 3288 mei
1947 3223 2032 3309 apud

405 3329 634 3393 Hludowicnm
659 3331 791 3394 fratrem
817 3352 926 3393 meum
950 3320 1197 3415 praeceptum¹3
1221 3328 1358 3393 obtinuit
1380 3335 1413 3392 et
1435 3329 1561 3392 litteras
1586 3327 1770 3408 admissos,
1795 3330 1871 3414 qui‘l
1895 3329 2032 3393 eandem

404 3433 570 3496 abbatiam
596 3441 815 3512 revocarent¹‚
840 3432 1065 3497 Ecehardum¹
1089 3439 1122 3497 et
1144 3431 1378 3496 Teodoricumt
1401 3431 1598 3517 impetravit.
1952 3421 1960 3434 ’

516 3541 578 3601 11“.
615 3536 701 3600 Sedv
726 3538 757 3600 in
774 3537 898 3600 eisdem
923 3536 1039 3600 litteris
1064 3535 1103 3599 ad
1120 3536 1287 3622 praefatos
1303 3536 1421 3598 missos
1445 3535 1620 3598 iussionem
1636 3535 1746 3599 fratris
1765 3537 1827 3600 mei
1844 3535 2031 3600 Hludowioi

404 3640 538 3704 Wenilo
563 3643 719 3720 obtinuit,
749 3648 785 3704 ut
813 3641 854 3704 de
883 3663 974 3704 muro
1003 3642 1129 3704 castelli
1160 3630 1399 3720 Melodunivfi,
1431 3638 1516 3723 quod
1548 3640 1598 3702 ius
1630 3639 1740 3723 regiae
1769 3647 1820 3704 est
1849 3641 2028 3725 potcstatis,
2048 3664 2074 3703 aa

405 3751 516 3829 petras
539 3745 720 3810 heberentx
743 3746 907 3809 licentiam
933 3745 1103 3831 prendere.
1149 3743 1245 3809 Unde
1262 3746 1410 3826 constat,
1433 3744 1528 3828 quiny
1552 3744 1583 3806 in
1609 3743 1704 3828 plebe
1722 3744 1814 3808 istius
1839 3745 1930 3829 regni
1955 3744 2032 3808 mihi

405 3847 519 3912 aDeo
545 3849 654 3914 collati
678 3871 752 3914 eum
776 3847 930 3913 studebat
954 3848 1061 3912 colere
1086 3854 1119 3912 et
1143 3848 1317 3933 satagebat
1341 3855 1464 3912 tenere.

519 3956 566 4018 12.
601 3951 734 4017 Wenilo
757 3955 790 4017 in
814 3974 852 4018 eo
877 3952 1010 4016 consilio
1035 3961 1068 4017 et
1092 3959 1232 4017 tractatu
1258 3973 1331 4015 curn
1355 3952 1512 4037 praefatis
1536 3953 1847 4015 excommunicatisz
1870 3953 1946 4029 fnit,
1976 3952 2033 4016 uhi

404 4054 644 4120 consideratum
669 4063 727 4134 est,
752 4063 913 4141 quatenus
937 4056 1006 4118 illi⁰
1029 4055 1187 4135 homines,
1212 4057 1266 4140 qui
1291 4055 1369 4118 mihi
1393 4055 1507 4119 fideles
1532 4063 1625 4120 erant
1648 4063 1681 4119 et
1706 4056 1783 4119 mihi
1808 4058 2032 4120 sacramentol

403 4159 594 4224 fidelitatem
619 4163 846 4247 promiserant,
871 4160 940 4223 sive
964 4159 1134 4223 nolentes⁰
1158 4161 1227 4223 sive
1252 4161 1410 4238 volentes,
1434 4159 1523 4223 fratri
1548 4181 1620 4222 meo
1644 4159 1838 4223 Hludowieo
1855 4159 2027 4240 iurarentd,
2048 4181 2072 4218 aa

404 4270 438 4326 ut
463 4265 492 4326 ei
517 4263 712 4328 adiutorium
742 4265 880 4342 ferrent,
904 4263 1047 4347 qualiter
1077 4285 1212 4347 regnum
1242 4284 1349 4326 meum
1380 4270 1493 4327 eontra
1522 4284 1572 4326 me
1597 4263 1745 4326 obtinere
1769 4263 1939 4349 potuisset.
1987 4262 2030 4326 Et

403 4388 465 4428 non
498 4367 602 4430 solurn
634 4368 792 4432 eonsilio⁰
816 4365 948 4430 Wenilo
980 4366 1141 4446 interfuit,
1177 4365 1233 4429 sed
1263 4374 1296 4430 et
1325 4367 1395 4451 ipse
1426 4366 1484 4429 hoc
1518 4366 1603 4429 idern
1631 4367 1801 4430 consilium
1836 4367 1926 4430 fratri
1960 4388 2032 4431 meo

403 4470 617 4534 Hludowicod
642 4479 753 4536 contra
777 4493 882 4535 meam
907 4470 1107 4550 fidelitatem,
1132 4491 1227 4556 quarn
1252 4471 1331 4533 mihi
1354 4471 1502 4554 promisit
1525 4478 1740 4550 sacramento,
1764 4470 1904 4533 donavit.

515 4578 563 4639 13.
599 4574 732 4640 Wenilo
757 4597 815 4662 per
839 4597 874 4639 se
899 4582 932 4638 ct
954 4595 1013 4659 per
1037 4573 1213 4636 familiares
1238 4594 1326 4653 suos,
1350 4573 1554 4658 supradictos
1578 4573 1703 4636 scilicet
1719 4574 2029 4650 excommunicatos,

404 4680 488 4764 apud
522 4680 655 4743 fratrem
692 4701 799 4743 meum
837 4678 1066 4742 Hludowioum
1102 4677 1255 4756 obtinuit,
1294 4684 1331 4739 ut
1365 4697 1484 4739 vacans
1517 4677 1741 4761 episcopatus,
1779 4675 2074 4741 Baiocacensis‘so

506 4816 532 4882 a)
555 4819 658 4884 aliquod
680 4820 834 4870 adiutorium
858 4817 881 4869 ‘2.
904 4817 927 4870 3.
1022 4818 1049 4883 b)
1073 4825 1102 4867 ut
1121 4817 1183 4866 odd.
1206 4815 1229 4866 3.
1326 4816 1350 4881 c)
1372 4833 1403 4867 ac
1424 4814 1448 4867 3.
1541 4817 1566 4885 d)
1590 4819 1743 4884 opprimeret
1767 4819 1871 4868 coniecit
1897 4819 2030 4870 Boluzius.

402 4904 427 4966 e)
443 4903 592 4957 Atinineo2.
666 4905 690 4969 f)
709 4923 758 4957 eat.
777 4905 801 4957 3.
881 4904 909 4970 g)
928 4905 1106 4956 seductoribus
1123 4902 1148 4955 3.
1237 4904 1263 4966 h)
1284 4903 1333 4954 fuit
1350 4901 1375 4953 3.
1463 4903 1483 4966 i)
1505 4904 1685 4954 subtraherent
1710 4903 1734 4954 3.
1805 4905 1833 4962 k)
1853 4906 1988 4971 praedictis
2006 4901 2031 4954 3.

402 4989 422 5052 1)
440 4992 548 5041 (licinius
567 4991 590 5042 2.
666 4991 702 5059 nr)
721 5009 769 5042 ons.
788 4990 813 5042 3.
888 4993 916 5052 n)
936 4993 1019 5041 factos
1037 4989 1060 5040 2.
1132 4989 1158 5052 o)
1177 4997 1337 5040 contractatis
1355 4989 1380 5040 3.
1451 4991 1476 5055 p)
1494 4990 1569 5040 fidens
1589 4991 1738 5056 promissam
1759 4988 1787 5053 23
1806 4991 1838 5040 ob
1858 4991 1932 5040 tidem
1951 5008 1988 5056 pr.
2006 4987 2031 5042 3.

402 5077 428 5142 qt
447 5095 498 5142 qno
516 5075 540 5128 3.
645 5077 668 5141 r)
688 5087 820 5130 reuocaret
838 5075 861 5127 3.
881 5076 905 5128 3.
1011 5075 1034 5143 ιι)
1055 5077 1195 5127 Etlrnrdnm
1215 5075 1239 5128 3,
1334 5077 1355 5138 t)
1375 5077 1560 5127 Theodericum
1582 5077 1602 5126 l.
1622 5076 1643 5126 3.
1739 5077 1766 5136 ιι)
1790 5077 1847 5126 Hoc
1866 5085 1944 5142 capiat
1960 5077 1988 5126 in
2008 5076 2030 5131 l.

402 5171 424 5212 st
436 5165 586 5215 editionibus
600 5165 742 5228 &sinendi
754 5165 866 5228 Batti-aii,
881 5165 976 5215 Pericli
988 5181 1044 5214 citos
1057 5163 1215 5213 nrrtecedenti
1227 5165 1254 5213 in
1266 5181 1346 5213 sistram
1360 5163 1519 5214 cessianicum
1532 5171 1575 5213 eat.
1647 5161 1674 5228 v)
1688 5171 1713 5212 et
1727 5163 1788 5214 odd.
1802 5163 1825 5213 3.
1898 5161 1931 5224 w)
1951 5164 2030 5214 Melo·
2048 5186 2074 5223 to

402 5250 463 5299 duni
486 5250 512 5312 1;
532 5251 656 5301 hleliduoi
675 5250 698 5301 3.
788 5250 816 5316 x)
836 5253 943 5302 haberet
961 5249 985 5300 3.
1073 5247 1102 5315 y)
1121 5266 1187 5315 qnae
1209 5248 1234 5312 l;
1253 5251 1320 5314 quod
1340 5248 1363 5299 3.
1446 5249 1470 5306 nl
1489 5251 1727 5301 excommunicatus
1748 5248 1770 5312 l,
1781 5251 1899 5316 fortasse
1916 5258 2031 5299 erratum

402 5337 562 5402 typopraplri.
650 5337 677 5400 ιι)
695 5338 737 5388 ille
750 5335 774 5388 3.
846 5335 873 5403 1))
894 5339 1038 5388 iuramento
1056 5334 1081 5387 3.
1169 5334 1193 5400 e)
1211 5337 1326 5388 volentes
1345 5337 1399 5387 sire
1418 5337 1533 5387 nolentes
1551 5333 1614 5386 23.
1685 5333 1712 5400 d)
1732 5337 1847 5387 iurarent
1931 5337 2030 5387 llludo-

404 5423 467 5472 wieo
486 5441 534 5473 om.
553 5421 577 5473 3.
667 5422 692 5490 e)
711 5426 778 5474 vinni
798 5423 822 5475 2.
911 5421 934 5487 f)
953 5423 1101 5474 Baioeensis
1119 5420 1143 5474 3.

505 5541 531 5609 s)
551 5541 585 5594 A.
596 5542 654 5607 353,
666 5540 709 5594 dic
723 5542 763 5595 12.
776 5559 809 5595 m.
820 5541 900 5604 Νοιιῑ
918 5542 993 5596 Anu.
1003 5541 1104 5594 Bertim
1117 5542 1133 5594 l.
1143 5557 1179 5608 c.;
1198 5541 1336 5595 Dtlnrmlca·
1347 5543 1364 5596 l.
1375 5558 1396 5595 c.
1409 5543 1449 5606 1²,
1459 5558 1487 5608 p.
1498 5542 1557 5594 432.
1630 5541 1672 5604 ro)
1689 5541 1762 5595 Ano.
1778 5541 1879 5594 Bestiae.
1893 5543 1909 5594 l.
1919 5559 1940 5596 c.
1951 5560 1979 5610 p.
1989 5545 2031 5598 bl.

405 5644 445 5708 11)
462 5641 517 5707 Csr.
538 5641 616 5695 Corin.
636 5661 680 5712 (tp.
703 5643 845 5696 Marsuam
866 5644 905 5711 ΙΙ,
916 5645 976 5708 851,
994 5661 1078 5711 sitprn
1092 5661 1119 5710 p.
1134 5645 1175 5712 74,
1195 5643 1319 5697 Adnant.
1339 5643 1424 5696 Hlarl.
1509 5645 1551 5708 12)
1564 5643 1720 5696 Senoncasi.
1793 5645 1834 5712 13)
1855 5645 2030 5714 Deperditum
2049 5667 2074 5706 50

401 5751 449 5808 est·
466 5748 513 5811 cfr.
528 5747 836 5800 Bassia-Mourmate-
854 5763 895 5799 ιιι.
913 5749 976 5800 1391
986 5764 1011 5798 n.
1101 5749 1144 5808 11)
1160 5746 1262 5800 lfelito.
