4568 6420
361 466 630 522 ADDl'l'AhlENTh
649 466 699 520 AD
717 465 833 521 CAPIT.
851 467 933 522 Rue.
953 465 1137 521 ananelus
1155 463 1347 521 occludat.
1368 463 1519 532 (KAROLI
1531 464 1576 533 ll).
1596 496 1627 503 —
1647 464 1765 520 Nam
1817 469 1881 530 429

248 637 344 703 nobis
368 640 491 707 dictum
515 663 535 706 a
558 641 696 707 veritate
719 640 885 706 veraciter
906 640 1042 703 seimus:
1069 631 1174 702 ιΝοιι6
1197 660 1254 703 vos
1271 640 1362 720 estis,
1386 639 1443 724 qui
1467 639 1646 725 loquimini,
1670 637 1727 702 sed
1744 639 1878 724 spiritus
1896 645 1956 700 858.

249 746 351 835 patris
374 746 486 825 vestri,
510 745 564 830 qui
588 745 732 830 loquitur
754 745 787 808 in
812 742 926 808 vobis.’

359 853 388 916 3.
422 849 466 914 Et
485 849 571 913 'licet
598 847 775 913 dominatio
803 854 914 912 vestra
943 847 1059 911 melius
1090 847 1232 924 noverit,
1261 845 1302 910 de
1332 848 1450 932 quibus
1479 847 1624 932 seriptis,
1654 847 1817 911 mandatis
1847 855 1880 911 et

249 953 342 1016 dictis
372 951 535 1030 dieamus,
564 959 674 1016 tamen
702 973 767 1016 non
796 950 837 1016 ab
868 971 903 1013 re
933 956 997 1028 est,
1028 951 1054 1012 si
1085 951 1183 1013 etiam
1214 955 1247 1012 et
1273 971 1333 1013 nos
1361 950 1419 1012 illa
1448 949 1487 1014 ad
1517 951 1707 1015 memoriam
1737 960 1878 1016 vestram

220 1055 457 1122 traducamus.
513 1055 624 1119 Primo
661 1054 789 1138 quidem
822 1075 883 1140 per
917 1052 1146 1137 Hildegarium
1178 1053 1404 1118 venerabilem
1438 1046 1649 1139 episcopum⁷
1684 1056 1814 1141 scriptis
1847 1063 1880 1119 et

249 1159 358 1240 dictis,
392 1156 536 1223 seeundo
566 1179 626 1242 per
654 1159 801 1221 Aeneam
832 1155 1081 1220 honorabilemu
1109 1147 1320 1240 episcopum⁸
1350 1156 1466 1219 litteris
1496 1164 1529 1219 et
1555 1157 1680 1240 verbio,
1713 1160 1791 1222 item
1821 1180 1881 1245 per

250 1262 398 1326 Aeneam
427 1261 550 1340 verbis,
580 1259 700 1325 deinde
729 1280 788 1344 per
816 1258 1031 1323 Hinemarum
1060 1258 1256 1323 Remensem
1288 1265 1321 1322 et
1342 1258 1574 1324 Wenilonem'
1603 1259 1878 1347 Rotomagensem

249 1367 527 1453 archiepiscopos,
556 1367 703 1429 iterumw
728 1385 787 1450 per
814 1363 944 1427 eosdem
969 1383 1041 1426 curn
1066 1364 1153 1439 aliis,
1184 1383 1266 1448 quos
1289 1363 1375 1447 ipsi¹
1399 1364 1554 1440 vocastis,
1583 1385 1639 1440 ea,
1671 1385 1756 1450 quae
1781 1365 1879 1429 saluti

248 1471 380 1534 luerunt
403 1490 563 1554 congrua,
600 1467 802 1532 sufficienter
824 1466 990 1546 audietis&
1023 1465 1168 1552 quando,
1198 1467 1283 1530 sicut
1311 1472 1345 1529 et
1374 1473 1464 1546 ante,
1493 1467 1684 1552 petivimus,
1712 1474 1748 1530 ut
1779 1467 1880 1532 irater

206 1598 232 1634 ιο
249 1580 360 1638 vester
394 1581 427 1638 et
456 1593 569 1637 omnes
599 1572 712 1635 fideles
748 1570 834 1634 illius
864 1577 939 1634 ante
969 1577 1112 1634 vestram
1143 1568 1353 1653 fideliumque
1382 1576 1564 1634 vestrorum
1598 1573 1817 1656 praesentiam
1845 1573 1879 1635 in

248 1679 394 1741 rationes
423 1679 493 1741 loco
522 1683 555 1739 ot
586 1683 733 1760 tempore
769 1694 911 1757 congruo
941 1674 1145 1736 venissemus
1174 1681 1222 1749 et,
1258 1693 1342 1757 quae
1375 1672 1462 1737 male
1494 1680 1588 1758 gesta
1616 1675 1740 1754 forent,
1769 1683 1877 1740 vestro

250 1782 385 1845 consilio
409 1788 443 1844 et
466 1781 590 1844 auxilio
614 1799 687 1843 eum
712 1776 774 1841 Dei
798 1776 961 1840 adiutorio
984 1776 1102 1840 fierent
1125 1774 1310 1840 emendata.
1356 1776 1420 1840 Pro
1445 1776 1562 1861 quibus
1585 1779 1736 1842 omnibus
1760 1778 1877 1843 dictis‘¹

249 1884 365 1948 valdeq
388 1905 452 1948 non
477 1881 748 1947 obaudientibus¹
771 1882 934 1958 timemus,
959 1879 1045 1964 quod
1069 1880 1201 1943 dicitur:
1225 1871 1292 1943 ‘Si9
1315 1901 1500 1944 sermonem
1525 1902 1631 1946 meum
1655 1890 1877 1961 servaverunt,

249 1994 283 2053 et
305 1994 449 2052 vestrum
473 1983 671 2065 servabunt’,
702 1983 901 2068 etreliqua,
929 2004 1014 2068 quae
1037 1982 1199 2047 Dominus
1228 1984 1454 2047 comminatur.
1501 1983 1544 2048 let
1572 1986 1599 2048 si
1629 1985 1687 2050 illa
1714 2007 1779 2050 non
1802 1991 1878 2050 aunt

208 2115 230 2152 n
250 2089 422 2170 exaudita,
454 2090 561 2175 putari
589 2094 700 2174 potest
728 2094 780 2151 et·
809 2107 868 2151 neo
897 2087 976 2164 ista,
1009 2105 1093 2171 quae
1123 2106 1180 2150 vos
1207 2086 1315 2150 dicitis
1344 2086 1429 2172 apud
1459 2109 1518 2152 nos
1549 2089 1633 2152 velle
1663 2110 1821 2175 quaerere
1846 2096 1879 2153 et

248 2194 378 2272 audire,
408 2190 638 2257 exaudientur.
684 2189 889 2274 Videturque
913 2185 1125 2273 quibusdam,
1149 2194 1199 2268 ut,
1224 2191 1308 2253 sieut
1330 2183 1538 2269 Dominus¹⁰‚
1562 2191 1692 2276 quando
1716 2193 1878 2277 quaesivit

248 2299 328 2362 licus
353 2298 385 2360 in
409 2297 559 2374 ficulnea,
584 2295 635 2358 cui
660 2293 839 2372 maledixit,
863 2311 936 2355 eum
960 2311 1024 2355 non
1041 2297 1140 2371 esset,
1165 2299 1251 2356 teste
1268 2294 1451 2378 evangelio,
1475 2302 1604 2379 tempus
1621 2296 1765 2373 ficorum,
1788 2295 1876 2360 aliud

249 2402 390 2466 voluerit
413 2397 620 2485 significaril,
653 2400 699 2462 ita
727 2406 760 2462 et
784 2399 816 2460 in
839 2396 901 2459 hoc
925 2396 1025 2460 citato
1049 2404 1083 2459 et
1106 2397 1286 2480 incongruo
1311 2405 1475 2461 conventu
1499 2405 1623 2462 remota
1646 2396 1877 2463 dominationis

249 2513 379 2568 vestrae
404 2504 606 2581 sinceritate,
637 2501 678 2565 de
706 2521 770 2586 qua
792 2499 872 2563 nihil
897 2508 1010 2565 contra
1032 2501 1208 2585 puritatem
1231 2501 1381 2564 volumus
1404 2506 1604 2580 autumare⁰,
1629 2502 1694 2566 alia
1717 2500 1877 2586 quaedam

206 2637 232 2676 so
249 2609 378 2693 possint
400 2609 549 2692 intelligi.
602 2605 646 2669 Et
668 2606 744 2690 quia
766 2605 883 2668 beatus
907 2603 1024 2668 Petrus
1047 2623 1175 2668 ornnem
1201 2611 1313 2669 monet
1335 2604 1538 2694 episcopum,
1568 2613 1604 2668 ut
1634 2597 1811 2690 ‘paratusfl
1836 2606 1878 2668 sit

247 2711 289 2776 ad
314 2711 572 2776 satisfactionem
596 2711 682 2775 omni
705 2707 854 2795 poscenti
879 2729 914 2771 se
931 2706 1112 2787 rationem’,
1136 2728 1220 2793 quae
1237 2728 1322 2772 nunc
1339 2707 1497 2789 videmus,
1521 2729 1580 2794 pro
1598 2716 1745 2794 tempore
1762 2709 1877 2772 damus

247 2813 388 2878 fideliter
411 2813 621 2877 dominationi
646 2820 777 2876 vestrae
802 2809 948 2874 consilia.

355 2921 385 2980 4.
418 2916 527 2980 Primo
544 2915 674 3000 quidem
693 2915 725 2977 in
741 2915 814 2999 ipsa
830 2911 939 2976 radice
956 2910 1062 2976 cordis
1079 2911 1256 2977 adventurn
1274 2919 1419 2977 vestrum
1435 2915 1468 2978 in
1486 2914 1547 2978 hoc
1564 2915 1700 3000 regnum
1716 2916 1877 3000 inspicite,

250 3028 284 3085 ct
313 3042 422 3085 eoram
452 3021 554 3084 oeulis
584 3018 731 3098 Domini,
760 3017 810 3082 cui
841 3014 1019 3081 secundum
1049 3017 1251 3102 psalmistam
1285 3003 1485 3100 ‘cogitatio¹²
1513 3019 1652 3083 hominis
1682 3016 1875 3097 confitetur’,

206 3157 231 3196 aa
251 3132 372 3189 statera
395 3124 570 3209 aequitatis
594 3107 790 3208 ponderate;
814 3126 848 3184 et
872 3119 1023 3204 quicquid
1047 3119 1230 3184 hortatores
1255 3129 1288 3184 et
1311 3121 1486 3185 consiliarii
1509 3143 1547 3186 ae
1570 3122 1756 3187 laudatores
1774 3123 1875 3186 vestri

249 3225 342 3292 vobis
366 3227 484 3306 dicant,
509 3226 549 3290 ad
573 3247 628 3290 cor
650 3223 788 3299 redite⁶;
818 3231 851 3286 et
874 3221 1024 3307 quicquid
1055 3222 1096 3287 ad
1127 3225 1392 3290 excusationem⁸
1421 3235 1454 3290 et
1481 3225 1792 3290 commendationem
1816 3225 1874 3290 ad-

250 3339 368 3396 ventus
384 3332 485 3395 vestri
501 3330 646 3394 invenire
663 3335 697 3392 et
712 3328 822 3392 dicere
839 3327 1022 3413 potueritis,
1047 3335 1190 3390 vestram
1207 3331 1440 3394 conscientiam
1456 3333 1655 3414 interrogate
1680 3338 1722 3410 et,
1746 3331 1773 3394 si
1797 3330 1876 3394 talia

250 3437 410 3499 sustinere
434 3434 542 3514 vultis,
566 3434 674 3517 qualia
696 3433 814 3511 laoitis,
837 3430 989 3496 iudicate.
1036 3430 1079 3494 Et
1102 3431 1189 3494 illam
1214 3431 1337 3512 horam,
1360 3453 1457 3519 quam
1480 3435 1560 3498 certi
1582 3435 1660 3498 estis
1685 3435 1762 3520 quia
1787 3434 1875 3498 nullo

249 3539 345 3603 modo
368 3537 514 3623 poteritis
538 3537 698 3622 effugere,
730 3534 858 3620 quando
881 3535 990 3598 anima
1015 3541 1123 3598 vestra
1150 3535 1190 3598 de
1223 3557 1358 3622 corporo
1391 3539 1496 3616 exiet,
1520 3544 1597 3602 ante
1620 3539 1740 3601 mentis
1764 3539 1875 3601 oeulos

206 3644 372 3730 seponite,
396 3641 524 3727 quaudo
541 3646 644 3704 totum
662 3637 817 3703 mundum
839 3643 872 3700 ct
888 3658 1017 3702 omnem
1034 3645 1228 3724 potestatem
1247 3648 1281 3704 et
1295 3661 1409 3705 omnes
1427 3640 1556 3706 divitias
1581 3649 1614 3707 et
1636 3643 1743 3727 ipsum
1758 3661 1875 3726 eorpus

250 3746 454 3832 derelinquet
477 3753 510 3810 et
533 3746 603 3809 sine
620 3742 778 3838 adiutorio
795 3742 905 3805 uxoris
929 3763 967 3806 ae
983 3741 1122 3806 liliorum
1147 3753 1180 3808 et
1204 3747 1274 3809 sine
1292 3746 1409 3810 solatio
1433 3754 1465 3810 et
1488 3748 1643 3811 comitatu
1659 3746 1836 3810 drudorum
1845 3737 1874 3785 ¹³

250 3857 348 3934 atque
365 3869 534 3914 vassorum
552 3848 639 3912 nuda
662 3855 695 3910 et
717 3847 865 3910 desolata
880 3845 983 3910 exibit
1006 3853 1050 3928 et,
1067 3847 1219 3931 quicquid
1235 3851 1391 3932 cogitavit
1413 3856 1447 3913 et
1463 3849 1613 3914 ordinare
1629 3849 1801 3936 disposuit,
1826 3851 1875 3913 in-

249 3951 354 4017 leeta‘
367 3953 518 4032 dimittet,
541 3954 626 4016 sicut
646 3950 725 4016 dicit
746 3952 919 4036 scriptura:
945 3942 1029 4014 ιΙιι14
1053 3951 1109 4014 illa
1131 3951 1183 4015 die
1199 3953 1354 4038 peribunt
1369 3974 1483 4018 omnes
1501 3954 1716 4039 cogitationes
1740 3950 1874 4030 aarum',

250 4063 283 4120 et
298 4056 423 4121 videbit
446 4057 554 4121 omnia
570 4063 707 4141 peccata
730 4075 788 4118 sua
811 4064 844 4118 et
866 4056 987 4118 sentiet
1004 4054 1119 4119 videns
1139 4054 1287 4120 diabolos
1311 4078 1347 4120 se
1364 4059 1624 4142 constringentes
1641 4065 1674 4122 et
1690 4064 1888 4144 coartantes

208 4187 234 4226 ιι
253 4167 295 4239 et,
320 4160 473 4244 quiequid
496 4168 610 4224 eontra
633 4159 802 4223 caritatem
827 4165 860 4222 et
883 4157 980 4222 iidem
1004 4157 1147 4223 debitam
1172 4161 1344 4244 cogitavit,
1369 4161 1574 4246 parabolavit
1597 4167 1631 4225 et
1652 4161 1731 4225 feeit
1754 4162 1787 4224 in
1810 4163 1873 4224 isto

252 4265 385 4328 saeculo
408 4271 442 4328 et
465 4283 522 4349 per
544 4261 661 4347 dignos
678 4263 900 4348 poenitentiae
917 4262 1042 4326 fructus
1067 4283 1132 4326 non
1149 4263 1347 4342 emendavit,
1371 4273 1448 4328 ante
1465 4265 1577 4328 oeulos
1594 4285 1724 4350 semper
1740 4264 1876 4329 babebit

250 4375 283 4429 et
305 4367 450 4451 effugere
466 4366 611 4430 volebits
633 4374 666 4430 et
689 4385 753 4430 aon
769 4365 903 4430 valebit.
948 4363 1032 4428 Nam
1049 4375 1173 4430 eertum
1190 4375 1250 4446 est,
1275 4368 1351 4451 quia
1373 4368 1414 4432 ad
1431 4389 1544 4433 omnes
1562 4368 1720 4446 homines,
1744 4366 1874 4453 quando

250 4469 462 4555 egrediuntur
485 4469 525 4534 de
557 4489 707 4556 corpore,
731 4467 886 4532 veniunth
909 4467 1048 4549 diaboli,
1078 4477 1111 4532 et
1133 4469 1174 4533 ad
1198 4471 1302 4534 iustos
1325 4480 1359 4535 et
1382 4471 1423 4536 ad
1446 4479 1654 4558 peccatorem
1685 4471 1742 4534 sed
1772 4479 1806 4534 et
1833 4471 1874 4535 ad

249 4577 355 4660 ipsum
372 4573 538 4639 Christum
555 4576 652 4655 venit,
674 4576 707 4638 in
731 4593 795 4658 quo
812 4592 906 4636 suum
930 4573 1010 4636 nihil
1027 4574 1160 4653 invenit,
1184 4575 1269 4637 siout
1285 4575 1440 4660 seriptum
1465 4583 1531 4640 est:
1561 4568 1707 4640 ‘Venitffi
1724 4575 1874 4661 princeps

205 4703 231 4742 ao
250 4679 345 4744 huius
369 4679 489 4758 mundi,
513 4685 546 4742 et
568 4679 602 4742 in
625 4699 677 4743 me
701 4699 766 4742 non
782 4676 881 4741 habet
897 4675 1090 4762 quicquam'
1141 4676 1184 4740 Et
1214 4677 1310 4742 crede
1333 4678 1428 4742 nobis
1452 4681 1627 4758 veraciter,
1650 4678 1728 4743 rex¹
1750 4680 1874 4741 utinam

250 4803 380 4870 semper
402 4783 488 4848 bone
512 4791 547 4848 et
569 4784 760 4862 christiane,
791 4804 852 4846 nec
875 4775 1062 4868 longeest,
1084 4783 1143 4847 sed
1168 4784 1246 4846 satis
1270 4791 1304 4846 et
1326 4783 1414 4867 plus,
1447 4803 1544 4868 quam
1568 4789 1726 4868 speretur,
1750 4779 1875 4866 propel

249 4887 307 4952 tibi
331 4896 383 4952 est
404 4887 482 4952 illal
505 4889 595 4952 hora.
647 4888 829 4974 Propterea
853 4909 916 4951 non
941 4896 973 4950 te
998 4886 1159 4951 seducant
1181 4889 1254 4968 ieta,
1279 4908 1363 4972 quae
1380 4887 1482 4952 vides.
1527 4886 1565 4950 In
1588 4893 1736 4972 tempore
1755 4887 1874 4970 quippe

352 5078 382 5146 ιι)
399 5081 555 5132 Parisiorum
574 5079 597 5132 5.
669 5078 697 5143 v)
711 5080 877 5131 Weualouem
889 5077 913 5130 2.
985 5078 1019 5143 w)
1037 5076 1222 5143 iterumque23
1241 5075 1425 5142 immunem)¹
1497 5075 1574 5142 x)ibi
1589 5078 1610 5128 l.
1681 5076 1711 5145 y)
1729 5077 1872 5129 audiatisb.

248 5166 272 5228 a)
291 5166 367 5218 valde
385 5167 446 5218 odd.
466 5165 490 5218 5.
577 5166 603 5229 a)
622 5168 689 5232 quad
702 5167 731 5222 ,5.
820 5166 847 5226 b)
866 5166 1012 5232 significare
1029 5163 1053 5216 5.
1136 5165 1160 5228 c)
1180 5166 1310 5216 autumari
1328 5165 1398 5215 haud
1415 5165 1470 5216 alia
1485 5163 1509 5214 5.
1592 5164 1620 5228 d)
1638 5165 1736 5216 reddite
1753 5164 1785 5224 4;
1801 5165 1874 5216 redu·

203 5279 229 5317 ts
248 5253 297 5303 cita
315 5251 338 5303 b.
445 5253 470 5318 a)
488 5255 677 5304 accusationem
698 5252 725 5316 1;
753 5269 839 5305 excus.
859 5259 885 5302 et
902 5270 949 5302 om.
968 5249 1053 5304 3-5.
1160 5253 1184 5316 s)
1202 5253 1325 5303 inlectam
1343 5252 1369 5303 b.
1473 5251 1502 5317 g)
1520 5250 1590 5302 volet
1608 5250 1631 5301 1.
1651 5249 1674 5300 4.
1694 5249 1722 5314 53
1746 5251 1874 5302 evolabit

248 5355 315 5388 carr.
334 5338 358 5390 3.
447 5339 475 5402 h)
494 5355 543 5390 cm.
561 5338 585 5390 2.
673 5337 692 5403 i)
710 5347 735 5389 et
754 5339 816 5389 add.
835 5337 858 5388 2.
947 5337 975 5398 k)
994 5353 1163 5405 praepropera
1181 5338 1249 5390 inest
1266 5337 1311 5389 illa
1328 5338 1351 5388 ὁ.

352 5511 380 5578 6)
403 5507 499 5564 Mattln
519 5508 559 5574 10,
569 5508 611 5562 20.
694 5509 721 5576 7)
742 5507 913 5562 Mammea.
994 5507 1023 5576 8)
1040 5507 1224 5562 Pusam.
1307 5507 1335 5574 9)
1355 5506 1410 5560 Iob.
1426 5506 1516 5572 15,20.
1599 5507 1642 5576 10)
1664 5507 1761 5560 Motlb.
1779 5508 1822 5574 21,
1834 5509 1874 5562 19.

249 5616 293 5682 11)
314 5617 335 5669 1.
348 5614 417 5668 Patr.
435 5615 510 5682 3,15.
607 5615 650 5681 12)
669 5613 766 5667 Psalm.
786 5614 828 5682 75,
841 5616 881 5667 11.
979 5613 1022 5679 13)
1042 5613 1115 5669 Le:
1133 5611 1258 5680 fidelium,
1275 5612 1436 5678 anismam,
1451 5613 1500 5678 cfr.
1520 5611 1571 5664 Du
1590 5611 1751 5681 Odrysae
1769 5611 1875 5680 drudes,

248 5720 346 5788 drudi‚·
364 5719 437 5785 Dte,
456 5719 572 5788 Ialymol.
597 5717 667 5772 WB.
685 5717 710 5772 d.
727 5735 791 5772 rom.
812 5719 873 5788 Spr.
889 5718 914 5788 I,
933 5735 953 5773 s.
966 5736 988 5772 o.
1007 5717 1105 5772 doatda.
1196 5719 1238 5784 14)
1258 5717 1358 5772 Psalm.
1381 5719 1436 5786 145,
1446 5719 1471 5772 4.
1561 5720 1604 5784 lb)
1623 5717 1680 5772 Iob.
1694 5719 1785 5786 14‚30.
