4590 6420
358 447 626 504 ADDlTAMENTA
646 450 695 504 AD
713 451 828 506 CAPIT.
849 451 928 507 ΗΕΘ.
948 453 1132 510 l‘RsNCIAls'
1152 458 1341 513 OCClllllNT.
1360 459 1508 528 (Kabom
1523 461 1567 529 ll).
1580 491 1612 501 -
1626 461 1675 515 Nr.
1687 463 1745 517 293
1798 465 1854 527 391

342 645 390 707 ll.
425 639 475 704 De
501 639 596 705 rebus
628 643 859 709 ecelesiasticis
890 665 953 709 non
979 668 1094 732 perra-

469 744 594 811 dandis.

345 958 391 1018 l‘l.
426 953 475 1018 Ut
497 953 575 1018 ordo
592 955 835 1020 ecclesiasticus
855 957 1024 1042 antiquum
1049 961 1095 1023 ri·

470 1078 582 1141 gorem
595 1058 741 1145 recipiat,
759 1058 913 1125 iudicium
926 1069 959 1127 et
970 1063 1096 1129 iustitia

470 1162 619 1227 omnibus
637 1161 790 1228 reddatur
806 1170 839 1228 et
854 1164 895 1230 de
913 1167 1096 1253 praeteritis

471 1265 634 1331 erroribus
658 1266 861 1353 poenitentia
883 1274 1010 1353 agatur.

378 1489 435 1555 le
459 1490 609 1577 synodo
632 1490 731 1578 apud
756 1491 1001 1559 Lauriacum.

344 1615 391 1676 13.
428 1611 478 1676 De
502 1632 556 1692 eo,
588 1613 641 1698 qui
671 1613 926 1680 eeclesiasticam
956 1620 1095 1683 auctori-

472 1720 572 1780 tatem
595 1717 784 1783 contemnit.

345 1826 391 1888 14.
426 1819 477 1884 De
495 1840 544 1898 eo,
568 1820 621 1905 qui
638 1826 749 1885 contra
765 1821 888 1906 regiam
905 1822 1097 1910 dignitatem

473 1923 578 2007 egisse
602 1926 843 2011 comprobatur.

344 2030 391 2091 15.
426 2025 478 2092 De
502 2047 551 2106 eo,
575 2029 630 2114 qui
647 2030 803 2114 potestati
828 2031 940 2115 regiae
958 2053 1021 2096 non
1039 2033 1096 2098 ob·

472 2137 641 2217 temperat.

344 2237 391 2298 16.
425 2232 476 2300 De
500 2256 556 2314 eo,
584 2235 638 2320 qui
668 2234 826 2302 adversus
850 2237 932 2304 haec
956 2240 1099 2326 capitula

472 2340 727 2425 praevaricatur.

387 2561 445 2626 Ex
469 2563 618 2648 synodo
641 2565 744 2652 apud
766 2566 996 2632 Belracum.

347 2687 394 2749 17.
428 2683 541 2750 Utres
558 2685 707 2752 ecclesiis
725 2687 855 2754 ablatae
873 2689 1096 2754 restituantur.

348 2893 395 2956 18.
431 2891 476 2956 Ut
491 2898 669 2980 praecepta
684 2893 796 2960 illicita
818 2895 859 2961 de
878 2894 974 2962 rebus
991 2898 1098 2963 eccle-

473 2997 614 3062 siasticis
637 2999 874 3068 rescindantur.

347 3102 394 3164 19.
428 3099 474 3166 Ut
494 3102 634 3168 iniustae
658 3104 909 3172 consuetudines
933 3105 974 3172 ab
992 3107 1097 3172 ecole-

473 3205 522 3270 sia
545 3227 608 3272 nou
632 3207 815 3294 exigantur.

341 3310 392 3374 20.
427 3307 474 3374 Ut
497 3309 590 3375 missi
613 3310 809 3397 dirigantur,
842 3313 897 3400 qui
925 3313 1098 3400 inquirant,

474 3432 558 3499 quae
587 3413 628 3479 ad
658 3436 769 3502 regem
802 3423 837 3482 et
864 3416 1098 3505 rempublicam

474 3517 650 3603 pertinent.

343 3623 393 3685 21.
428 3619 480 3685 De
518 3623 674 3707 precariis
713 3630 746 3688 et
789 3626 1098 3691 commutationibus

473 3731 612 3790 vacante
636 3725 715 3792 aede
739 3727 843 3793 factis.

344 3936 395 3997 22.
430 3932 481 3998 De
497 3935 663 4019 precariis,
687 3933 848 4021 quomodo
864 3935 935 3998 lieri
950 3958 987 4001 ae
1003 3957 1098 4003 reno-

475 4039 542 4102 vari
577 4037 732 4120 debeant,
773 4043 807 4104 et
840 4037 881 4103 de
917 4041 1100 4128 praeceptis

474 4143 651 4228 regalibus.

344 4248 394 4311 23.
429 4245 479 4311 De
503 4245 807 4312 commutationibus
832 4267 939 4312 rerum
963 4247 1100 4312 eeclesi-

473 4351 658 4416 asticarum.

344 4458 395 4518 24.
431 4453 476 4519 Ut
499 4455 659 4521 ecclesiae
677 4461 789 4520 contra
806 4474 1018 4541 oppressores
1042 4455 1098 4520 de-

475 4558 657 4625 laudantur.

402 4785 445 4849 In
472 4782 624 4869 synodo
651 4782 858 4849 Meldensi
881 4791 984 4848 acta.

344 4909 395 4972 25.
429 4903 523 4979 Quod
547 4904 663 4970 domus
684 4904 830 4991 episcopi
853 4910 941 4968 recte
959 4903 1101 4969 ordinari

476 5015 510 5074 et
533 5009 683 5096 componi
706 5007 835 5075 debeat.

344 5324 396 5386 26.
432 5321 477 5387 Ut
492 5321 622 5386 domum
635 5321 780 5408 episcopi
795 5320 938 5385 feminae
956 5341 1019 5385 non
1037 5319 1103 5384 ire·

476 5430 632 5510 quenteut
648 5445 707 5489 nec
723 5424 756 5488 in
774 5445 814 5488 ea
829 5444 926 5509 reges
942 5430 998 5489 aut
1014 5425 1102 5511 priu-

476 5528 564 5614 cipes
588 5527 774 5593 saeculares
797 5526 852 5592 diu
876 5535 1054 5594 versentur.

346 5736 374 5805 d)
393 5741 425 5790 Et
442 5739 516 5806 infra
534 5756 555 5789 a.
567 5735 609 5789 20.

1193 650 1287 724 Quod
1312 652 1470 716 canonica
1497 653 1601 716 forma
1627 659 1660 716 et
1683 653 1862 718 monastica
1879 657 1938 714 845.

1237 755 1409 839 religiosos
1442 756 1604 842 principes
1636 778 1698 820 non
1737 756 1862 821 habena

1236 859 1434 923 titubaverit.

1193 959 1287 1033 Quod
1311 962 1391 1027 ordo
1414 963 1665 1028 ecclesiasticus
1683 962 1860 1028 secundum

1236 1065 1401 1150 antiquam
1416 1066 1685 1132 consuetudinem
1703 1088 1796 1130 suum
1814 1068 1860 1131 ri-

1235 1190 1349 1253 gorem
1371 1171 1515 1256 recipiat.

1194 1618 1245 1682 De
1276 1617 1405 1703 publico
1438 1616 1566 1682 divinae
1598 1619 1682 1704 legis
1718 1621 1862 1704 prevari-

1238 1726 1358 1786 catere.

1195 1824 1230 1918 Si
1261 1825 1332 1910 quis
1360 1830 1473 1889 contra
1512 1825 1635 1910 regiam
1669 1826 1863 1912 dignitatem

1238 1927 1350 1993 dolose
1374 1927 1487 2012 egerit.

1195 2031 1230 2097 Si
1259 2033 1331 2116 quis
1361 2037 1555 2117 potestatem
1586 2031 1709 2118 regiam
1738 2039 1863 2098 eontra-

1237 2134 1346 2200 dicere
1369 2135 1612 2221 presumpserit.

1194 2239 1246 2304 Dc
1270 2259 1328 2318 co,
1353 2239 1406 2324 qui
1431 2238 1570 2324 propriis
1594 2237 1744 2303 manibus
1767 2241 1862 2306 robo-

1237 2349 1308 2408 rata
1331 2343 1453 2407 violare
1477 2342 1700 2429 temptaverit.

1196 2687 1242 2752 Ut
1258 2710 1309 2754 res
1324 2687 1549 2753 eclesiasticae
1566 2686 1675 2752 ablate
1693 2687 1864 2752 restituun-

1238 2799 1290 2856 tur
1311 2798 1344 2856 et
1368 2792 1541 2858 restitutae
1565 2797 1808 2856 conservantur.

1195 2895 1241 2961 Ut
1263 2901 1420 2983 precepta
1451 2896 1575 2960 inlicita
1604 2895 1674 2961 sine
1706 2894 1864 2961 dilatione

1237 2999 1473 3065 rescindantur.

1194 3103 1241 3168 Ut
1263 3102 1304 3169 ab
1328 3104 1458 3169 eclesiis
1483 3103 1622 3168 iniustae
1640 3102 1865 3169 exortationes

1238 3229 1303 3272 non
1327 3213 1531 3273 exactentur.

1195 3310 1260 3375 Ut<¹
1280 3333 1321 3377 ne
1339 3311 1617 3396 magnificenciam
1634 3317 1772 3376 vestram
1788 3311 1864 3376 illuc

1238 3415 1395 3481 indecens
1418 3421 1451 3480 et
1474 3415 1622 3480 inouesta
1646 3414 1782 3502 inpellat
1806 3436 1864 3481 ne-

1240 3519 1389 3586 cessitas.

1196 3623 1241 3688 Ut
1257 3623 1422 3710 precariae
1445 3630 1479 3689 et
1495 3623 1765 3688 commutationes
1781 3628 1864 3687 tern-

1240 3748 1319 3813 pore
1336 3725 1542 3792 viduatarum
1561 3727 1754 3794 eclesiarum
1777 3726 1864 3793 facte

1130 3879 1132 3884 -
1240 3829 1474 3896 rescindantur.

1197 3934 1241 3999 Ut
1264 3935 1430 4021 precariae
1460 3934 1500 4000 de
1534 3934 1630 4000 rebus
1654 3935 1865 3999 eclesiasticis

1240 4039 1310 4105 fieri
1334 4037 1443 4127 [non0]
1468 4045 1708 4125 presumuntur.

1199 4243 1242 4310 Ut
1266 4246 1502 4310 aemulationes
1529 4265 1637 4309 rerum
1661 4244 1864 4310 aeclesiasti-

1284 4370 1395 4414 carum
1418 4348 1514 4413 valde
1538 4354 1724 4414 caveantur.

1197 4454 1244 4520 Ut
1267 4460 1379 4518 eontra
1409 4451 1642 4539 depredatores
1671 4459 1705 4516 et
1729 4473 1865 4539 oppres-

1241 4578 1333 4622 sores
1357 4557 1551 4622 eclesiarum
1575 4556 1737 4622 existatis.

1198 4904 1244 4969 Ut
1267 4925 1331 4969 non
1354 4904 1462 4968 selum
1478 4901 1657 4967 seeundum
1681 4901 1867 4988 apostolum

1242 5007 1352 5072 domui
1373 5028 1451 5072 suae
1472 5003 1677 5093 specialitert
1696 5005 1867 5092 episcopus

1242 5112 1327 5179 bene
1362 5111 1481 5197 presit,
1519 5129 1633 5174 verum
1667 5115 1701 5174 et
1739 5107 1868 5172 domum

1242 5216 1455 5303 temporalem
1479 5219 1627 5279 ornatam
1650 5212 1780 5279 habeat.

1200 5320 1249 5387 lle
1274 5320 1450 5408 episcopio,
1475 5317 1562 5404 quod
1585 5315 1699 5382 domus
1723 5317 1867 5404 episcopi

1242 5423 1436 5512 appelletur.

699 5739 723 5801 a)
742 5755 790 5790 om.
811 5738 830 5789 1.
920 5739 945 5802 t')
964 5739 1001 5789 ita
1021 5737 1041 5788 l.
1056 5755 1109 5804 pro
1127 5735 1286 5804 spiritalitcr3
1304 5737 1352 5802 cfr.
1370 5736 1446 5801 irrfm
1463 5751 1485 5785 c.
1500 5733 1541 5786 25.
