4560 6426
392 461 637 518 carnuntum
662 466 791 522 REGUM
811 468 996 524 FRANOIAE
1015 469 1277 524 OCCllllJNTALlS
1295 470 1444 538 (KAROLI
1457 471 1502 540 ΙΙ).
1523 501 1555 510 -
1573 471 1621 525 Νι.
1634 473 1693 526 272.
1795 477 1857 537 305

229 634 363 712 iustitia,
387 647 420 700 ct
440 639 494 723 qui
512 638 611 703 dixit:
636 637 742 725 ‘Ego⁸
765 655 864 706 summ
889 641 1030 724 veritas',
1055 646 1116 709 nisi
1140 644 1238 730 digne
1255 646 1483 729 poenituerint,
1508 666 1580 709 eum
1604 645 1687 710 Iuda
1703 646 1855 712 traditore
1873 653 1933 708 862.

230 738 353 804 Christi
376 748 512 808 aeterna
535 751 713 829 expectant
736 749 897 812 incendia.
944 749 986 812 Et
1010 751 1087 836 quia
1110 751 1242 834 sanguis
1259 750 1453 832 sanguinem
1476 749 1594 833 tetigit,
1617 749 1650 814 id
1674 758 1725 814 cst
1743 750 1858 836 culpae

230 844 334 929 culpis
369 846 543 912 adiunctae
568 855 644 912 sunt
668 855 718 929 et,
749 852 833 914 sicut
856 853 1010 938 scriptum
1035 860 1100 933 est,
1125 843 1353 918 ‘adulterium9
1377 858 1411 916 et
1433 851 1643 918 homicidium
1667 861 1700 917 et
1723 854 1857 919 menda-

230 948 314 1012 cium
338 957 370 1012 ct
394 951 512 1014 furtum
537 959 570 1016 et
593 954 769 1039 periurium
794 954 1044 1021 inundaverunt’
1069 965 1102 1021 et
1126 947 1362 1043 ‘iniquitatesffl
1384 961 1514 1021 nostrae
1532 979 1765 1042 supergressae
1784 969 1859 1023 sunt

199 1051 338 1137 ⁵capita
370 1053 507 1132 nostra’,
540 1056 613 1120 ideo
646 1058 772 1122 nobiles
812 1061 913 1123 nostri
944 1065 976 1122 et
1005 1059 1046 1124 de
1078 1060 1259 1146 episcopali
1287 1058 1419 1122 ordine¹¹
1452 1065 1486 1123 et
1514 1059 1555 1124 dc
1586 1060 1657 1124 aliis
1689 1061 1857 1128 ordinibus

230 1154 438 1236 interierunt,
464 1165 497 1222 ct
520 1161 605 1244 capti
629 1181 702 1224 cum
724 1162 866 1225 maximo
890 1162 1084 1227 detrimento
1108 1170 1142 1226 et
1165 1163 1257 1246 regni
1281 1169 1314 1227 et
1337 1162 1495 1227 ecclesiae
1521 1172 1596 1228 sunt
1619 1173 1675 1229 aut
1698 1167 1857 1253 redempti

230 1266 287 1321 aut
308 1259 505 1348 interempti.
551 1262 594 1327 Et
617 1265 694 1349 quia
716 1287 774 1328 nos
798 1287 856 1350 per
881 1273 1019 1351 peccata
1043 1272 1155 1331 nostra
1179 1288 1198 1332 a
1221 1272 1309 1330 terra
1323 1267 1501 1331 viventium
1518 1269 1717 1354 peregrinati
1735 1291 1858 1350 sumus,

231 1363 366 1445 idcirco,
391 1365 646 1453 sicut'scriptum
664 1376 731 1448 est,
756 1363 959 1455 ‘prophetass
978 1379 1011 1434 et
1028 1371 1182 1435 sacerdos
1200 1372 1306 1434 ierunt
1322 1372 1500 1448 interram,
1525 1393 1623 1456 quam
1639 1371 1856 1457 ignorabant'

231 1465 275 1530 nt
298 1476 372 1552 post
395 1469 476 1534 haec
500 1474 608 1536 omnia
635 1474 707 1558 pius
737 1481 845 1557 pater,
878 1474 969 1538 cuius
998 1475 1107 1538 multis
1139 1474 1401 1538 miserationibus
1432 1496 1495 1539 non
1524 1496 1636 1539 sumus
1666 1478 1857 1564 consumpti,

189 1579 213 1616 ¹⁰
232 1565 355 1656 ‘quia12
379 1596 443 1638 non
467 1575 659 1641 deiecerunt
681 1579 910 1643 miserationes
934 1578 1026 1658 cius',
1057 1587 1206 1644 materna
1235 1580 1359 1666 pietate
1384 1599 1442 1642 nos
1466 1578 1612 1663 flagellat
1635 1585 1668 1643 et
1691 1587 1856 1666 expectat,

231 1683 266 1739 ut
289 1677 360 1762 ipsa
384 1681 514 1744 vexatio
537 1679 637 1746 donet
660 1682 860 1747 intellectum
877 1683 1001 1747 auditui
1026 1691 1145 1762 nestro,
1172 1685 1247 1769 quia
1269 1682 1326 1747 illa
1343 1682 1477 1747 credere
1493 1682 1666 1762 noluimus,
1690 1705 1774 1769 quae
1798 1704 1857 1769 per

231 1781 405 1866 scripturas
420 1783 514 1848 nobis
532 1806 567 1848 se
583 1785 746 1848 illaturum
764 1787 923 1872 promisit,
947 1789 975 1851 si
992 1787 1078 1851 illius
1095 1789 1300 1852 voluntatem
1323 1808 1388 1851 noa
1404 1786 1607 1852 fecerimus0.
1655 1786 1698 1851 Et
1713 1787 1857 1852 ostendit

231 1884 322 1948 nobis
346 1887 378 1950 in
402 1887 618 1952 exterioribus
643 1891 899 1968 vastationibus,
927 1911 1010 1975 quae
1040 1889 1080 1954 dc
1105 1890 1313 1954 interioribus
1337 1889 1646 1976 depopulationibus
1671 1891 1856 1976 intelligere

231 1986 426 2068 debeamus,
457 1999 511 2054 ctp
539 1992 728 2057 intellectaq
758 1993 799 2057 ad
828 1993 920 2057 illum
951 1992 1122 2058 redeamus
1155 1998 1205 2057 etr
1235 1993 1418 2070 eradamus,
1451 1993 1543 2078 quia·
1567 1994 1683 2058 iterum
1706 1994 1799 2059 nobis
1823 1996 1855 2059 in

190 2107 213 2145 1³
232 2093 390 2178 scriptura
413 2095 634 2180 multipliciter
656 2098 815 2182 promisit.
871 2095 962 2161 Inter
992 2118 1075 2181 quac
1100 2098 1271 2178 veraciter,
1305 2098 1407 2162 sicut2
1429 2098 1565 2179 veritas,
1598 2097 1695 2161 dixit:
1720 2097 1855 2163 ‘Rever-

232 2190 372 2261 ὲὶιιιίιιί13
392 2199 436 2262 ‘ad
459 2221 521 2279 me,
546 2208 579 2265 et
602 2222 663 2286 ego
685 2208 831 2266 revertar
855 2201 894 2265 ad
919 2199 1003 2276 v0s3'
1029 2209 1076 2266 ct:
1102 2193 1262 2273 ‘Quare14
1286 2202 1467 2266 moriemini
1491 2202 1524 2265 in
1545 2203 1687 2287 peccatis
1704 2199 1855 2266 restrist’

231 2299 276 2364 Et
298 2302 372 2386 quia
394 2324 459 2368 non
483 2304 680 2369 credidimus
705 2306 917 2391 promittenti,
941 2306 1111 2370 credamus
1129 2306 1282 2370 tandemu
1306 2305 1479 2392 aliquando
1498 2307 1549 2370 vel
1566 2307 1700 2370 iuranti:
1725 2297 1856 2370 ‘vivoffl

232 2427 309 2491 ego,
333 2406 411 2471 dicit
434 2407 610 2486 Dominus,
636 2411 710 2473 nolo
734 2417 871 2474 mortem
893 2412 1093 2495 peccatoris,
1125 2410 1182 2475 sed
1206 2419 1242 2474 ut
1266 2417 1472 2475 convertatur
1496 2418 1529 2473 et
1553 2408 1666 2484 vivat?
1692 2418 1724 2474 et
1748 2403 1857 2474 ‘nisiffi

233 2512 380 2574 conversi
404 2512 580 2587 fuerimus,’
607 2515 689 2578 sicut
713 2515 775 2577 iam
801 2513 955 2592 videmus,
980 2512 1135 2596 ‘gladium
1160 2535 1253 2576 suum
1277 2513 1450 2590 vibravitv,
1475 2533 1584 2575 arcum
1610 2510 1724 2593 suum',
1749 2513 1855 2578 idest

189 2614 423 2692 coviudictam,
454 2618 604 2682 ‘tetendit
633 2628 666 2682 et
697 2616 832 2703 paravit'
866 2617 906 2680 ad
932 2616 1149 2680 exercendam
1179 2617 1343 2681 duriorem
1372 2616 1562 2702 uindictam3
1596 2618 1680 2680 sicut
1708 2618 1783 2680 item
1815 2618 1855 2681 de

234 2719 381 2804 reprobis
405 2721 551 2785 dictumw
574 2727 639 2786 est:
664 2713 811 2807 ‘Ignis¹⁶,
836 2721 972 2807 sulphur
1007 2726 1039 2784 et
1067 2722 1198 2806 spiritus
1226 2722 1442 2806 procellarum
1471 2743 1546 2807 pers
1580 2721 1689 2784 calicis
1722 2719 1856 2803 eorum,’

233 2830 267 2887 et
288 2824 365 2896 hoc,
397 2825 483 2912 quod
507 2826 654 2890 videmus
679 2832 712 2890 ct
735 2827 903 2908 sentimus,
928 2847 1002 2911 pars
1027 2835 1081 2889 ct¹
1105 2825 1282 2898 vindictae;
1306 2825 1381 2909 quia
1403 2826 1524 2889 maiora
1549 2831 1582 2889 et
1605 2825 1700 2910 plura
1724 2832 1757 2888 et
1780 2847 1854 2910 gra-

232 2927 322 2992 viora
346 2931 478 2995 venient
500 2951 599 3017 super
621 2951 691 3008 nos,
715 2930 776 2994 nisi
806 2930 960 2994 fuerimus
991 2931 1155 3010 conversi,
1187 2936 1223 2992 ut
1253 2931 1408 3014 scriptum
1440 2936 1505 2992 est:
1537 2920 1750 3012 ‘Pugnabitff
1779 2940 1857 3014 proy

233 3058 272 3101 eo
296 3034 383 3098 orbis
407 3043 566 3099 terrarum
589 3041 702 3099 contra
717 3031 924 3098 insensatos!
971 3031 1075 3111 Unde,
1100 3034 1184 3097 sicut
1199 3032 1279 3096 dicit
1294 3033 1472 3117 apostolus,
1498 3025 1627 3096 ‘sicutffi
1645 3031 1855 3096 exhibuimus

189 3159 213 3198 ‘2⁵
232 3141 379 3205 membra
401 3144 512 3203 nostra
535 3160 626 3204 arma
648 3139 827 3223 iniquitatis
852 3145 987 3224 peccato
1012 3137 1053 3201 ad
1076 3136 1283 3200 serviendum
1306 3135 1530 3200 immunditiae
1555 3143 1587 3200 et
1609 3136 1785 3221 iniquitati,
1810 3138 1855 3200 ita

232 3243 446 3308 exhibeamus
461 3241 609 3305 membra
625 3248 736 3305 nostra
752 3241 874 3305 servire
891 3241 1031 3305 iustitiae
1055 3243 1088 3305 in
1105 3235 1417 3304 sanctificationem’
1462 3239 1547 3315 Quia
1564 3231 1799 3324 ‘stipendia¹⁸',
1822 3240 1855 3304 id

233 3355 282 3413 est
304 3347 491 3425 retributio,
516 3345 652 3430 ‘peccati
675 3366 780 3420 mors;
808 3348 913 3432 gratia
937 3355 1045 3411 autem
1070 3343 1141 3409 Dei'
1170 3367 1227 3432 pro
1258 3346 1351 3410 nobis
1381 3345 1532 3431 operibus
1559 3346 1631 3430 ipsa
1661 3344 1781 3409 donata
1804 3352 1856 3410 est

234 3453 312 3516 ‘vita
334 3447 488 3515 aeterna'.
534 3450 576 3513 Et
605 3451 705 3528 sicut,
734 3451 862 3536 quando
891 3451 1032 3515 solemus
1056 3449 1096 3515 dc
1120 3451 1190 3513 istis
1214 3448 1440 3534 frequentibus
1469 3447 1639 3512 itineribus
1670 3449 1791 3514 reverti
1815 3450 1856 3514 ad

232 3556 419 3620 mansiones
449 3561 576 3618 nostras
600 3553 725 3617 detonsi
754 3561 787 3618 et
816 3554 978 3618 delavati¹
1006 3575 1079 3617 cum
1107 3552 1239 3639 drappis
1268 3558 1301 3618 et
1324 3551 1546 3617 calciamentis
1569 3550 1780 3636 depannatis,
1805 3559 1855 3618 et*

190 3683 215 3720 so
233 3667 309 3725 tuac
332 3678 390 3722 nos
415 3657 577 3721 reficimus
601 3664 634 3720 ct
663 3677 867 3742 reparemus,
900 3659 945 3719 ita
968 3656 1019 3719 vel
1049 3677 1133 3720 nunc
1160 3675 1348 3741 reparemus
1377 3675 1434 3718 nos
1461 3674 1521 3739 per
1550 3675 1605 3718 cor
1629 3655 1800 3720 contritum
1824 3663 1857 3720 et

232 3763 436 3828 humiliatum
470 3768 502 3824 et
532 3781 591 3845 per
621 3761 844 3825 confessiones
874 3783 917 3824 ex
948 3781 1027 3845 puro
1058 3758 1154 3823 corde
1185 3767 1217 3822 et
1247 3781 1305 3844 per
1333 3757 1567 3842 benignitatem
1596 3759 1714 3823 mentis
1743 3765 1776 3824 ct
1798 3780 1857 3845 per

233 3865 440 3932 concordiam
463 3885 535 3927 cum
559 3863 621 3928 Dei
646 3865 823 3940 voluntate,
848 3865 924 3949 quia
955 3884 1012 3949 per
1035 3861 1228 3927 discordiam
1261 3870 1294 3926 et
1320 3882 1456 3946 regnum
1480 3860 1566 3925 istud
1588 3863 1770 3947 temporale
1795 3863 1855 3927 im-

232 3972 390 4037 minutum
420 3975 453 4032 et
475 3989 558 4053 pene
582 3967 747 4032 desertum
771 3973 804 4031 et
826 3974 995 4032 aeternum
1019 3988 1154 4051 regnum
1177 3965 1338 4052 perditum
1361 3965 1534 4045 habemus,
1558 3965 1635 4051 quia
1659 3987 1718 4029 nec
1742 3987 1856 4032 omncs

235 4095 330 4160 reges
347 4094 420 4138 esse
437 4091 609 4158 possumus
632 4093 693 4135 uec
709 4092 820 4156 regem
838 4092 937 4157 super
958 4093 1016 4134 nos
1032 4091 1051 4134 a
1066 4070 1138 4135 Deo
1164 4070 1374 4133 constitutum
1397 4107 1438 4116 -
1462 4071 1568 4154 quial,
1592 4069 1676 4133 sicut
1699 4071 1856 4156 scriptum

189 4205 214 4243 ss
234 4186 299 4259 est,
323 4166 522 4262 ‘imposuitffi
545 4174 690 4238 homines
714 4196 811 4262 super
835 4175 942 4260 capita
965 4170 1084 4238 nostra’
1110 4173 1291 4237 -habere
1316 4173 1514 4237 sustinemus
1544 4193 1607 4236 non
1636 4171 1856 4269 attendentes,

233 4283 319 4368 quia,
344 4281 429 4345 sicut
452 4277 530 4342 dicit
553 4279 735 4363 apostolus,
765 4269 877 4342 ‘non20
900 4284 949 4343 est
972 4283 1117 4364 potestas
1141 4277 1204 4342 nisi
1227 4299 1247 4340 a
1269 4276 1357 4356 Deo,
1387 4283 1420 4341 et
1451 4278 1504 4361 qui
1533 4278 1688 4363 potestati
1720 4279 1856 4360 resistit,

233 4385 295 4450 Dei
311 4383 504 4448 ordinationi
520 4379 667 4457 resistit’;
697 4383 849 4467 quoniam
865 4381 967 4462 Deus,
991 4383 1044 4467 qui
1067 4381 1287 4445 essentialiter
1311 4387 1360 4446 est
1382 4371 1486 4445 ‘rex-'¹
1511 4401 1625 4466 regum
1648 4389 1682 4447 et
1704 4382 1855 4448 dominus

232 4483 486 4563 dominantium',
511 4486 779 4571 participationc⁰
802 4486 940 4550 nominis
970 4491 1003 4548 et
1025 4484 1166 4548 numinis
1190 4482 1268 4560 Dei,
1300 4483 1332 4547 id
1355 4492 1406 4548 est
1429 4485 1603 4570 potestatis
1627 4507 1721 4568 suae,
1752 4488 1856 4552 voluit

233 4599 267 4657 et
289 4612 363 4656 esse
388 4596 421 4654 et
444 4589 550 4652 vocari
575 4609 685 4674 regem
709 4597 742 4654 ct
765 4589 930 4653 dominum
960 4609 1017 4675 pro
1049 4589 1170 4652 honore
1198 4595 1232 4651 et
1254 4587 1324 4650 viee
1355 4609 1414 4651 sua
1441 4587 1578 4672 regcm‘l
1601 4589 1634 4652 in
1663 4591 1768 4656 terris.
1814 4589 1857 4654 ut

190 4695 318 4760 sesicut
340 4693 573 4778 archangelus,
607 4695 660 4778 qui
683 4714 767 4757 nunc
790 4700 840 4756 cst
863 4692 1026 4770 diabolus,
1056 4713 1130 4757 cum
1154 4693 1221 4756 suis
1246 4693 1460 4776 sequacibus,
1483 4693 1559 4778 quia
1581 4715 1641 4780 per
1662 4694 1856 4760 humilitatis

233 4799 469 4864 subiectionem
493 4793 657 4862 conditori
675 4819 732 4861 suo
756 4796 904 4862 subditus
929 4819 1003 4862 esse
1020 4796 1123 4862 noluit
1138 4804 1171 4860 et
1187 4818 1245 4882 per
1261 4796 1512 4883 aequalitatem⁰
1529 4799 1672 4862 caritatis
1689 4799 1855 4883 coangelis

336 5052 372 5113 ιιι)
389 5051 441 5114 via,
460 5050 553 5101 veritas
572 5057 597 5100 et
615 5049 670 5100 vita
688 5049 711 5099 6.
792 5049 819 5110 ιι)
838 5049 996 5100 ordinatione
1014 5049 1039 5100 6.
1122 5049 1148 5112 o)
1167 5051 1310 5100 laceremus
1327 5049 1351 5100 5.
1364 5047 1389 5098 6.
1469 5047 1496 5114 p)
1510 5053 1540 5097 ut
1551 5047 1575 5098 5.
1654 5047 1681 5112 q)
1700 5049 1856 5102 iisintellsc·

233 5141 267 5190 tis
285 5139 309 5191 5.
322 5136 347 5188 6.
448 5136 470 5200 ι)
490 5145 514 5188 at
532 5137 598 5188 cred.
619 5153 666 5187 cm.
685 5136 709 5187 5.
722 5137 746 5188 6.
847 5134 871 5201 s)
889 5137 934 5202 qui
952 5135 977 5187 5.
990 5135 1015 5188 6.
1115 5136 1136 5200 t)
1161 5138 1198 5188 sic
1219 5135 1244 5187 5.
1256 5136 1281 5188 6.
1381 5134 1409 5197 u)
1428 5139 1513 5184 buren
1536 5133 1560 5184 5.
1660 5135 1686 5197 v)
1703 5136 1815 5187 vibrabit
1832 5137 1857 5188 5.

233 5225 268 5291 w)
287 5226 409 5292 scriptum
428 5221 452 5275 6.
534 5221 563 5288 x)
581 5223 619 5274 ita
637 5221 718 5285 1-5;
736 5231 776 5274 cst
793 5223 817 5275 6.
899 5223 927 5290 y)
944 5241 1003 5275 cum
1021 5225 1064 5276 illo
1083 5223 1108 5276 6.
1195 5223 1220 5288 a)
1239 5222 1367 5275 decalvati
1385 5219 1409 5272 6.
1499 5219 1525 5284 a)
1544 5237 1592 5272 oni.
1610 5219 1635 5273 5.
1723 5220 1751 5287 b)
1770 5224 1814 5290 qui
1832 5223 1857 5276 6.

192 5332 216 5370 ts
234 5310 260 5380 c)
279 5313 415 5380 partitione
433 5307 458 5362 6.
546 5307 574 5374 d)
593 5327 640 5360 ons.
658 5308 682 5361 6.
775 5309 799 5373 ο)
818 5311 1031 5375 coaequalitatem
1049 5308 1073 5360 6.

336 5541 364 5607 ι)
383 5539 440 5594 ros.
460 5540 536 5608 rae.
632 5540 659 5606 a)
679 5537 746 5593 osa
767 5540 792 5605 4,
802 5541 826 5593 a.
925 5541 966 5608 ιο)
990 5539 1090 5594 asam.
1114 5541 1156 5608 ss,
1171 5542 1194 5594 5.
1291 5540 1335 5605 ιι)
1361 5535 1476 5590 umas.
1496 5537 1538 5604 14,
1546 5536 1586 5590 ra
1684 5537 1856 5602 ramma

234 5643 467 5711 ramses.
557 5643 600 5710 ιι)
622 5643 738 5697 muers
757 5643 815 5709 ar.
904 5645 947 5716 14)
966 5644 1062 5698 asra.
1080 5644 1123 5710 ss,
1134 5645 1174 5698 11.
1270 5639 1529 5706 lctPsalm.t,13.
1629 5641 1672 5708 ιι)
1691 5640 1763 5694 roa.
1783 5643 1857 5710 ror.

234 5747 449 5818 incassat,
530 5745 665 5808 relicom.
683 5749 814 5810 cacas.
899 5748 1158 5816 retrocessis.
1238 5747 1283 5816 ao)
1298 5745 1375 5800 aas.
1390 5747 1430 5811 13,
1441 5744 1482 5797 ra
1562 5744 1605 5812 ιι)
1621 5745 1858 5814 inmersere.

336 5860 372 5898 ιι..
392 5857 558 5896 carrroannm
578 5859 602 5894 rr.
1617 5839 1652 5894 39
