4568 6434
409 456 470 517 240
525 451 797 506 nuulvnunuvn
815 453 866 507 Al)
883 453 1129 508 carmennum
1149 453 1276 508 REGUM
1295 453 1478 507 FltnNClAll
1496 451 1723 508 unlun'rnms.
1744 483 1775 492 —
1795 453 1843 507 Nr.
1856 454 1915 507 252.

328 626 579 711 subepiscopus
610 627 723 692 labore
754 627 908 706 desudet,
936 649 977 692 ne
1006 626 1181 691 occidatur.
1228 626 1263 692 si
1289 647 1363 690 vero
1394 647 1459 690 non
1483 632 1605 712 potest,
1636 628 1724 690 nullo
1752 625 1848 690 modo
1880 627 1979 692 liceat
2001 627 2031 690 ei

406 731 601 815 requirenti⁰
629 753 700 796 eam
727 730 865 797 reddere
889 733 982 796 viro⁰‘
1004 733 1045 796 ad
1073 732 1299 813 occidendum,
1330 753 1414 818 quae
1439 755 1472 797 se
1498 734 1546 798 ei⁰
1570 734 1687 798 obtulit
1710 732 1749 797 ad
1776 733 2029 812 defendendum,

406 832 463 896 aed
488 833 627 898 sollertis
649 855 726 898 cura
749 837 967 900 transmittatss
990 857 1062 900 eam
1086 836 1127 901 ad
1151 838 1273 913 locum,
1302 857 1398 922 quem
1422 837 1494 922 ipsa
1517 837 1692 922 delegerit,
1721 843 1757 900 ut
1781 859 1897 903 secura
1921 839 2029 901 vivere

405 937 521 1022 possit.
567 937 601 1001 Si
624 959 701 1002 vero
725 939 886 1004 interdum
911 941 1044 1005 maritus
1069 961 1140 1004 eam
1165 941 1325 1005 invenerit
1353 948 1404 1005 et⁰
1428 943 1623 1028 repetierit⁹‚
1653 941 1833 1006 secundum
1863 943 2029 1006 saeculum

405 1048 604 1125 potestatem
625 1042 808 1122 habueritl,
833 1043 924 1128 quid¹
944 1045 974 1108 ei
996 1065 1095 1129 agere
1117 1035 1239 1109 velit¹².
1286 1043 1351 1109 Sed
1372 1044 1483 1109 audiat
1504 1054 1652 1110 sanctum
1677 1047 1895 1131 Augustinum
1915 1046 2028 1110 dicen·
2061 1069 2072 1106 a

404 1151 484 1208 tem:
520 1138 648 1210 ‘uumffi
672 1148 759 1212 euim
783 1148 830 1212 vir
853 1147 1006 1212 avirtute
1031 1147 1170 1213 nomenlt
1193 1149 1312 1234 accipit
1336 1157 1369 1213 et
1391 1150 1507 1214 mulier
1531 1171 1551 1213 a
1573 1150 1730 1230 mollicie,
1761 1149 1808 1214 id¹
1832 1157 1882 1214 est
1904 1150 2030 1234 fragili·
2133 1199 2137 1206 .

404 1246 495 1328 tate¹,
525 1271 624 1335 quare
653 1258 766 1315 contra
796 1252 1074 1316 crudelissimam⁰
1104 1252 1247 1317 libidinis
1277 1253 1417 1317 bestiam
1438 1253 1507 1316 vult
1533 1255 1756 1339 unusquisque
1777 1274 1913 1317 uxorem
1938 1275 2031 1317 suam

403 1463 518 1520 contra
540 1457 637 1521 fidem
662 1458 885 1523 catholicamm
909 1460 1102 1524 mulieribus
1130 1462 1310 1540 nonlicet,
1335 1481 1394 1525 nec
1419 1461 1495 1524 viris
1524 1451 1648 1526 licet14.
1695 1459 1754 1524 Si¹¹
1777 1467 1886 1525 autem
1911 1460 2024 1525 eadem

404 1560 520 1623 mulier
543 1562 659 1626 timore
683 1563 856 1646 perterrita
879 1585 898 1628 a
921 1564 1012 1642 loco,
1045 1565 1103 1628 ubi
1131 1585 1202 1628 eam
1227 1566 1399 1650 episcopus
1423 1563 1614 1642 destinavit,
1640 1563 1804 1650 aufugerit
1828 1571 1860 1628 et
1886 1565 1932 1627 vir
1955 1564 2026 1628 eius
2049 1587 2073 1624 ιι

402 1664 443 1727 ab
468 1665 626 1750 episcopo,
646 1667 747 1730 semel
772 1675 828 1731 aut
852 1668 903 1731 bis
927 1669 979 1732 vel
1003 1669 1114 1753 sepius
1135 1669 1312 1754 repetierit,
1338 1669 1364 1731 si
1389 1669 1487 1732 vitam
1511 1669 1539 1732 ei
1558 1668 1705 1732 obtinere
1723 1669 1837 1753 possit,
1863 1669 2030 1754 perquirat

402 1775 434 1831 et
450 1767 578 1843 reddat;
603 1770 672 1834 sin⁰
694 1779 818 1846 autern,
843 1772 974 1835 omnino
990 1792 1053 1834 non
1070 1770 1239 1835 reddat¹¹⁰.
1286 1769 1424 1835 Maritus
1443 1791 1530 1847 vero,
1556 1770 1710 1856 quamdiu
1732 1772 1803 1856 ipsa
1820 1773 1917 1848 vivat,
1941 1772 2030 1836 nullo

401 1871 498 1935 modo
523 1873 661 1938 alteram
686 1874 818 1938 ducat1’.

509 2009 665 2096 (lapll.
711 2011 857 2096 Siquis
888 2013 1107 2096 spiritalem
1139 2012 1257 2076 habet
1281 2019 1533 2098 compatrem,
1562 2015 1674 2078 cuius
1696 2036 1795 2078 uxor
1820 2022 2030 2079 commater

401 2134 474 2176 non
499 2122 572 2193 est,
604 2136 648 2179 eo
672 2115 859 2180 defuncto
885 2116 973 2180 eius
996 2114 1146 2179 viduam
1177 2115 1348 2190 licettei
1376 2116 1519 2181 ducere
1544 2138 1717 2182 uxorem.
1762 2115 1825 2190 Qui
1850 2119 2027 2204 spiritalem
2047 2143 2070 2182 ιι

400 2215 498 2281 habet
522 2224 731 2304 compatrem,
756 2219 847 2282 cuius
870 2217 972 2281 filium
995 2218 1035 2282 de
1059 2218 1187 2282 lavacro
1211 2219 1296 2283 sacri
1319 2219 1417 2283 fontis
1440 2221 1577 2305 accepit,
1602 2228 1635 2284 et
1659 2223 1730 2285 eiua
1749 2242 1834 2284 uxor
1848 2228 2028 2285 commater

400 2315 463 2384 non
488 2329 553 2400 est,
583 2323 681 2387 liceat
707 2324 737 2388 ei
768 2323 921 2388 defuncto
954 2332 1119 2408 compatre
1151 2345 1209 2387 suo
1233 2325 1303 2387 eius
1329 2323 1455 2388 viduam
1481 2323 1600 2388 ducere
1625 2324 1658 2387 in
1681 2345 1827 2402 uxorem,
1853 2325 1880 2388 si
1906 2327 2028 2390 nullam

400 2424 522 2489 habent
538 2427 834 2511 consanguinitatis
851 2427 1138 2512 propinquitatem.
1185 2425 1270 2500 Quid
1295 2428 1403 2490 enim'?
1440 2427 1605 2512 Numquid
1630 2449 1692 2491 non
1708 2436 1846 2513 possunt
1862 2431 2027 2514 coniungi,

399 2549 480 2613 quos
504 2531 594 2593 nulla
618 2532 809 2616 proximitas
833 2532 973 2596 carnalia
998 2532 1049 2595 vel
1074 2530 1127 2594 inb
1154 2530 1205 2594 idb
1234 2533 1401 2616 generatio
1426 2532 1567 2596 secernit
1591 2531 1771 2616 spiritalis?

507 2665 662 2754 capla.
708 2669 765 2734 De
797 2691 855 2748 ec,
891 2669 922 2732 si
952 2670 1042 2754 quis
1076 2691 1170 2735 suae
1200 2671 1400 2755 spiritalis
1433 2670 1664 2734 commatris
1696 2670 1830 2734 liliam
1861 2669 2071 2736 duxeritao

399 2793 572 2836 uxorem.
620 2773 706 2838 Illud
737 2775 836 2838 etiam
860 2796 921 2838 nee
946 2774 1103 2838 canonica
1127 2774 1331 2851 institutione
1364 2774 1541 2838 diffinimus
1574 2795 1633 2838 nec
1657 2773 1894 2840 introductione
1920 2774 2028 2860 aliqua

398 2875 586 2956 refutamus,
611 2876 667 2940 sed
684 2886 817 2963 propter
837 2900 903 2956 eos,
928 2879 982 2963 qui
999 2878 1128 2943 diverse
1151 2878 1192 2942 de
1210 2899 1247 2942 eo
1266 2869 1459 2958 sentiuntffi,
1485 2879 1544 2942 hoc
1561 2879 1631 2942 loco
1648 2877 1771 2964 aliquid
1789 2899 2026 2942 commemora·

399 3000 482 3042 mus:
519 2978 553 3043 Si
582 2981 654 3064 quia
683 3002 762 3046 suae
792 2983 947 3067 spiritalis
972 2983 1157 3046 commatris
1181 2982 1281 3044 tiliam
1310 2982 1445 3046 fortuito
1470 2989 1502 3044 et
1526 2983 1570 3044 ita
1588 2982 1799 3066 contingente
1817 3003 1924 3046 rerum
1949 3002 2026 3044 casu

397 3083 429 3145 in
447 3082 634 3168 coniugium
650 3083 791 3164 duxerit,
815 3086 950 3149 consilio
968 3085 1134 3148 maturiori
1152 3093 1281 3148 servato
1299 3084 1422 3148 babeat
1438 3092 1535 3169 atque
1553 3084 1690 3148 honeste
1707 3086 1854 3170 legitimo
1872 3085 2024 3169 coniugio

398 3206 531 3272 operam
557 3186 622 3251 dot.
2045 3221 2069 3260 ιι

506 3324 592 3411 (lap.
610 3327 661 3392 49.
707 3325 764 3391 De
789 3325 866 3405 his,
890 3329 958 3413 qui
985 3329 1022 3392 iu
1045 3326 1244 3392 adulterio
1268 3328 1383 3392 lilios
1407 3335 1643 3412 genuerunt,
1667 3335 1708 3392 ut
1735 3329 1890 3392 omnino
1912 3349 2027 3415 sepa-

398 3435 543 3495 rentur.
589 3421 678 3494 De¹⁶
703 3429 769 3507 his,
801 3431 855 3514 qui
885 3432 918 3495 in
948 3429 1107 3495 adulterio
1132 3431 1253 3494 iunctit
1276 3453 1335 3516 per
1359 3431 1525 3495 incentiva
1548 3430 1692 3495 libidinis
1715 3432 1821 3496 malae
1846 3432 1949 3495 tilium
1974 3433 2026 3496 vel

396 3534 496 3597 tiliam
529 3541 730 3619 genuerunt,
763 3535 918 3600 canonice
949 3534 1226 3621 praeiudicamus,
1257 3544 1306 3613 ut,
1338 3535 1465 3621 quando
1498 3536 1539 3599 ab
1573 3537 1725 3622 episcopo
1753 3537 1839 3599 iusta
1870 3535 2027 3599 divisione

290 3655 293 3660 “
396 3646 603 3722 separantur,
635 3659 674 3703 eo
703 3645 815 3703 tenore
845 3639 1073 3724 coiungantur,
1103 3661 1143 3704 ne
1178 3639 1263 3704 ultra
1296 3661 1354 3726 spe
1386 3640 1584 3704 reversionis
1608 3639 1813 3704 deludantur.
1862 3638 1971 3712 Quare
1998 3639 2025 3702 si

396 3741 471 3827 quid
498 3743 582 3806 inter
605 3765 641 3807 se
659 3744 866 3829 proprietatis
887 3751 945 3807 aut
962 3744 1121 3828 pecuniae
1138 3745 1301 3808 communi
1317 3743 1492 3808 donatione
1510 3743 1721 3820 tradiderunt,
1747 3741 1906 3828 uterqueb
1936 3763 2025 3807 com·
2045 3777 2072 3816 ιο

395 3845 484 3908 muni
505 3852 636 3910 servet⁰
658 3845 784 3909 infanti.
831 3845 881 3910 De
899 3847 1024 3933 reliqua
1040 3868 1116 3912 vero
1140 3847 1342 3932 proprietate
1365 3854 1399 3912 et
1419 3849 1561 3933 pecunia
1584 3848 1707 3911 nullam
1725 3847 1863 3911 ulterius
1881 3846 2026 3910 babeant

396 3951 667 4030 communionem,
693 3950 749 4014 aed
766 3943 920 4030 ιιιιοιιιιιε17
936 3978 987 4015 sua
1002 3961 1152 4032 provideat
1168 3958 1210 4032 et,
1236 3958 1270 4015 ut
1288 3953 1375 4031 velit,
1399 3951 1508 4017 faciat.
1557 3951 1598 4015 Et
1620 3958 1656 4015 ut
1671 3950 1732 4014 hoc
1749 3951 1856 4014 verius
1875 3948 2028 4014 credatur

395 4061 492 4136 atque
519 4052 643 4117 firmius
670 4053 878 4130 observetur,
907 4049 1027 4120 verb0¹⁷
1055 4065 1169 4120 Domini
1196 4065 1384 4137 praecipimus
1417 4062 1451 4120 et
1482 4058 1640 4121 canonica
1669 4063 1765 4140 atque
1797 4054 1943 4140 synodali
1975 4055 2026 4118 in-

395 4157 557 4242 positione
587 4158 798 4242 iniungimus,
828 4169 988 4245 quatenus
1017 4170 1176 4226 iuramento
1208 4161 1402 4242 colliganturl
1429 4160 1585 4244 deinceps
1619 4167 1652 4223 et
1680 4169 1775 4224 ultra
1805 4168 1857 4222 sub
1885 4186 1941 4224 uno
1969 4185 2027 4222 non

394 4252 557 4309 cohabitare
573 4257 649 4310 tecto
666 4273 718 4310 neo
739 4255 874 4310 familiari
896 4256 951 4311 frui
973 4257 1122 4326 colloquio,
1147 4261 1265 4328 excepto
1288 4258 1319 4311 in
1342 4257 1461 4312 eeclesia
1484 4259 1514 4312 et
1536 4256 1566 4309 in
1589 4255 1711 4325 publico,
1736 4273 1789 4310 nec
1811 4255 1898 4309 ullam
1921 4254 2026 4310 habere
2045 4285 2069 4324 35

394 4340 618 4396 communionem
648 4332 679 4396 in
707 4334 907 4418 proprietate
936 4341 992 4398 aut
1019 4335 1190 4419 mancipiis
1219 4336 1271 4400 vel
1300 4335 1438 4419 pecunia
1462 4336 1530 4398 sive
1554 4334 1631 4396 ullis
1657 4334 1772 4412 rebus,
1804 4342 1878 4397 unde
1902 4341 2024 4412 suspicio

394 4418 548 4483 luxoriosi
573 4427 642 4483 facti
665 4431 716 4484 aut
738 4430 901 4485 scandalum
922 4429 1068 4486 libidinosi
1090 4431 1222 4486 desiderii
1244 4431 1319 4486 iuste
1342 4431 1433 4502 possit
1456 4429 1533 4486 oriri.

496 4651 538 4704 46.
574 4651 599 4718 e)
618 4673 664 4706 cm.
690 4655 810 4721 maaca,
833 4656 969 4724 chdcrp.
1061 4656 1086 4720 fl
1105 4675 1199 4724 magua
1216 4658 1260 4708 tiu.
1348 4657 1375 4723 g)
1395 4657 1552 4708 transmittat
1569 4654 1599 4719 53
1629 4655 1714 4705 mittat
1738 4653 1857 4717 Vendat,
1885 4653 2021 4719 Bombos-p.

393 4739 421 4804 h)
441 4741 526 4804 babet,
544 4743 613 4807 quod
632 4759 706 4810 agere
723 4744 786 4794 velit
806 4743 909 4794 l'indcd.
990 4745 1008 4805 i)
1027 4745 1150 4810 quioquid
1168 4744 1304 4810 Bombos-p.
1383 4744 1411 4804 Ιι)
1430 4744 1524 4794 dicitur
1544 4741 1661 4804 Vinion,
1680 4740 1817 4806 Bamderp.
1900 4741 1920 4802 l)
1939 4741 1964 4790 id
1978 4778 1984 4790 .
1998 4777 2025 4790 ..

392 4827 476 4894 fragil.
495 4844 543 4878 ons.
562 4827 607 4878 ild.
704 4826 739 4894 m)
762 4835 877 4881 sanctam
899 4829 945 4880 iic.
1035 4832 1062 4894 u)
1082 4833 1108 4883 Si
1194 4833 1282 4883 reddat
1300 4848 1348 4882 orn.
1367 4827 1390 4880 4.
1480 4828 1507 4893 o)
1526 4831 1565 4880 sin
1580 4869 1585 4880 .
1599 4867 1625 4880 ..
1645 4829 1733 4879 reddat
1751 4845 1798 4878 om.
1819 4825 1842 4877 3.
1856 4825 1881 4891 5,
1908 4827 2021 4892 Vendat,
2043 4855 2069 4896 40

392 4913 529 4980 Bomberp.
618 4913 643 4982 p)
661 4917 771 4983 accipiat
787 4915 904 4979 Wndcd„
922 4916 1060 4982 Bombos-p.

493 5013 534 5068 47.
570 5015 598 5083 a)
616 5024 699 5084 potest
718 5016 793 5070 1-4.
882 5019 911 5083 b)
932 5020 1003 5071 nulla
1022 5020 1071 5086 lapi
1088 5021 1141 5070 uult
1161 5019 1246 5072 Ocoltl.

494 5119 535 5172 49.
570 5119 597 5187 a)
623 5129 650 5173 et
682 5122 744 5174 cdd.
773 5121 826 5174 1-
839 5122 863 5174 4.
977 5123 1004 5186 b)
1033 5131 1062 5174 ut
1090 5140 1156 5188 quae
1184 5123 1269 5174 Uocbl.
1298 5122 1349 5188 (5),
1379 5122 1424 5189 qui
1450 5123 1500 5189 topi
1524 5122 1579 5173 cult
1606 5123 1703 5186 utique.
1818 5118 1842 5184 c)
1869 5129 1973 5174 servent
1999 5121 2023 5173 5.

391 5205 419 5272 d)
438 5207 592 5274 colligentur
610 5207 634 5260 5.

494 5421 537 5481 19)
558 5419 614 5486 Osa
633 5419 780 5487 Bruancr,
806 5419 869 5474 BG.
886 5419 930 5489 II,
957 5421 1093 5490 pcutsq.
1184 5425 1225 5488 13)
1244 5422 1533 5493 ΑιιφιιίίιιίΑρριιιὰ.
1551 5437 1635 5475 sermo
1655 5421 1718 5489 289,
1746 5437 1767 5476 c.
1782 5423 1809 5490 l,
1839 5421 1927 5490 Opera
1949 5422 1978 5487 V,
1993 5424 2019 5490 2,
2042 5455 2068 5494 45

389 5522 436 5578 col.
449 5523 508 5578 481.
614 5522 658 5592 14)
688 5521 743 5590 Osr.
767 5522 873 5590 wuda,
900 5522 1050 5591 Strasrecbt
1073 5524 1099 5580 d.
1124 5525 1213 5580 Germ.
1227 5543 1257 5595 p.
1275 5527 1385 5593 822aqq.
1493 5527 1535 5593 15)
1565 5525 1621 5592 ca.
1651 5525 1799 5592 Binterim,
1823 5523 2019 5594 Denlcws'trdip·

387 5625 477 5681 tettan
501 5624 549 5681 der
574 5625 885 5696 katlwl.Kirrbc1V,2,
904 5629 1012 5696 aava·
1031 5627 1146 5695 Sctultc,
1166 5629 1277 5685 Kcttcl.
1298 5629 1428 5683 Ebcraolat
1441 5644 1470 5697 p.
1485 5629 1594 5698 lssdaqq.
1679 5630 1721 5696 16)
1742 5627 1798 5695 Ofv.
1816 5645 1905 5698 supra
1922 5629 2017 5684 aaut.

390 5729 537 5802 li)Supra
555 5730 623 5785 o23
640 5746 660 5785 s.
677 5730 731 5798 fine
749 5737 773 5785 et
791 5729 854 5784 mart
