4560 6426
403 451 646 506 captabulum
667 449 791 506 REGUM
813 449 996 505 cannella
1016 447 1278 504 OCGIDENTAblS
1297 447 1445 514 (Kanum
1458 449 1504 518 ΙΙ).
1524 477 1555 488 -
1575 448 1623 504 Νι.
1636 449 1695 503 ς276.
1799 451 1861 514 339

242 625 432 690 defenderet
454 627 547 690 iuxta
569 621 769 690 voluntatem
801 626 871 691 eius
901 633 934 689 et
962 625 1060 689 corda
1089 625 1231 688 omniurn
1262 629 1446 686 nostrorum
1476 613 1764 690 unanimitatis
1787 637 1931 690 sumata

242 729 415 793 inclinaret
438 736 536 814 atque
560 731 680 808 uniret,
706 749 799 814 quem
831 731 901 815 ipse
935 729 976 794 ad
1005 730 1143 793 salutem
1177 734 1209 791 at
1232 726 1412 812 proiectum
1437 735 1583 792 nostrum
1608 729 1806 814 praescitum
1830 733 1863 788 et

242 834 381 897 electum
407 837 503 918 atque
528 832 807 918 praedestinatum
831 832 975 897 habcst¹¹
1000 832 1177 897 secundum
1203 830 1455 896 misericordiam
1480 854 1582 899 suam.

351 936 392 1000 2¹.
427 935 511 1008 Quia
534 936 673 1021 denique
690 937 891 1001 voluntatem
908 936 981 1014 Dei,
1005 938 1060 1022 qui
1077 927 1323 1002 ‘voluntatemi'
1341 938 1523 1002 timentium
1540 953 1576 1003 se
1590 937 1677 1001 lacit·
1695 941 1730 1000 et
1745 935 1862 1020 depre-

212 1041 388 1104 scariones
409 1061 525 1114 eorum
549 1038 711 1118 exaudit’,
742 1042 774 1104 in
799 1039 974 1105 concordil‘
997 1041 1211 1106 unanimitate
1240 1051 1349 1108 nostra
1372 1043 1519 1108 videmus
1544 1042 1629 1105 bunc
1648 1040 1745 1124 regni
1768 1039 1863 1102 buius

243 1144 395 1208 heredem
421 1163 493 1208 esse
518 1144 710 1228 legitimum,
734 1145 785 1208 cui
809 1165 868 1208 nos
893 1151 1007 1230 sponte
1031 1146 1262 1222 commisimus,
1285 1146 1456 1214 domnum¹
1480 1145 1633 1211 videlicet
1657 1150 1863 1230 praesentem

242 1268 352 1332 regem
377 1269 414 1312 ae
438 1249 617 1334 principem
642 1257 786 1314 nostrum
810 1248 986 1326 Karolum,
1008 1237 1053 1314 'ut
1077 1251 1170 1315 nobis
1195 1253 1319 1337 praesit
1343 1262 1376 1316 et
1398 1252 1512 1338 prosit,
1545 1249 1674 1314 videtur
1696 1247 1806 1328 nobis,
1837 1247 1864 1309 si

242 1353 335 1416 vobis
368 1354 492 1438 placet,
528 1359 579 1432 ut,
615 1354 698 1416 sicut
726 1358 800 1438 post
829 1353 916 1416 illius
948 1353 1047 1417 verba
1078 1353 1171 1418 vobis
1199 1356 1520 1432 manifestabimur,
1557 1355 1650 1437 signo
1683 1351 1864 1416 certissimo

242 1458 519 1537 demonstremus,
553 1459 630 1543 quia
648 1458 752 1522 ¹illum
783 1479 802 1522 a
829 1457 902 1522 Deo
932 1458 1073 1522 electum
1105 1465 1139 1522 et
1168 1460 1262 1524 nobis
1293 1460 1404 1524 datum
1433 1458 1611 1543 principem
1641 1455 1801 1520 credimus
1832 1459 1865 1516 et

202 1575 228 1641 19
244 1561 353 1626 eidem
376 1561 521 1644 largitori
546 1559 618 1626 Deo
644 1583 689 1628 cx
709 1562 776 1625 suis
799 1560 967 1626 benefieiis
990 1583 1053 1626 non
1077 1563 1177 1626 simus
1201 1565 1335 1648 ingrati;
1367 1562 1424 1627 sed
1448 1560 1624 1647 gratiarum
1646 1560 1794 1623 actiones
1818 1557 1865 1620 illi

245 1663 425 1728 referentes
448 1684 588 1738 oremus,
611 1671 772 1749 quatenus
796 1671 829 1729 et
853 1686 928 1729 eum
951 1665 1059 1730 nobis¹
1087 1665 1127 1729 ad
1158 1667 1295 1731 salutem
1321 1673 1354 1732 et
1377 1665 1604 1730 defensionem
1629 1669 1761 1728 sanctae
1786 1681 1865 1724 suae

244 1767 401 1832 eeclesiae
434 1775 467 1830 et
495 1766 544 1830 ad
566 1769 723 1832 auxilium
753 1774 851 1852 atque
880 1768 1060 1854 profectum
1094 1771 1237 1834 omnium
1266 1775 1411 1834 nostrum
1436 1789 1509 1832 cum
1534 1767 1639 1832 salute
1664 1788 1701 1830 ac
1717 1787 1808 1852 ,pace
1832 1775 1866 1827 et

245 1871 480 1957 tranquillitate
509 1870 603 1935 nobis
628 1879 801 1936 conservet
825 1871 946 1936 diutius
978 1881 1010 1937 et
1039 1895 1098 1936 nos
1122 1873 1210 1938 fidoli
1234 1874 1407 1938 devotione
1439 1873 1485 1937 illi
1517 1871 1736 1956 obsequentes
1768 1875 1866 1953 atque

247 1981 359 2062 optata
383 1974 565 2039 salvatione
590 1975 734 2040 fruentes
759 1975 818 2040 sub
841 1975 930 2040 illius
954 1976 1235 2041 administratione
1260 1978 1292 2041 in
1317 1989 1376 2041 suo
1398 1973 1729 2061 gubernet'servitio.

206 2098 251 2160 ¹·'·.
287 2117 290 2124 ·
357 2078 400 2144 3¹.
434 2077 477 2141 Et
500 2079 526 2140 si
550 2078 595 2141 illi
613 2079 730 2163 placet,
754 2078 886 2164 dignum
910 2067 973 2165 ipsi
997 2087 1030 2142 et
1053 2081 1273 2145 necessarium
1298 2081 1390 2144 nobis
1414 2101 1487 2144 esse
1512 2078 1649 2154 videtur,
1672 2085 1708 2140 ut
1726 2098 1773 2154 ‚ex
1798 2075 1866 2138 eius

246 2203 300 2246 ore
324 2181 505 2260 audiamus,
529 2181 616 2266 quod
640 2204 660 2246 a
683 2182 952 2247 christianissimo
977 2204 1055 2268 rege
1078 2183 1165 2248 fideli
1190 2190 1222 2248 et
1244 2185 1389 2250 unanimi
1413 2185 1446 2247 in
1470 2183 1602 2247 servitio
1626 2181 1712 2246 illius
1736 2179 1866 2266 populo,

244 2287 418 2370 unicuique
443 2286 476 2348 in
501 2295 583 2350 suo1¹
608 2285 729 2366 ordine,
755 2288 906 2352 convenit
929 2286 1043 2352 audire
1067 2308 1105 2350 ac
1129 2287 1248 2352 devota
1272 2295 1381 2353 mente
1405 2287 1604 2373 suscipere0.

638 2458 711 2543 (B.)
744 2458 1010 2545 Responsio²*
1040 2459 1178 2524 Karoli
1208 2459 1255 2527 ad
1283 2462 1478 2547 populum.

320 2655 321 2658 Ἴ
355 2579 469 2658 Quian,
493 2580 575 2643 sicut
597 2580 651 2644 isti
677 2580 881 2644 venerabiles
906 2581 1051 2668 episcopi
1075 2581 1169 2645 unius
1194 2603 1236 2645 ex
1259 2582 1337 2667 ipsis
1361 2604 1440 2648 voce
1464 2584 1616 2648 dixerunt
1639 2589 1673 2645 et
1696 2581 1792 2644 certis
1817 2580 1866 2642 in-

201 2693 230 2744 ἰι
249 2685 341 2750 dieiis
366 2703 407 2748 ex
432 2690 541 2748 vestra
564 2685 778 2750 unanimitate
802 2692 1065 2749 monstraverunt
1096 2693 1129 2750 et
1156 2707 1212 2749 vos
1236 2687 1442 2752 acclamastis
1473 2708 1525 2751 me
1549 2687 1612 2750 Dei
1644 2685 1804 2750 electione
1829 2682 1869 2747 ad

248 2795 390 2854 vestram
414 2788 625 2852 salvationem
651 2795 684 2852 et
707 2788 888 2874 profectum
922 2797 1020 2875 atque
1051 2791 1197 2874 regimen
1228 2797 1261 2853 et
1291 2787 1560 2874 gubernationem
1592 2791 1655 2854 buc
1683 2788 1868 2863 advenisse,

248 2894 356 2958 sciatis
385 2913 435 2957 mc
458 2873 632 2957 honorem⁸
657 2900 690 2957 et
713 2893 836 2957 cultum
861 2893 924 2958 Dei
948 2901 1044 2979 atque
1074 2901 1257 2958 sanctarum
1284 2894 1494 2958 ecclesiarum
1519 2893 1660 2957 Domino
1693 2891 1868 2956 adiuvante

248 3017 440 3061 conservare
471 3001 503 3059 et
531 2988 779 3074 ιιιιιιιιιιιιιιιιιιιιιιι9
803 3003 945 3061 vestrum
970 3007 1122 3061 secundnm
1149 3007 1193 3060 sui
1216 3006 1321 3061 ordinis
1349 3006 1519 3078 dignitatem
1546 3007 1575 3060 et
1598 3021 1747 3075 personam
1770 3003 1869 3057 iuxta

248 3105 355 3149 meum
386 3092 475 3148 seire
503 3095 537 3147 et
564 3109 666 3163 posse
688 3093 828 3148 honorare
856 3097 885 3148 et
908 3094 1017 3148 salvare
1041 3097 1070 3148 et
1093 3094 1260 3166 honoratum
1289 3111 1321 3148 ao
1344 3093 1484 3147 salvatum
1506 3090 1618 3147 tenere
1642 3091 1733 3146 velle
1756 3093 1786 3145 et
1809 3089 1868 3144 uni·

205 3201 230 3238 as
249 3181 348 3250 cuique
371 3180 400 3234 in
423 3197 474 3234 suo
497 3179 593 3234 ordine
609 3181 760 3234 secundum
784 3180 837 3233 sibi
853 3185 1046 3250 competentes
1069 3180 1154 3250 leges,
1177 3183 1235 3234 tam
1253 3179 1457 3235 ecclesiasticas
1472 3197 1556 3249 qnam
1573 3179 1737 3243 mundanas,
1761 3169 1868 3250 legem

250 3273 278 3322 et
301 3267 440 3322 iustitiam
463 3249 661 3330 conservare93
694 3259 725 3321 iu
749 3258 821 3335 hoc,
845 3267 880 3322 ut
903 3250 1028 3323 bonor¹0
1050 3267 1143 3338 regius
1167 3271 1196 3321 et
1212 3271 1339 3336 potestas
1362 3285 1394 3321 ac
1417 3266 1514 3321 debita
1530 3265 1692 3320 obedientia
1713 3269 1799 3333 atque
1822 3263 1868 3317 ad·

248 3354 382 3409 ictor-ium
404 3354 440 3408 ad
454 3371 572 3424 regnum
596 3344 674 3407 mihi
698 3365 718 3407 a
740 3343 812 3408 Deo
829 3344 940 3408 datum
957 3354 1157 3409 continendum
1181 3357 1210 3408 et
1225 3354 1426 3409 defensandum
1450 3345 1491 3407 ab
1509 3364 1702 3429 unoquoque
1727 3348 1869 3406 vestrum

249 3441 399 3495 secundnm
424 3452 517 3495 suum
541 3440 667 3494 ordinem
690 3445 719 3494 et·
742 3440 910 3510 dignitatem
929 3445 1015 3510 atque
1031 3440 1250 3511 possibilitatem
1266 3432 1345 3496 mihi
1360 3440 1535 3506 exhibeatur,
1559 3440 1632 3494 sicut
1655 3430 1754 3493 vestrl
1778 3435 1870 3492 ante·

250 3539 394 3583 cessores
417 3517 557 3582 fideliter
581 3525 655 3580 iuste
679 3530 708 3581 et
731 3525 943 3583 rationabiliter
966 3519 1047 3582 meis
1071 3519 1333 3582 antecessoribus
1358 3517 1587 3583 exhibuerunt.

208 3721 255 3759 so·
561 3688 630 3770 (0.)
660 3688 989 3754 Adnuntiatio¹**
1018 3689 1219 3754 Hincmari
1248 3688 1561 3776 archiepiscopi.

364 3817 388 3876 1.
423 3809 473 3874 Ne
509 3811 604 3875 alicui
640 3813 722 3874 forte
756 3810 905 3875 videatur
938 3811 1117 3896 incongruo
1152 3832 1189 3874 ac
1226 3809 1486 3895 praesumptiose
1522 3827 1573 3872 me
1609 3829 1646 3872 ac
1682 3808 1871 3894 provinciae

252 3922 383 3978 nostrae
408 3913 611 3978 venerabiles
636 3915 848 4000 coepiscopos
873 3913 998 3990 faeere,
1034 3916 1187 3999 quoniam
1220 3915 1260 3978 de
1288 3915 1394 3978 altera
1424 3901 1592 3998 provincia
1621 3913 1816 3977 ordinationi
1842 3920 1874 3976 et

252 4019 357 4082 causis
382 4017 477 4081 buius
500 4018 685 4102 provinciae
711 4039 769 4081 nos
793 4017 1024 4094 immiscemus,
1049 4020 1132 4082 sciat
1154 4039 1214 4082 nos
1239 4024 1351 4082 contra
1375 4039 1518 4081 canones
1542 4038 1652 4082 sacros
1677 4035 1739 4080 non
1763 4036 1874 4099 agere.

253 4123 401 4207 quoniam
425 4120 598 4185 Remensis
622 4129 655 4184 et
677 4119 891 4184 Trevarensis
915 4122 1075 4185 ecclesiae
1099 4123 1132 4185 in
1156 4123 1217 4187 bac
1242 4123 1374 4207 regione
1398 4121 1534 4206 Belgica
1557 4133 1652 4185 cum‘l
1676 4120 1762 4185 sibiq
1787 4140 1873 4182 com-

210 4255 234 4294 as
253 4226 358 4289 missis
383 4226 533 4288 ecclesiis
557 4219 719 4289 sorores11
752 4234 785 4288 ct
808 4226 1095 4310 comprovinciales
1119 4225 1294 4300 habentur,
1327 4227 1410 4290 sicut
1442 4226 1618 4290 auctoritas
1650 4209 1874 4288 ecclesiastica

371 4413 397 4478 *)
416 4412 500 4477 2-4,
520 4411 623 4480 caasa,
640 4411 721 4466 Vario.
740 4413 811 4467 banc
827 4413 962 4468 rubricam
976 4416 1117 4484 praelicat:
1143 4409 1209 4469 Post
1228 4416 1297 4468 liaeo
1317 4411 1434 4470 Karalus
1453 4431 1499 4468 rex
1518 4413 1599 4476 hacc,
1618 4429 1691 4482 qaae
1709 4415 1872 4482 sequuntur,

252 4515 300 4568 per
318 4515 347 4552 se
366 4499 395 4551 in
414 4499 509 4552 eadem
529 4499 645 4553 aeclesia
664 4500 779 4564 cunctis,
798 4501 847 4568 qui
865 4501 1015 4568 alluerant,
1034 4501 1241 4556 ‹lenunciavitr¹
1870 4529 1872 4534 v

357 4585 400 4653 **)
422 4583 530 4652 Reliqui
550 4584 647 4638 cedebas
668 4585 738 4638 lianc
759 4586 958 4658 iruvariptioncm
978 4589 1112 4644 aurumi:
1144 4587 1181 4642 ut
1204 4591 1267 4658 post
1286 4589 1353 4642 haec
1373 4587 1538 4642 Hincmarus
1557 4587 1706 4640 lternornm
1727 4585 1874 4655 episcopas

253 4671 334 4738 lruec,
360 4687 432 4738 quae
450 4673 617 4738 sequuntur,
643 4670 768 4739 capitula
791 4673 905 4727 iubente
929 4692 962 4728 ac
982 4674 1141 4744 postulante
1160 4673 1300 4728 adventio
1323 4673 1410 4742 ipsius
1428 4673 1552 4727 civitatis
1571 4673 1701 4742 episeopo
1725 4676 1754 4725 ct
1777 4671 1877 4726 ceteris

211 4781 236 4818 ιι
255 4754 392 4826 episcopis
411 4754 608 4810 '1¹raverorumu
627 4755 800 4826 provinciae,
825 4759 963 4813 Hattonel
981 4761 1088 4814 scilicet
1110 4761 1243 4814 ecclesiae
1256 4759 1450 4814 viridunensis
1473 4759 1602 4828 episeopo
1626 4765 1654 4812 et
1678 4757 1792 4812 Amulio
1811 4755 1878 4836 'Pul-

255 4843 338 4896 lonsis
351 4841 475 4896 civitatis
488 4842 625 4911 episeopo,
645 4843 805 4896 κ“ἰιιιιιιοιιιιῃ
821 4845 991 4914 'langrensis
1010 4846 1134 4900 civitatis
1152 4846 1311 4916 episcopos,
1330 4845 1545 4899 cobibentibnsv
1558 4845 1715 4915 provintiae
1730 4845 1876 4898 llcnrorum

255 4929 401 4999 episcopis,
419 4940 535 4982 coramw
549 4927 684 4998 episcopis
704 4929 745 4982 ol¹
764 4947 829 4997 rcgc
845 4932 1016 4999 arrectisque,
1036 4935 1083 5000 qui
1102 4932 1261 4987 adfuerunt.
1282 4931 1309 4984 in
1324 4929 1419 4984 cariem
1434 4931 1551 4984 ecelesia
1564 4931 1676 5000 publico
1689 4929 1877 4984 clenentiavit.

358 5104 385 5172 gl
404 5105 429 5155 in
451 5103 525 5178 1.3.Ι
612 5104 641 5167 Ιι)
660 5105 771 5156 babebat
788 5103 813 5156 2.
874 5108 918 5170 i)
936 5107 961 5158 2.
979 5106 1004 5158 4.
1018 5109 1144 5172 praebeat
1162 5107 1202 5158 lu'c
1225 5117 1247 5158 el
1265 5107 1339 5174 iufra
1363 5109 1478 5174 capitula
1500 5106 1613 5158 narraveris
1636 5107 1734 5158 οιιιίιιίι
1759 5107 1878 5157 coritiana
1973 5160 1974 5163 Ἴ

256 5195 360 5258 scripta.
448 5191 476 5255 lv)
495 5194 570 5244 corde
588 5191 613 5242 4.
695 5195 712 5252 Ι)
731 5211 779 5244 ora.
796 5193 821 5245 4.
903 5197 939 5262 ιιι)
958 5197 1180 5247 manifestavimus
1198 5195 1222 5248 4.
1306 5195 1334 5258 ιι)
1353 5196 1440 5245 onlino
1459 5210 1506 5244 arro
1524 5191 1548 5243 2.
1637 5191 1663 5256 ο)
1681 5194 1836 5258 srrscipiatur
1854 5191 1878 5243 4.

214 5305 237 5342 lt
257 5282 284 5348 p)
297 5283 358 5346 Cap.
372 5281 429 5330 llll.
444 5280 575 5344 prracruitt.
592 5278 658 5330 Van.
672 5281 770 5328 occissis
782 5281 898 5332 madrisio.
969 5283 995 5346 ql
1009 5300 1056 5334 oar.
1073 5282 1140 5345 1.3;
1159 5299 1217 5332 cum
1232 5283 1285 5332 istis
1298 5283 1357 5332 ocal.
1372 5279 1396 5331 4.
1468 5281 1489 5342 ι)
1507 5280 1594 5328 «licens
1612 5276 1710 5329 adam.
1782 5279 1879 5340 al'l're·

257 5369 370 5418 virorum
387 5364 410 5416 3.
517 5367 536 5426 t)
557 5368 649 5422 Attous
667 5364 691 5416 ll.
798 5367 825 5430 ιι)
845 5370 977 5418 l‘ranooua
1079 5369 1196 5434 cpivurpo
1221 5385 1268 5418 cnr.
1287 5367 1316 5424 2;
1346 5369 1444 5418 Franco
1463 5365 1486 5416 4.
1592 5363 1620 5428 ν)
1639 5365 1837 5416 emanantibus
1855 5362 1879 5416 4.

258 5453 291 5508 tvl
310 5453 414 5518 reliquia
434 5450 496 5502 mid.
513 5449 537 5501 2.

361 5621 401 5688 7⁸)
421 5619 521 5678 aazia.
541 5619 599 5684 144,
612 5621 651 5673 19.
720 5621 747 5686 8)
763 5621 817 5687 (γι.
834 5623 916 5690 (lama
929 5621 1054 5686 anteced„
1069 5639 1098 5690 p.
1110 5622 1170 5684 3323,
1189 5637 1210 5677 c.
1225 5623 1247 5677 1.
1327 5623 1355 5680 9)
1366 5613 1603 5688 Ῐιιιιιιιιιιμιειιιιηιιι
1671 5635 1833 5672 conservare
1848 5641 1879 5663 =

257 5725 319 5778 sbid.
339 5741 360 5779 o.
372 5727 396 5779 3.
487 5723 529 5788 10)
549 5722 637 5776 honor
655 5727 705 5780 rell
732 5749 762 5770 ==
781 5741 801 5778 c.
814 5726 838 5779 2.
928 5727 970 5790 il)
992 5724 1048 5791 (lfr.
1068 5725 1213 5790 lusanae.
1235 5723 1371 5790 {lstsrr'r'ab
1393 5723 1471 5778 Rricb
1487 5723 1549 5790 11²,
1564 5739 1592 5790 p.
1606 5723 1666 5788 283,
1685 5727 1739 5774 acl.
1757 5724 1778 5774 1,

1619 5819 1672 5872 43*
