4568 6420
413 451 474 511 490
623 440 863 496 WAbAllltlDUS
881 440 928 494 DE
946 439 1115 494 EXORDllS
1134 439 1179 492 ΕΤ
1199 437 1447 492 lNllltEllllNTlS
1468 437 1546 490 ΗΕΒ.
1566 437 1660 491 Ecce.
1679 454 1701 490 c.
1718 438 1826 490 16-18.

413 620 459 682 sic
483 624 516 682 et
540 637 654 702 corpus
678 614 798 681 Christi
822 635 863 678 ex
887 614 1091 678 multitudine
1115 619 1301 678 sanctorum
1325 612 1509 676 coadunata
1531 612 1720 698 completur.
1766 611 1862 676 Unde
1886 613 2033 676 consulte

417 720 620 806 aptioribus
645 725 801 784 statutum
826 709 925 796 est72,
948 739 991 782 no
1007 718 1117 780 vinum
1140 717 1172 780 in
1196 716 1355 780 sacrificio
1380 716 1448 779 sine
1473 735 1576 800 aquae
1593 714 1794 778 admixtione
1811 715 1977 793 offeratur,
2001 722 2038 779 ut

417 823 573 888 videlicet
587 844 647 908 per
662 821 722 885 hoc
737 821 915 886 indicetur³
932 812 1127 907 ‘populosl3,
1144 818 1207 905 qui’
1226 820 1403 884 secuudum
1420 818 1596 882 Iohannem
1615 823 1728 903 ‘aquae
1748 816 1844 898 sunt’,
1860 840 1879 882 a
1896 817 2039 896 Christo,

414 927 505 992 ouius
530 927 665 1011 sanguis
689 927 721 988 iu
745 925 846 990 calice
871 931 930 1004 est,
954 924 1054 988 dividi
1077 945 1140 988 non
1165 923 1296 988 debere.
1335 922 1423 1007 Ergo
1448 943 1507 986 nec
1530 923 1642 986 vinum
1667 922 1736 986 sine
1761 943 1845 1007 aqua
1869 943 1929 986 neo
1952 943 2039 1007 aqua

413 1031 482 1094 sine
505 1030 581 1093 vino
606 1029 753 1109 offertur,
785 1029 859 1113 quia
890 1049 950 1092 nec
975 1028 1140 1092 Christus²
1164 1027 1272 1107 aliter,
1301 1048 1398 1112 quam
1426 1047 1482 1112 pro
1511 1027 1631 1111 populo
1661 1047 1719 1090 suo
1755 1047 1872 1112 passus
1903 1031 2039 1090 estnec
2082 1049 2093 1086 s

414 1134 510 1196 aliter
532 1133 681 1218 populus,
706 1152 802 1216 quarn
826 1153 885 1217 per
906 1132 1093 1216 passionem
1117 1130 1239 1195 christi
1263 1135 1373 1216 potest
1396 1130 1525 1194 salvari.

528 1238 597 1299 17¹².
631 1233 717 1308 Quia
733 1256 811 1299 vero
829 1234 979 1300 Christus
996 1235 1149 1299 sacerdos
1167 1255 1239 1298 esse
1256 1234 1373 1297 dicitur
1390 1223 1615 1297 ίεθιιιιιιιίιιιιι74
1632 1231 1779 1296 ordinem
1797 1230 2040 1316 Melchisedec',

417 1339 502 1425 quod
534 1339 702 1424 apostolus
734 1338 855 1402 Paulus
887 1340 1110 1424 copiosissime
1144 1339 1275 1414 astruit,
1311 1339 1403 1401 salva
1431 1337 1661 1421 multiplicium
1690 1337 1815 1399 ratione
1851 1335 2040 1420 figurarum,

415 1444 531 1529 quibus
548 1443 633 1506 idem
654 1441 806 1506 sacerdos
823 1441 886 1506 Dei
911 1443 1029 1506 summi
1045 1441 1178 1506 Iesumv
1195 1441 1359 1504 Christum
1382 1440 1483 1504 filium
1504 1439 1577 1518 Dei,
1601 1440 1656 1524 qui
1678 1445 1783 1503 semet
1799 1440 1905 1524 ipsum
1927 1439 2041 1523 patriw

416 1567 473 1632 pro
504 1546 597 1609 uobis
631 1545 765 1630 optulit,
800 1545 1070 1629 praenuntiasse¹
1101 1543 1323 1628 cognoscitur,
1361 1563 1538 1627 congruum
1571 1563 1674 1626 genus
1704 1541 1853 1605 sacrificii
1882 1541 2042 1604 Dominus
2071 1565 2096 1603 ro

416 1655 528 1712 noster
552 1647 705 1712 sacerdos
729 1669 826 1712 verus
850 1649 883 1710 in
908 1647 1052 1732 corporis
1077 1652 1110 1711 et
1133 1647 1300 1730 sauguinis
1325 1646 1374 1709 sui
1396 1647 1587 1730 mysterium
1609 1645 1781 1730 providere
1803 1645 1955 1729 dignatus
1979 1650 2041 1720 est,

415 1757 452 1814 ut
473 1751 643 1828 videlicet,
675 1752 759 1815 sicut
786 1750 1003 1814 Melchisedec
1032 1756 1108 1814 ante
1140 1750 1420 1813 circumcisionem
1451 1756 1484 1814 et
1513 1748 1595 1832 legis
1625 1750 1826 1813 ceremonias
1857 1749 1968 1812 vivens
2001 1768 2044 1810 ex

416 1853 480 1918 lide
503 1875 622 1940 panem
653 1861 686 1917 et
711 1855 818 1917 viuum
843 1854 962 1936 legitur
985 1849 1158 1939 optulisse,
1186 1853 1233 1916 ita
1256 1853 1326 1939 ipse
1350 1852 1528 1930 Dominus,
1560 1853 1707 1938 pontifex
1730 1853 1835 1917 factus
1860 1852 2041 1916 seeundum

417 1957 565 2022 ordinem
588 1977 651 2020 non
675 1958 797 2036 Aaron,
824 1955 880 2019 sed
904 1955 1135 2036 Melchisedec,
1160 1955 1264 2020 iustus
1289 1965 1322 2020 et
1337 1956 1518 2020 iustificans
1543 1977 1628 2032 eum,
1651 1957 1705 2041 qui
1729 1978 1771 2020 ex
1794 1955 1858 2019 fide
1883 1962 1943 2034 est,
1966 1963 2044 2041 post

418 2061 637 2145 expletionem
661 2060 743 2145 legis
768 2060 900 2124 easdem
924 2061 1051 2145 species
1076 2059 1224 2123 sacrificii
1247 2058 1396 2123 fidelibus
1422 2060 1488 2124 suis
1512 2059 1660 2138 tradidit,
1685 2071 1746 2124 uel
1769 2059 1956 2123 dubitemus
1980 2079 2041 2122 nos
2073 2087 2097 2126 rs

419 2164 488 2228 siue
514 2164 668 2249 operibus
692 2164 775 2248 legis
799 2163 965 2228 iustificari
990 2162 1183 2249 perfidem,
1212 2161 1288 2225 dum
1317 2163 1389 2225 illos
1413 2163 1576 2227 imitamur
1598 2162 1751 2227 libertate
1779 2161 1854 2225 fidei
1886 2169 1919 2226 et
1942 2161 2042 2225 devo-

420 2269 530 2346 tionis,
561 2288 642 2352 quos
675 2268 744 2331 sine
775 2267 933 2332 servitute
965 2266 1048 2351 legis
1076 2266 1244 2330 coactitia¹
1273 2265 1345 2329 Deo
1374 2267 1623 2349 cognoscimus·
1651 2267 1815 2352 placuisse
1843 2287 1904 2349 per
1934 2265 2044 2329 tidem.

420 2370 507 2455 Ergo
532 2369 607 2434 dum
640 2376 734 2433 notus
759 2376 848 2434 esset
877 2371 909 2434 in
934 2369 1035 2434 ludea
1057 2370 1159 2448 Deus,
1191 2367 1353 2452 dumqueb
1378 2369 1410 2432 in
1432 2358 1497 2432 uuo
1520 2370 1721 2433 tabernaculi
1745 2369 1797 2434 rel
1825 2369 1937 2454 templi
1973 2370 2044 2432 loco

423 2475 581 2539 sacrificia
604 2474 764 2538 deberent
786 2475 912 2554 offerri,
937 2480 1148 2560 praeceptum
1172 2479 1222 2536 est
1245 2472 1297 2536 vel
1321 2474 1429 2557 potius
1453 2474 1646 2556 permissum
1671 2473 1856 2537 carnalibus
1880 2472 1986 2536 varias
2011 2477 2045 2536 et

420 2587 628 2664 sumptuosas
663 2577 846 2642 oblationes
877 2577 1051 2658 exhibere,
1087 2584 1142 2642 ιιῑὓ
1172 2578 1298 2642 servilis
1329 2577 1444 2661 religio
1477 2576 1630 2660 gravibus
1662 2575 1841 2640 desudaret
1869 2575 2044 2660 obsequiis.
2073 2600 2100 2640 ro

420 2681 464 2746 At
487 2704 564 2746 vero
589 2688 760 2768 postquam
784 2703 882 2767 super
909 2702 1037 2746 omnem
1060 2687 1180 2746 terram
1203 2680 1366 2745 laudabile
1390 2700 1507 2743 nomen
1530 2677 1661 2741 Domini
1685 2680 1820 2759 inluxit,
1844 2678 1986 2764 dumque
2010 2679 2044 2741 in

420 2785 571 2848 omnibus
590 2785 668 2848 locis
694 2791 727 2850 et
742 2785 894 2868 gentibus
919 2806 982 2849 non
999 2784 1154 2869 speciale,
1179 2783 1235 2848 sed
1253 2783 1408 2868 gencrale
1426 2781 1643 2846 sacerdotium
1659 2784 1793 2867 geritur,
1816 2788 1883 2846 tota
1898 2782 2043 2845 fidelium

421 2886 566 2951 unitated
590 2907 655 2950 nou
677 2888 825 2950 inunum
843 2889 1055 2973 corporaliter
1072 2888 1205 2964 locumr,
1230 2886 1288 2950 sed
1311 2887 1343 2949 in
1364 2906 1461 2949 uuam
1479 2885 1686 2970 spiritaliter‘
1706 2886 1804 2950 fidem
1822 2896 2045 2963 concurrente,

420 2999 574 3055 statutum
607 2995 657 3055 est
688 2990 838 3054 fidelibus
869 2991 1052 3055 oblationes
1081 2991 1247 3075 simplices
1278 2989 1419 3052 Domino
1451 3009 1658 3067 consecrare,
1693 3009 1776 3074 quas
1812 2997 1845 3054 et
1872 2990 2046 3054 veritatem

420 3080 566 3178 mysterii
594 3095 800 3158 continerent
829 3100 863 3158 et
890 3092 974 3156 filios
1002 3092 1185 3177 adoptionis
1217 3092 1308 3155 nulla
1339 3099 1525 3177 sumptuum
1556 3092 1748 3157 difficultate
1781 3094 2044 3180 comprimerent.
2076 3118 2103 3157 ns

419 3195 493 3260 Non
517 3204 568 3260 est
590 3203 699 3260 autem
722 3195 965 3261 discutiendum
990 3196 1116 3259 ratione
1139 3195 1333 3272 mortalium,
1358 3215 1414 3257 cur
1436 3185 1538 3258 finecs
1561 3197 1613 3260 vel
1636 3196 1702 3275 illa,
1725 3197 1786 3260 isto
1803 3199 1854 3260 vel
1880 3197 1935 3260 illo
1960 3203 2045 3260 tem-

420 3320 498 3384 pore
524 3299 619 3383 quasi
643 3299 773 3364 diversa
796 3306 829 3363 et
852 3298 1073 3382 discrepantia
1096 3297 1162 3377 ille,
1194 3298 1247 3382 qui
1271 3318 1401 3382 semper
1423 3291 1546 3360 idernlb
1568 3306 1619 3363 est
1643 3308 1677 3364 et
1700 3301 1816 3364 mutari
1839 3321 1902 3364 non
1927 3306 2047 3386 potest,

425 3405 574 3468 statuerit
597 3404 649 3468 vel
674 3404 816 3480 iusserit,
841 3424 914 3466 cum
937 3403 1082 3487 ipsorum
1106 3401 1255 3466 conditor
1277 3408 1310 3465 et
1334 3401 1500 3466 ordinator
1514 3408 1706 3488 temporum,
1730 3403 1884 3488 quioquid
1907 3405 1939 3466 in
1962 3409 2047 3467 tem·

421 3528 500 3592 pore
532 3506 583 3586 fit,
614 3526 677 3569 non
705 3505 891 3591 temporali·
906 3505 1086 3591 sapientiae
1110 3525 1189 3569 suae
1213 3505 1355 3584 ratione,
1385 3505 1444 3570 sed
1468 3513 1603 3571 aeterna
1626 3508 1730 3584 iuste,
1760 3509 1992 3572 convenienter
2015 3515 2049 3572 et

421 3611 556 3690 utiliter,
574 3610 719 3694 quamvis
737 3610 867 3694 saepius
884 3608 1017 3685 occulte,
1034 3607 1214 3694 disponam.
1252 3607 1453 3673 Notandum¹
1470 3617 1591 3690 tamen,
1614 3611 1699 3694 quod
1717 3631 1781 3675 non
1805 3610 1845 3674 de
1863 3611 2049 3694 maioribus,
2078 3641 2105 3682 so

422 3712 625 3792 fortioribus,
656 3712 888 3792 sanctioribus,
919 3713 1102 3777 utilioribus
1126 3713 1166 3775 ad
1190 3715 1331 3792 minora,
1361 3713 1573 3793 infirmiorak,
1604 3713 1731 3794 viliora,
1756 3715 1921 3778 inutiliora
1944 3736 2048 3799 genus

422 3815 601 3880 humanum
627 3819 800 3895 vocaverit,
826 3816 884 3879 sed
908 3817 993 3880 sicut
1018 3836 1157 3901 persona
1180 3815 1237 3878 filii
1260 3817 1364 3880 servis
1385 3817 1585 3901 praemissis,
1609 3818 1662 3880 vel
1686 3819 1810 3902 angelis
1826 3817 1980 3882 videlicet
1996 3819 2048 3882 vel

424 3918 620 3998 bominibus,
645 3926 780 3984 naturae
806 3940 884 3982 suae
908 3919 1091 4003 praeminet
1106 3919 1288 3998 maiestate,
1313 3921 1360 3981 sio
1384 3920 1454 4004 ipse
1477 3921 1511 3982 iu
1528 3940 1625 3983 carne
1641 3920 1820 3985 adveniens
1844 3921 1907 3985 illis
1924 3922 2050 3985 maiora

423 4022 577 4101 instituit,
605 4028 639 4086 et
669 4043 689 4084 a
718 4021 903 4086 carnalibus
934 4021 987 4086 ad¹
1013 4021 1189 4107 spiritalia,
1220 4043 1240 4086 a
1267 4023 1406 4086 terrenis
1434 4022 1476 4087 ad
1499 4024 1670 4104 caelestia,
1701 4045 1720 4086 a
1750 4024 1980 4109 temporalibus
2004 4024 2048 4088 ad

422 4133 569 4206 aeterna,
593 4127 634 4190 ab
658 4127 857 4211 imperfectis
881 4125 922 4189 ad
944 4126 1102 4210 perlecta,
1126 4125 1298 4189 obumbra
1321 4124 1362 4189 ad
1386 4146 1515 4212 corpus,
1539 4127 1580 4191 ab
1597 4127 1793 4212 imaginibus
1817 4127 1858 4190 ad
1876 4129 2047 4192 veritatem
2080 4159 2105 4199 ss

425 4230 535 4293 docuit
558 4227 803 4293 transeundum.

536 4333 613 4394 18¹³.
648 4330 754 4414 Igitur
776 4339 871 4394 eum¹²
894 4331 964 4414 ipse
987 4330 1096 4394 tilius⁰
1118 4330 1182 4396 Dei
1206 4332 1308 4395 dicat:
1335 4325 1466 4396 ‘caroffi
1482 4353 1556 4398 mea
1571 4355 1648 4398 vere
1672 4342 1721 4398 est
1738 4336 1841 4414 cibus,
1867 4342 1899 4400 et
1916 4337 2050 4421 sanguis

423 4456 516 4500 meus
542 4455 616 4498 vere
641 4442 692 4498 est
715 4430 831 4520 potus’,
855 4433 899 4496 ito
922 4435 1198 4519 intellegendum¹³
1223 4442 1273 4499 est
1288 4437 1404 4500 eadem
1428 4435 1658 4522 redemptionis
1682 4445 1813 4502 nostrae
1837 4442 1994 4524 mysteria
2018 4448 2051 4504 et

424 4561 502 4603 vere
519 4559 593 4602 esse
610 4559 728 4623 corpus
753 4559 790 4601 ac
813 4537 1025 4620 sanguinemq
1040 4537 1182 4616 Domini,
1206 4545 1242 4602 ut
1263 4539 1349 4604 illius
1366 4541 1500 4604 unitatis
1517 4541 1693 4625 perfectae,
1717 4561 1814 4625 quam
1832 4553 1924 4606 cumr
1941 4544 2050 4628 capite

422 4650 534 4706 nostro
558 4643 622 4706 iam
647 4651 738 4727 spe¹,
763 4648 877 4725 postea
899 4643 949 4706 ret
973 4642 1176 4721 tenebimus,
1202 4643 1337 4728 pignora
1360 4643 1495 4709 credere
1519 4643 1730 4710 debeamusr.
1775 4646 1857 4711 Inde
1882 4641 1915 4710 et
1939 4668 2050 4711 sacra·
2080 4677 2107 4715 so

528 4815 550 4878 s)
565 4817 692 4866 iudicetur
706 4815 727 4866 l.
780 4813 801 4882 t)
820 4815 894 4866 uliter
904 4815 964 4865 Chr.
977 4813 1001 4866 2.
1055 4815 1084 4878 ιι)
1098 4817 1165 4866 XVl.
1179 4813 1207 4874 2;
1227 4833 1283 4866 cum
1296 4833 1352 4881 cap.
1366 4817 1478 4868 comoed.
1491 4817 1520 4867 r'rr
1536 4819 1789 4869 unumcorriurrctum
1808 4820 1835 4869 r'rr
1853 4817 1877 4871 3.
1931 4819 2052 4885 v)1ssus

422 4903 538 4952 (ss‘lrristua
562 4903 631 4952 lilius
652 4901 676 4952 3.
781 4898 816 4965 w)
840 4902 980 4967 pronubis
1004 4900 1115 4967 patriD.
1223 4901 1251 4964 x)
1269 4905 1449 4968 pronuntiasse
1471 4900 1495 4954 3.
1600 4905 1627 4970 y)
1653 4921 1699 4955 nec
1717 4901 1741 4955 3.
1848 4903 1872 4970 ι.)
1892 4908 2007 4958 coactiva
2025 4907 2049 4958 3.

423 4989 450 5050 a)
470 4989 598 5054 placuisse
616 5005 671 5054 cog.
689 4984 713 5037 4.
794 4985 822 5050 b)
841 5003 854 5035 e
872 4988 982 5051 denique
1000 5004 1066 5039 ror-r.
1085 4986 1111 5040 4.
1191 4987 1216 5053 c)
1236 4995 1262 5039 ct
1279 4988 1303 5038 5.
1373 4987 1400 5052 d)
1420 4989 1544 5040 unitatem
1562 4975 1587 5041 4.
1658 4989 1683 5053 c)
1703 4991 1746 5040 sed
1765 4991 1791 5041 iu
1810 5008 1887 5042 unam
1906 4994 2052 5058 specialiter

423 5077 506 5126 locum
525 5076 586 5127 add.
606 5074 635 5140 5,
655 5075 700 5125 red
713 5082 803 5138 posteo
822 5074 871 5124 dcl.
972 5073 998 5138 Ι)
1016 5076 1161 5140 specialiter
1178 5073 1201 5125 4.
1221 5073 1245 5126 5.
1344 5077 1371 5141 g)
1389 5076 1438 5126 lroc
1455 5074 1479 5126 5.
1580 5076 1607 5136 hl
1626 5078 1690 5139 Quis
1709 5078 1854 5142 esthemo,
1879 5080 1994 5144 quinon
2012 5090 2052 5132 ost

422 5170 499 5212 natus
517 5171 542 5212 et
560 5168 741 5228 postmortem
760 5161 904 5225 baptizatus
922 5163 1048 5212 estetin
1067 5170 1156 5214 ventre
1174 5164 1263 5213 matris
1281 5179 1343 5214 suae
1361 5164 1478 5231 sepultus
1496 5169 1534 5214 cst
1552 5165 1614 5215 odd.
1627 5163 1651 5224 4,
1671 5165 1717 5214 scd
1730 5175 1822 5230 postca
1839 5166 1887 5216 det
1960 5170 1980 5228 ἰ)
2000 5185 2051 5220 ηοιι
2080 5185 2106 5222 ιι

423 5255 522 5298 tantum
546 5247 569 5298 5.
661 5246 690 5309 k)
713 5262 762 5296 om.
781 5244 805 5296 5.
897 5245 916 5308 l)
934 5263 965 5296 ea·
983 5264 998 5297 a
1016 5264 1082 5298 corr.
1101 5265 1171 5299 arou.
1190 5247 1235 5299 alt.
1254 5247 1278 5299 5.
1378 5248 1412 5310 ιιι)
1438 5249 1521 5299 XVII,
1537 5247 1561 5300 2.
1579 5248 1603 5301 3.
1704 5251 1731 5314 ιι)
1753 5251 1813 5302 dum
1832 5249 1857 5302 4.
1958 5253 1984 5314 ο)
2004 5256 2053 5306 Dei

423 5334 492 5384 filius
510 5332 535 5383 2.
645 5331 671 5398 p)
689 5349 757 5384 corr.
775 5348 845 5383 roan.
863 5332 908 5382 ult.
932 5333 1099 5399 intelligenda
1120 5341 1181 5384 sunt
1203 5333 1228 5386 5.
1336 5332 1364 5401 q)
1382 5353 1449 5386 corr.
1468 5352 1536 5387 mars.
1556 5337 1600 5388 alt.
1620 5340 1727 5404 sanguis
1740 5338 1764 5390 5.
1872 5343 1895 5404 ι)
1915 5357 1962 5392 om.
1982 5340 2006 5392 4.
2026 5341 2051 5393 5.

424 5419 447 5484 s)
466 5436 526 5486 sape
543 5417 567 5470 5.
656 5417 676 5480 ι)
695 5418 864 5469 retinebimus
881 5416 907 5473 2.
994 5417 1021 5484 ιι)
1040 5420 1162 5472 debemus
1180 5419 1257 5472 3-5.

524 5571 567 5640 72)
588 5569 664 5624 Geor.
678 5569 850 5638 Hippot&
874 5571 967 5624 Marsi
984 5571 1041 5636 III,
1060 5573 1106 5626 col.
1120 5572 1179 5625 923.
1247 5573 1290 5638 73)
1302 5573 1383 5640 Apoc.
1399 5574 1438 5640 17,
1454 5575 1493 5628 lb.
1547 5576 1591 5644 74)
1607 5576 1705 5633 Etrus.
1720 5579 1743 5646 7,
1759 5580 1790 5633 17
1800 5595 1854 5647 sqq.
1911 5579 1954 5647 75)
1968 5579 2052 5636 Num.

422 5678 465 5743 23,
483 5676 524 5729 19.
612 5677 656 5742 76)
677 5674 737 5728 Iob.
755 5676 780 5740 6,
799 5677 841 5729 56.
2082 5701 2109 5740 so
