4590 6428
499 463 766 518 ADDI‘I'AMENTA
787 465 836 518 AD
854 464 1065 522 llbUDOWICl
1084 466 1133 520 PII
1152 464 1407 522 ulrlvuunlua.
1426 495 1459 503 -
1479 464 1526 518 Νι.
1540 464 1598 517 196.
1820 467 1855 528 31

233 637 328 703 nobis
358 637 516 723 peccandi
546 639 651 703 locum
682 637 846 706 daremus,
891 639 1015 706 Verum
1044 662 1118 706 cum
1146 640 1255 704 nullus
1285 639 1480 704 christianus
1509 637 1682 703 thesauros
1706 637 1738 701 in
1762 641 1860 716 terra,
1879 641 1938 697 829.

233 742 292 808 sed
316 743 423 829 potina
447 742 624 807 seeundum
642 741 772 807 Domini
796 737 1026 808 sententiam‘l3
1050 746 1082 809 in
1108 744 1200 809 caelo
1222 741 1401 808 recondere
1419 741 1550 822 debeat,
1574 739 1754 806 cavendum
1772 759 1860 804 sum·

231 867 366 933 mopere
394 845 620 912 sacerdotibus
650 853 715 927 est,
745 853 781 912 ut
809 847 850 912 ab
878 849 1036 914 avaritiae
1064 838 1205 936 peste34,
1238 866 1321 931 quae
1349 844 1441 910 radix
1464 845 1606 909 omniurn
1629 845 1788 908 malorum
1811 851 1862 907 est

231 971 374 1036 suosque
398 957 581 1016 sectatores
604 971 624 1014 a
646 972 749 1036 regno
767 950 889 1016 Christi
913 951 1068 1030 excludit,
1093 973 1129 1016 se
1148 949 1337 1024 cohibeant;
1362 949 1513 1035 quoniam
1530 947 1628 1033 digne
1644 967 1709 1013 non
1723 953 1862 1032 possunt

198 1081 211 1118 s
232 1053 372 1120 subditis
388 1055 589 1140 praedicare,
613 1061 649 1120 ut
671 1055 713 1120 ab
730 1056 782 1120 his
804 1077 839 1121 se
855 1057 1052 1136 abstineant,
1076 1077 1150 1120 cum
1166 1055 1229 1141 ipsi
1246 1053 1307 1134 his,
1331 1053 1418 1139 quod
1434 1052 1530 1119 valde
1546 1041 1739 1130 dedecuslt,
1761 1050 1860 1116 immo
1945 1053 1948 1066 ⁴

232 1159 454 1245 periculosum
482 1166 548 1236 est,
579 1180 614 1223 se
644 1160 910 1244 mancipaverint.
956 1160 1097 1226 Gravius
1120 1160 1242 1245 quippe
1270 1158 1478 1242 atrociusque
1502 1156 1564 1220 hae
1588 1155 1766 1242 pestiferae
1787 1155 1861 1219 lues

231 1263 267 1327 in
290 1262 356 1326 illis
378 1261 611 1350 dampnantur,
639 1283 736 1348 quarn
759 1263 792 1328 in
816 1262 881 1344 his,
905 1265 959 1348 qui
982 1284 1094 1328 eornm
1118 1262 1213 1327 dictis
1238 1268 1271 1328 et
1294 1262 1453 1346 exemplis
1476 1263 1518 1328 ab
1540 1260 1590 1325 his
1613 1258 1779 1325 coherceri
1803 1256 1859 1322 de·

231 1366 404 1432 buerunt¹.
447 1367 562 1432 Solent
584 1388 724 1452 namque
748 1389 768 1432 a
784 1367 947 1434 nonnullis
965 1366 1161 1432 multifariae
1178 1366 1366 1430 occasiones
1381 1365 1524 1444 obtendi,
1548 1384 1632 1449 qnae
1651 1362 1860 1428 necessitatis

233 1471 365 1536 nomine
388 1471 592 1558 pallantum,
617 1477 650 1534 et
672 1491 797 1550 revera,
821 1469 896 1538 dum
919 1471 1065 1536 exterius
1082 1470 1261 1535 necessitas
1277 1468 1491 1554 pretenditur,
1515 1468 1651 1534 interius
1667 1467 1709 1532 ab
1725 1465 1861 1532 avaritia

187 1575 372 1659 retegitur,
405 1574 492 1640 unde
522 1582 556 1640 et
568 1561 699 1640 iocatus
722 1574 866 1660 Prosper
893 1575 952 1638 ait:
990 1566 1109 1638 ‘Nonis’
1131 1579 1241 1658 potest
1263 1572 1373 1638 dicere
1402 1571 1557 1638 sacerdos
1582 1567 1861 1654 contemptoribus

234 1678 464 1743 admonitionis
488 1698 582 1743 suae:
614 1677 793 1742 “Futurum
817 1679 960 1764 cogitate
984 1677 1165 1756 iuditium',
1196 1676 1282 1763 quod
1310 1678 1382 1762 ipse
1406 1677 1489 1742 forte
1513 1698 1575 1743 non
1599 1677 1735 1761 cogitatz
1769 1693 1859 1738 ama·

233 1781 359 1846 toribus
382 1780 508 1846 mundi:
541 1780 672 1846 “Nolite
696 1781 831 1866 diligere
854 1779 1043 1856 nmndum’',
1072 1781 1099 1844 si
1124 1803 1198 1846 oum
1225 1803 1315 1845 amor
1335 1780 1446 1844 mnndi
1470 1779 1628 1852 oblectat;
1663 1776 1859 1844 ambitiosis:

234 1885 436 1951 “Ambitioni
463 1886 528 1950 iam
553 1886 651 1949 finem
674 1884 853 1970 inponite’⁷,
882 1887 909 1950 si
933 1907 1007 1950 eum
1032 1884 1166 1950 ambitio
1190 1887 1321 1950 ruinosa
1343 1882 1537 1970 precipitat’
1583 1882 1621 1948 ln
1643 1884 1710 1948 vita
1732 1902 1859 1968 quoque

234 1988 322 2052 beati
356 1988 523 2053 Ambrosii
560 1988 694 2072 legitur:
735 1980 1023 2072 ‘Ingemiscebatffi
1059 1989 1144 2052 enim
1180 1988 1409 2067 vehementer,
1449 2009 1522 2053 cum
1556 1987 1682 2052 videret
1718 1985 1859 2051 radicem

189 2092 378 2157 nomnium
406 2092 583 2156 malorum¹
611 2091 795 2171 avaritiam,
831 2113 914 2176 quae
944 2112 1051 2176 neque
1081 2091 1175 2177 copia
1203 2112 1311 2176 neque
1339 2092 1450 2179 inopia
1476 2093 1576 2156 minui
1599 2096 1721 2177 potest,
1755 2087 1859 2173 magis

232 2195 404 2279 magisque
427 2195 611 2260 increscere
633 2195 666 2259 in
690 2193 891 2272 hominibus,
920 2199 954 2258 et
976 2195 1116 2258 maxime
1139 2194 1173 2259 in
1197 2192 1262 2271 his,
1290 2196 1399 2280 quiin
1424 2195 1641 2281 potestatibus
1665 2197 1759 2259 erant
1781 2210 1858 2256 con·

233 2297 354 2377 stituti,
385 2298 431 2362 ita
457 2303 493 2362 ut
523 2297 758 2362 interveniendi
782 2297 827 2361 illi
852 2296 938 2383 apud
961 2297 1035 2360 illos
1058 2296 1271 2381 gravissimus
1294 2298 1508 2374 laborasset,
1538 2298 1593 2383 qni
1617 2297 1726 2361 omnia
1749 2296 1860 2381 precio

232 2402 468 2468 distrahebant.
515 2402 607 2477 Quae
639 2424 690 2467 res
719 2423 815 2468 omne
838 2402 960 2466 malum
985 2403 1111 2488 primot
1134 2403 1259 2467 invexit
1282 2403 1415 2480 Italiae,
1449 2408 1481 2466 et
1509 2398 1628 2464 exinde
1652 2399 1762 2464 omnia
1785 2420 1858 2464 ver·

233 2515 354 2592 guntur
377 2507 408 2572 in
432 2507 537 2592 peius.
583 2505 626 2570 Et
648 2506 726 2591 quid
749 2504 867 2580 dicam,
892 2505 974 2569 siin
999 2505 1181 2570 huiusmodi
1206 2506 1355 2592 personis
1379 2506 1425 2570 ita
1444 2505 1567 2570 rabiem
1585 2523 1676 2568 suam
1693 2509 1859 2580 exercent,

186 2630 213 2670 aa
233 2611 290 2696 qui
312 2609 418 2674 solent
441 2616 497 2674 aut
513 2609 651 2673 filiorum
668 2616 724 2672 out
740 2608 991 2695 propinquorum
1007 2629 1124 2674 causas
1140 2607 1337 2694 protendere
1353 2609 1394 2674 ad
1411 2606 1616 2674 excusandas
1630 2607 1859 2698 excusationes

233 2715 267 2778 in
290 2713 444 2799 peccatis,
467 2711 729 2799 quandoquidem
754 2713 929 2799 plerosque
950 2713 1096 2797 coeperit
1111 2712 1211 2777 etiam
1227 2733 1326 2778 caeca
1341 2712 1434 2778 labes
1452 2709 1639 2776 sacerdotes
1656 2710 1708 2775 vel
1732 2710 1859 2791 levitas,

172 2863 176 2870 -
231 2817 352 2903 quibus
374 2818 480 2902 portio
502 2817 593 2882 Deus
617 2823 683 2895 est,
706 2825 744 2882 ut
766 2816 855 2880 illam
879 2817 977 2882 etiam
1002 2817 1063 2902 ipsi
1088 2823 1254 2902 appetant.
1295 2814 1338 2879 Et
1360 2836 1420 2880 vae
1443 2814 1523 2880 mihi
1545 2814 1676 2892 misero,
1699 2813 1775 2898 quia
1797 2833 1858 2878 nee

231 2922 295 2986 fine
318 2921 430 2986 mundi
453 2941 678 3007 provocamur,
702 2927 826 2986 uttam
850 2921 942 3005 gravi
966 2922 1042 3006 iugo
1068 2922 1236 2986 servitutis
1260 2921 1394 2986 liberari
1416 2920 1565 3001 velimus,
1589 2918 1674 3005 quod
1698 2918 1859 3002 demergit

231 3045 336 3110 usque
359 3024 401 3090 ad
423 3022 619 3109 profundum
644 3023 778 3103 inferni,
807 3031 843 3088 ut
866 3024 1022 3088 faciamus
1050 3024 1143 3089 nobis
1167 3025 1289 3089 amicos
1313 3024 1354 3088 de
1378 3044 1563 3088 mammona
1586 3022 1781 3108 iniquitatis,
1804 3023 1859 3108 qui

185 3149 213 3190 aa
232 3149 293 3192 nos
317 3128 477 3213 recipiant
500 3129 533 3192 in
555 3133 691 3191 aeterna
714 3127 946 3194 tabernacula)

336 3249 395 3331 (7.)
430 3247 508 3333 Cap.
532 3246 608 3310 IV.b
641 3239 780 3319 uuiaet*
804 3269 882 3332 ergo
913 3254 1046 3334 propter
1074 3269 1278 3313 communem
1307 3271 1346 3314 ac
1374 3249 1592 3314 necessariam
1625 3246 1857 3312 correctionem

230 3351 355 3437 pariter
382 3349 620 3436 diligenterque
650 3351 876 3436 inquisivimus
905 3359 938 3415 et
967 3371 1007 3415 ex
1033 3352 1175 3416 oraculis
1199 3352 1317 3416 divinis
1341 3358 1374 3416 et
1402 3358 1590 3416 sanctorum
1612 3355 1740 3437 patrum
1764 3348 1859 3414 dictis

230 3455 438 3520 manifestum
468 3455 621 3536 lecimus,
656 3455 797 3540 qualiter
825 3455 866 3520 ad
895 3456 1059 3540 pastorale
1091 3457 1315 3542 magisterium
1341 3455 1555 3534 veniendum,
1590 3454 1730 3539 qualiter
1757 3453 1789 3517 in
1819 3474 1857 3518 eo

230 3558 420 3640 vivendum,
453 3559 594 3644 qualiter
616 3556 798 3623 docendum
830 3559 873 3623 sit
902 3564 935 3624 et
957 3561 1098 3644 qualiter
1122 3559 1310 3624 sacerdotes
1334 3558 1465 3623 Domini
1490 3557 1677 3638 avaritiam,
1708 3557 1764 3642 qui
1786 3557 1858 3622 aliis

183 3662 337 3727 sosarmo
359 3667 392 3728 et
416 3663 605 3748 exemplum
629 3683 703 3726 esse
727 3661 859 3741 debent,
883 3683 998 3727 cavere
1023 3663 1192 3743 debeant0,
1217 3683 1337 3748 operae
1354 3661 1500 3748 precium
1516 3661 1669 3726 duximus
1685 3681 1745 3724 nos
1762 3680 1858 3726 exor-

231 3764 330 3830 tando
352 3765 527 3830 admonere
551 3771 585 3830 et
607 3764 813 3830 admonendo
837 3765 1014 3844 exhortari,
1037 3771 1073 3829 ut
1094 3766 1353 3852 hospitalitatem
1376 3766 1531 3851 precipue
1556 3762 1766 3829 sacerdotes‘¹
1788 3763 1857 3827 Do·

231 3869 332 3934 minit
355 3870 473 3935 sectari
497 3869 716 3948 meminerint,
742 3869 895 3954 quoniam
919 3869 1078 3934 hactenus
1102 3891 1122 3934 a
1145 3868 1340 3954 quibusdam
1363 3867 1485 3933 ordinis
1508 3869 1610 3933 nostri
1634 3868 1730 3932 sociis
1752 3867 1858 3930 minus

231 3974 318 4038 iusto
347 3975 379 4038 in
409 3995 449 4038 ea
478 3980 588 4038 actum
618 3979 685 4052 est,
718 3981 751 4038 et
779 3973 853 4038 ideo
882 3973 1033 4038 amultis
1057 3995 1120 4038 non
1150 3975 1254 4038 solum
1276 3973 1339 4058 ipsi
1362 3975 1592 4058 neglegentes,
1622 3971 1858 4036 verumetiam

232 4077 450 4164 hospitalitati
482 4075 675 4141 studentes‘¹
706 4077 764 4141 tali
796 4077 1051 4161 reprehensione
1083 4084 1159 4141 sunt
1188 4077 1344 4142 denotati.
1395 4077 1497 4141 Porro
1530 4076 1557 4140 si
1588 4075 1794 4162 hospitalitas
1826 4077 1859 4141 in

184 4203 213 4242 ss
233 4180 394 4246 tremendi
418 4180 578 4246 examinis
603 4177 654 4243 die
678 4179 719 4244 ab
743 4187 877 4245 aeterno
897 4180 1003 4246 iudice
1020 4187 1071 4246 est
1088 4181 1336 4258 remuneranda,
1360 4181 1415 4266 qui
1431 4180 1575 4246 dicturus
1592 4185 1655 4245 est:
1682 4173 1859 4268 Ἧοιρεε39

233 4285 291 4364 fui,
315 4292 348 4350 et
370 4285 549 4369 collegistis
572 4282 647 4362 me’,
671 4291 705 4348 et
728 4283 770 4347 ob
794 4282 825 4347 id
849 4285 889 4348 ab
906 4285 1055 4350 omnibus
1072 4285 1257 4350 christianis
1275 4307 1482 4372 summopere
1498 4290 1548 4348 est
1568 4284 1735 4366 sectanda,
1757 4287 1859 4353 multo

231 4389 338 4474 magia
367 4395 478 4454 tamen
501 4386 754 4472 vigilantiusque
783 4387 825 4452 ab
852 4388 921 4469 his,
951 4389 1006 4473 qui
1035 4388 1130 4454 dictis
1159 4397 1192 4454 et
1215 4391 1377 4477 exemplis
1405 4390 1447 4454 ad
1470 4391 1570 4456 vitam
1593 4396 1761 4456 aeternam
1784 4392 1858 4457 aliis

232 4494 386 4559 ducatum
414 4491 589 4578 praebent,
620 4491 804 4577 postposita
832 4493 988 4558 avaritiae
1017 4499 1110 4579 peste
1137 4499 1171 4557 et
1199 4494 1264 4558 alia
1286 4493 1435 4579 qualibet
1457 4495 1627 4558 occasione
1650 4515 1783 4580 prorsus
1808 4501 1859 4560 est

235 4595 439 4681 exequenda.
485 4594 537 4658 Ab
570 4585 754 4679 apostolo40
781 4596 901 4682 quippe
932 4597 1017 4662 inter
1048 4603 1158 4668 cetera
1180 4599 1334 4663 virtutum
1365 4599 1556 4684 praeconia,
1589 4618 1672 4684 quae
1701 4600 1858 4687 episcopo

182 4722 214 4760 m
232 4701 344 4766 inesse
368 4699 497 4778 debent,
521 4697 727 4784 hospitalitas
751 4699 849 4763 etiam
866 4698 1018 4764 habenda
1033 4701 1250 4786 praedicatur.
1288 4693 1487 4789 ‘Episcopib
1509 4721 1648 4786 namque
1664 4701 1799 4784 domua’,
1822 4710 1858 4769 ut

230 4805 350 4869 beatus
365 4803 575 4868 Hieronimus
593 4801 715 4882 scribit,
739 4803 894 4867 ‘omnium
910 4825 1082 4869 commune
1098 4804 1198 4870 debet
1213 4826 1287 4870 esse
1303 4805 1498 4891 hospitium;
1528 4812 1561 4869 et
1576 4805 1689 4894 laicus,
1713 4807 1742 4870 si
1757 4827 1856 4870 unum

336 5009 365 5072 ιι)
383 5009 500 5060 debuerit
513 5007 536 5060 1.
618 5009 647 5076 y)
666 5010 807 5062 balliantur
823 5027 890 5061 carr.
902 5010 1068 5062 blandiantur
1082 5010 1104 5062 l.
1186 5011 1212 5073 a)
1229 5026 1276 5060 om.
1291 5009 1314 5060 1.
1398 5007 1424 5076 a)
1444 5011 1558 5076 proximo
1572 5011 1595 5062 1.
1679 5009 1705 5074 b)
1723 5012 1762 5062 De
1774 5012 1859 5078 hospi·

231 5095 330 5147 talitata
347 5094 418 5144 mbr.
436 5094 464 5144 ia
476 5091 500 5145 4.
581 5094 605 5158 c)
624 5096 691 5158 Quia
769 5095 879 5146 debeant
897 5113 944 5146 ons.
958 5094 983 5160 3,
1000 5098 1027 5147 ia
1045 5114 1094 5162 quo
1113 5097 1211 5148 initium
1229 5104 1276 5147 est:
1294 5097 1394 5162 Operae
1412 5113 1514 5162 quoque
1531 5097 1652 5162 precium.
1731 5097 1758 5160 d)
1776 5115 1858 5149 sacer·

229 5183 303 5232 dotes
378 5181 509 5232 studentes
527 5198 576 5232 cnr.
594 5177 619 5232 3.
706 5179 731 5247 e)
751 5180 826 5234 Finis
843 5181 936 5233 cedias
953 5181 977 5232 4.

182 5375 210 5412 m
333 5351 377 5418 33)
396 5349 636 5417 Marmarata
723 5351 768 5418 34)
787 5367 860 5419 quae
878 5350 1077 5406 estidolorum
1095 5352 1214 5408 servitus
1231 5355 1260 5408 et
1272 5351 1429 5421 cupiditate
1447 5351 1525 5406 addit
1539 5352 1729 5419 conareris,
1747 5353 1859 5419 sonasse

228 5452 386 5520 rreplcpcater
411 5451 452 5505 hic
477 5452 582 5506 ortissu.
686 5453 732 5520 35)
756 5452 892 5508 dedecens
913 5454 1011 5508 rectius
1030 5454 1107 5510 Coae.
1126 5455 1214 5510 Parra.
1318 5456 1364 5521 36)
1384 5455 1509 5523 Prosper,
1531 5455 1562 5510 de
1582 5456 1636 5510 vita
1657 5457 1858 5526 coemptarum

228 5554 273 5608 lib.
287 5553 316 5621 1,
333 5571 354 5610 c.
367 5556 410 5622 15,
442 5555 530 5624 Opera
552 5555 590 5610 ed.
608 5556 726 5610 Parisiis
743 5557 823 5624 1711,
852 5557 923 5626 App.
941 5559 989 5614 col.
1003 5561 1035 5614 13
1047 5577 1084 5628 sq.
1188 5561 1233 5628 37)
1258 5559 1319 5614 Vita
1336 5561 1456 5616 Ambros.
1480 5577 1500 5614 c.
1516 5561 1563 5628 41,
1593 5560 1683 5630 Opera
1703 5559 1742 5616 cd.
1762 5561 1857 5616 Besa.

227 5663 290 5712 torri.
304 5657 343 5725 H,
362 5657 433 5726 App.
450 5659 499 5714 col.
517 5659 570 5714 XI.
662 5659 707 5726 38)
727 5657 804 5714 uam.
824 5660 914 5715 Paris.
933 5661 1013 5730 tul,
1033 5679 1054 5718 c.
1068 5663 1108 5731 14,
1124 5679 1194 5733 pars
1207 5663 1294 5733 pstor,
1314 5665 1330 5719 l.
1343 5681 1364 5719 c.
1382 5664 1427 5718 cot.
1440 5664 1500 5719 548.
1586 5665 1632 5734 39)
1651 5664 1750 5720 Maca.
1763 5665 1858 5732 3ὑ,3ι”ι.

227 5761 275 5828 40)
295 5763 319 5815 1.
342 5761 408 5815 Tim.
426 5762 452 5830 3,
462 5763 487 5820 2.
575 5762 620 5830 41)
639 5762 831 5834 Hieronymus,
852 5762 1025 5821 commeator.
1044 5765 1081 5820 acl
1101 5765 1198 5835 Titum,
1218 5783 1238 5822 c.
1253 5769 1276 5835 1,
1300 5769 1395 5836 (tpera
1413 5772 1472 5821 torn.
1488 5765 1550 5833 VII,
1569 5767 1615 5820 col.
1626 5767 1685 5821 701.
