4568 6434
407 458 468 519 '220
520 452 787 508 tonlinrtsri'rn
806 453 855 507 ΑΙ)
872 451 1118 508 capricornii
1139 448 1268 506 REGUM
1287 449 1471 505 scaneins
1491 449 1720 506 carantanis.
1741 483 1774 492 -
1792 451 1841 507 Νι.
1853 451 1912 508 252.

327 635 385 689 895.
406 636 439 692 et
462 629 564 692 virtus
587 630 730 693 muneris
758 634 791 692 et
822 627 949 714 speeies
973 627 1125 701 actionis,
1155 626 1217 690 ad⁰
1240 627 1332 690 euius
1358 626 1405 691 rei
1429 625 1707 692 confirmationem
1729 627 1903 713 plurimum
1928 629 2025 704 valet,

406 731 490 816 quod
507 732 591 816 ipse⁰
607 731 755 795 dominus
767 731 862 796 Iesus
876 731 1035 806 Christus,
1051 737 1221 815 postquam
1240 730 1419 795 resurrexit
1431 751 1451 794 a
1463 732 1609 811 mortuis,
1625 730 1792 816 discipulis
1808 732 1875 794 suis
1888 731 2023 795 formam

406 843 439 898 et
463 842 658 920 potestatem
682 834 815 900 tradidit
839 835 1024 920 baptizandi
1048 834 1176 898 dicens:
1207 826 1389 899 “suntab'‘
1413 833 1527 899 docete
1551 856 1664 900 omnes
1681 842 1798 918 gentes
1821 834 2025 922 baptizantes

405 959 460 1002 eos
488 941 520 1004 in
549 941 678 1005 nomine
707 940 813 1003 Patris
841 946 874 1003 et
896 939 972 1004 Filii
1002 945 1035 1004 et
1066 938 1209 1025 Spiritus
1239 936 1376 1005 sancti’.
1427 937 1478 1002 De
1505 959 1569 1023 quo
1592 939 1705 1024 ntique
1735 946 1812 1003 ante
1841 941 2024 1025 passionem

405 1044 568 1128 potuisset
595 1065 653 1107 eos
684 1045 858 1123 instruere,
888 1044 949 1107 nisi
979 1044 1107 1128 proprie
1136 1043 1293 1106 voluisset
1322 1039 1568 1106 demonstrared
1599 1042 1857 1126 regenerationis
1886 1044 2026 1124 gratiam
2055 1077 2068 1116 ι

405 1166 445 1208 ex
476 1167 536 1210 sna
564 1149 800 1212 resurrectione
831 1148 992 1231 coepisse.
1053 1145 1195 1210 Additur
1223 1166 1301 1209 sane
1331 1145 1404 1209 huic
1434 1145 1662 1208 observantiae
1692 1146 1789 1210 etium
1818 1153 2026 1231 pentecostes

405 1271 447 1314 ex
471 1250 614 1314 adventu
638 1251 741 1314 sancti
766 1249 907 1337 Spiritus
931 1271 1025 1315 sacra
1048 1250 1247 1324 solemnitas,
1271 1270 1355 1335 quae
1379 1248 1420 1314 de
1445 1248 1608 1333 paschalis
1633 1250 1708 1314 festi
1733 1249 1853 1337 pendet
1877 1250 2026 1315 articulo.

405 1353 486 1418 Nam
511 1355 648 1419 eumad
672 1355 753 1419 alios
781 1355 851 1419 dies
879 1356 944 1419 alia
972 1355 1056 1418 festa
1082 1355 1281 1440 pertineant,
1313 1353 1395 1418 haec
1427 1375 1557 1440 semper
1586 1353 1626 1419 ad
1657 1375 1731 1418 eum
1760 1353 1847 1419 diem
1879 1356 2026 1432 recurrit,

405 1459 458 1541 qui
489 1460 725 1524 resurrectione
755 1458 887 1522 Domini
917 1468 968 1523 est
995 1460 1146 1543 insignis,
1178 1459 1346 1543 porrigens
1376 1458 1632 1543 quodammodo⁸
1660 1458 1809 1523 manum‘
1838 1460 2026 1524 auxiliantis

405 1563 531 1646 gratiae
554 1572 608 1627 etss
631 1585 688 1628 eos
712 1563 866 1636 invitans,
895 1573 996 1648 quosss
1018 1585 1038 1627 a
1061 1562 1113 1627 die
1136 1562 1280 1648 paschae
1309 1568 1366 1626 aut
1395 1563 1548 1626 molestia
1575 1562 1774 1626 infirmitatis
1797 1562 1874 1627 auth
1897 1563 2023 1648 longin·
2045 1588 2069 1628 m

405 1672 511 1751 quitas
541 1668 667 1731 itineris
691 1676 747 1731 aut
770 1668 985 1752 navigationis
1008 1665 1204 1730 difficultash
1228 1666 1424 1740 interclusit,
1455 1672 1492 1729 ιιι
1513 1665 1666 1731 desiderii
1691 1667 1740 1730 sui
1764 1665 1916 1731 effectum
1941 1667 2025 1731 dono

404 1770 507 1832 sancti
532 1769 672 1856 Spiritus
700 1778 949 1854 consequantur.
1000 1768 1077 1855 Ipse
1106 1770 1192 1834 enirn
1221 1769 1409 1854 unigenitus
1432 1768 1510 1846 Dei,
1542 1769 1596 1854 qui
1623 1770 1656 1833 in
1684 1769 1807 1856 pascha
1836 1772 2025 1850 resurrexit,

404 1873 436 1936 in
461 1873 524 1937 tide
548 1873 748 1937 credentium
773 1875 859 1938 etin
885 1875 1004 1938 virtute
1036 1895 1170 1960 opernm
1196 1873 1316 1937 nullam
1345 1875 1430 1938 inter
1453 1893 1489 1937 se
1512 1878 1545 1936 et
1570 1872 1728 1959 Spiritum
1753 1882 1900 1939 sanctum
1924 1875 2026 1940 voluit

404 1996 477 2038 esse
501 1976 702 2054 distantiam,
733 1978 808 2062 quia
838 1978 926 2042 nulla
950 1986 1000 2041 est
1031 1977 1204 2042 diversitas
1238 1978 1269 2040 in
1301 1975 1438 2041 natura'.
1490 1976 1586 2041 Unde
1618 1979 1758 2062 ‘utrique
1791 1980 1834 2042 sit
1861 1980 2025 2066 proprium

406 2101 468 2144 non
491 2079 649 2144 dissimile
673 2102 747 2144 esso
770 2081 906 2160 testum,
937 2081 992 2145 ubi
1016 2101 1116 2144 unum
1141 2087 1192 2144 est
1215 2078 1475 2147 sacramentum’.
1531 2079 1623 2144 Sicut
1645 2088 1737 2160 tunc,
1760 2081 1806 2146 ita
1829 2090 1862 2146 et
1886 2104 1969 2146 nunc
1992 2085 2069 2147 ina

405 2186 630 2249 remissionem
647 2192 853 2272 peccatorum
872 2186 1024 2272 baptismi
1042 2185 1227 2249 celebratur
1243 2192 1492 2264 sacramentum,
1509 2183 1600 2270 quiai
1623 2184 1709 2250 idem
1726 2183 1865 2271 Spiritus
1882 2193 2026 2267 sanctus,

405 2289 498 2352 cuius
523 2288 574 2352 hic
591 2289 794 2354 celebramus
811 2288 996 2366 adventum,
1021 2294 1071 2352 est
1093 2288 1241 2352 remissio
1265 2289 1409 2353 omnium
1426 2295 1648 2374 peccatorum.
1695 2287 1805 2352 ‘Trina
1828 2311 1968 2376 namque
1994 2291 2025 2354 in

405 2393 601 2478 baptismate
627 2395 782 2458 inmersio
807 2395 989 2458 triduanam
1015 2393 1160 2457 imitatur
1182 2392 1400 2478 sepulturam,
1431 2399 1465 2456 et
1491 2391 1531 2456 ab
1562 2391 1655 2476 aquis
1685 2390 1825 2456 elevatio
1855 2393 1957 2457 instar
1980 2401 2029 2458 est

403 2499 603 2582 resurgentis
626 2496 667 2561 de
698 2496 891 2583 sepulchro’.
954 2497 1104 2562 Pericula
1140 2518 1335 2583 quocunque
1367 2497 1463 2562 modo
1493 2497 1743 2583 praeoccupatis
1777 2503 1810 2560 et
1843 2497 2027 2584 desperatis

404 2601 490 2664 omni
513 2608 661 2686 ternpore
687 2601 942 2666 subveniendum
967 2607 1000 2664 et
1016 2601 1171 2687 baptismi
1188 2608 1427 2666 sacramentum
1445 2608 1497 2664 est
1512 2600 1731 2676 tribuendum,
1755 2600 1832 2687 quia
1847 2603 2026 2667 necessitas
2044 2629 2071 2670 ao

404 2707 458 2768 vix
475 2704 576 2769 habet
593 2707 710 2790 legem.
756 2703 790 2769 Si
814 2706 900 2769 enim
918 2704 1025 2768 valida
1041 2705 1227 2769 infirmitate
1244 2705 1393 2791 occupati
1410 2710 1442 2768 et
1459 2703 1626 2790 desperati
1642 2703 1683 2768 ed
1701 2704 1871 2768 eeclesiam
1891 2706 2028 2792 provebi

403 2830 467 2872 non
485 2811 619 2895 possint,
636 2809 707 2873 loco
726 2809 845 2873 mundo
862 2816 1034 2895 perspecto
1050 2808 1214 2893 baptisma
1229 2809 1425 2884 celebretur,
1443 2813 1476 2872 et
1487 2808 1715 2893 procuratione
1733 2808 1916 2894 presbyteri
1934 2817 2029 2875 caute

403 2911 596 2977 observetur
618 2919 650 2977 et
674 2903 898 2976 colloceturfffi.
953 2913 1065 2997 Usque
1097 2911 1137 2976 ad
1161 2919 1310 2976 octavum
1335 2932 1474 2996 namque
1498 2910 1584 2976 diem
1608 2913 1679 2997 ipsa
1703 2914 1908 2996 regeneratio
1933 2935 2029 2978 sacra

403 3017 444 3080 ob
469 3017 555 3081 omni
581 3017 757 3080 christiano
781 3016 902 3101 populo
927 3016 1163 3094 celebrabitur,
1193 3016 1269 3100 quia
1292 3017 1487 3080 resurrectio
1510 3014 1644 3079 Domini
1668 3023 1741 3080 octo
1764 3015 1878 3081 diebus
1902 3019 2029 3084 colitur.

511 3135 601 3223 Oap.
621 3141 670 3202 13.
715 3136 771 3214 De
795 3136 972 3202 decimis.
1018 3129 1095 3200 De87
1118 3145 1232 3201 decimis
1254 3146 1429 3217 Augustinus
1445 3146 1543 3200 docmr
1558 3145 1695 3200 mirabitis
1719 3136 1778 3199 sub
1796 3136 1886 3201 brevi
1903 3140 2026 3204 ratiun-
2047 3161 2072 3202 rs

403 3227 477 3290 cula
500 3227 580 3289 satis
604 3223 733 3289 videtur
754 3223 962 3302 dilucidasse,
986 3245 1057 3287 curn
1083 3225 1143 3287 ait:
1168 3215 1345 3288 *pecinaci*
1369 3251 1404 3288 ex
1427 3232 1523 3288 debito
1546 3232 1735 3302 requiruntur.
1780 3231 1852 3299 Quid
1875 3233 1899 3287 si
1921 3235 2028 3290 diceret

402 3323 490 3378 Deus:
521 3339 621 3392 nempe
644 3338 722 3375 mens
746 3337 788 3385 es,
819 3319 955 3374 chomoi
985 3320 1048 3374 Mea
1070 3323 1114 3374 est
1136 3322 1221 3385 terra,
1244 3338 1330 3388 quam
1353 3320 1429 3375 colis.
1481 3320 1544 3374 bIea
1565 3318 1681 3386 semina,
1704 3336 1777 3388 quae
1800 3321 1917 3390 spargis.
1966 3322 2030 3376 Mea

403 3409 545 3474 animalia,
570 3425 642 3478 qnae
665 3407 778 3477 fatigas.
823 3406 902 3460 Mens
926 3410 969 3461 est
992 3406 1059 3460 solia
1083 3396 1188 3461 ardor.
1233 3405 1271 3461 Et
1293 3425 1356 3462 eum
1372 3407 1467 3462 omnia
1481 3423 1545 3461 mea
1561 3410 1635 3472 sunt,
1659 3411 1700 3472 ιιι,
1724 3405 1772 3475 qui
1788 3407 1900 3462 minus·
1922 3425 2028 3463 accom-

402 3497 512 3561 modas,
537 3496 626 3550 solnm
647 3494 784 3550 decimam
807 3493 967 3548 merebaris.
1016 3492 1071 3548 Sed
1093 3511 1173 3548 servo
1196 3493 1250 3548 tibi
1273 3494 1324 3560 lli,
1348 3493 1385 3547 da
1405 3493 1475 3547 mihi
1497 3492 1642 3548 decimam.
1692 3493 1721 3548 si
1744 3511 1800 3548 non
1824 3494 1933 3550 dederis
1957 3495 2029 3550 deci·

402 3600 486 3649 mam,
510 3573 657 3638 auferamb
673 3581 719 3635 lli.
764 3579 793 3634 Si
809 3579 919 3634 dederis
942 3580 1011 3634 mibi
1026 3579 1171 3645 decimam,
1194 3580 1389 3651 multiplicabo
1414 3569 1470 3634 ix'.
1516 3571 1550 3633 Si
1575 3591 1653 3654 crgo
1677 3571 1805 3656 quaerit
1821 3573 1949 3657 aliquis,
1973 3594 2030 3638 cur
2047 3590 2073 3630 ιθ

403 3661 549 3725 decimae
566 3660 694 3734 dentur,
719 3659 810 3736 sciat,
835 3657 921 3742 quod
937 3667 1000 3723 ideo
1021 3667 1130 3722 dandae
1153 3670 1226 3733 sunt,
1251 3671 1283 3721 ut
1305 3667 1358 3722 hac
1372 3666 1523 3722 devotione
1538 3666 1613 3722 Deus
1629 3667 1757 3736 placatus
1773 3667 1879 3739 largius
1894 3673 2029 3778 praestet,

403 3775 475 3826 quae
499 3756 657 3811 necessaria
680 3736 789 3819 sunt89,
818 3756 847 3807 et
876 3757 908 3808 ut
929 3754 1052 3808 ministri
1075 3754 1209 3809 ecclesiae
1233 3735 1392 3809 exinde⁹⁰
1413 3752 1554 3809 relevati⁰
1584 3753 1729 3808 liberiores
1757 3755 1827 3808 fiant
1854 3739 1922 3810 ΒΑΜ
1948 3756 2028 3826 spiri·

403 3844 470 3898 talis
494 3843 603 3898 servitii
627 3841 826 3912 expletionem,
850 3845 880 3894 et
902 3844 934 3894 ut
956 3859 1056 3895 munus
1079 3841 1178 3911 populi
1201 3832 1318 3896 exhinc
1343 3841 1372 3895 in
1396 3840 1540 3895 cotidiana
1563 3839 1707 3896 oblatione
1724 3840 1844 3896 Domino
1867 3841 2029 3897 immoletur

402 3949 455 3985 nec
483 3949 539 3986 non
570 3929 722 3984 secundum
744 3930 853 3981 statuta
876 3945 1043 3983 canonum
1069 3927 1099 3982 in
1122 3927 1359 3983 sustentationem
1375 3945 1530 3998 pauperum
1553 3931 1582 3981 et
1597 3928 1833 3984 restaurationem
1849 3929 2029 3984 ecclesiarum

403 4018 560 4088 proficiant.
611 4015 750 4082 Quattuor
778 4013 853 4068 enirn
882 4014 942 4069 fieri
972 4019 1068 4084 partes
1095 4014 1175 4068 iuxta
1204 4031 1325 4070 canones
1350 4004 1529 4069 iudicamus
1552 4013 1586 4068 de
1613 4004 1748 4070 decimis
1776 4015 1809 4071 ct
1837 4016 2028 4071 oblationibus
2046 4035 2071 4076 aa

403 4105 535 4171 fidelium,
558 4107 591 4158 ιιι
613 4119 669 4157 una
693 4101 731 4155 sit
753 4101 886 4171 episcopi,
909 4102 1000 4156 altera
1023 4100 1195 4166 clericorum,
1218 4101 1305 4156 tertia
1320 4119 1483 4171 pauperum,
1506 4103 1608 4170 quarta
1631 4102 1830 4156 restaurationi
1849 4103 2030 4158 ecclesiarum

404 4197 539 4258 servetur,
564 4182 647 4244 sicut
670 4181 702 4244 in
726 4179 866 4266 epistola
890 4177 1013 4243 Gelasii
1041 4199 1145 4264 papae
1169 4177 1263 4264 cap.ol
1286 4178 1428 4242 XXVII.
1452 4169 1639 4263 legitur*⁹‘².

506 4353 531 4422 *)
550 4352 588 4405 In
606 4349 662 4406 cod.
681 4351 704 4405 2.
722 4365 783 4403 eum
806 4349 892 4418 capite
912 4348 951 4403 13.
968 4348 1011 4401 bic
1033 4351 1197 4403 tractatas”
1216 4348 1247 4402 de
1263 4349 1366 4404 damis
1384 4349 1573 4418 aminneam,
1597 4349 1644 4417 qai
1661 4349 1691 4402 in
1709 4353 1732 4404 i.
1750 4352 1774 4404 3.
1793 4351 1818 4405 t.
1841 4355 1901 4404 ncta
1925 4352 2031 4406 mositii

402 4439 613 4508 mecoenatiana
631 4437 664 4491 ob
681 4437 734 4491 tilt's
751 4435 923 4506 separandus
944 4439 992 4488 est:
1020 4435 1154 4490 Dominus
1172 4435 1242 4490 dicit
1263 4436 1293 4489 in
1313 4436 1472 4506 evangelio:
1502 4435 1658 4490 *Οιιιιιιιιινι
1677 4436 1890 4492 decimationem
1910 4441 2030 4492 vestram

508 4595 548 4649 12.
585 4595 610 4660 c)
628 4597 660 4648 ad
679 4634 686 4648 .
704 4635 709 4647 .
729 4636 734 4647 .
758 4597 812 4662 ipso
835 4612 882 4645 οιιι.
910 4593 932 4645 l.
952 4591 976 4646 3.
994 4592 1019 4645 4.
1124 4597 1150 4658 d)
1168 4596 1206 4646 ito
1233 4612 1318 4646 omnen
1343 4595 1429 4652 codd:
1452 4594 1567 4661 intellegi
1584 4595 1656 4660 epist.
1681 4591 1784 4647 Leonis.
1884 4599 1909 4660 e)
1936 4615 1984 4648 orn.
2003 4597 2027 4649 4.
2046 4624 2072 4663 ω

404 4685 426 4750 f)
441 4703 457 4733 n
471 4684 560 4735 litter-ic
570 4701 631 4735 num
641 4684 728 4748 incipit
740 4680 854 4733 iterum2
923 4680 1050 4748 gladoos
1062 4699 1126 4748 quos
1138 4681 1208 4749 epist
1217 4682 1317 4734 Leonis.
1387 4681 1415 4745 h)
1428 4692 1473 4734 ant
1485 4683 1596 4734 alicuius
1609 4682 1768 4733 difficultatis
1779 4681 1852 4735 1-4.
1916 4685 1935 4746 ἰ)
1948 4686 1991 4750 qui
2004 4685 2028 4737 5.

509 4769 548 4824 13.
585 4771 611 4834 ιι)
634 4772 672 4822 ita
699 4769 787 4830 1-5,
819 4770 922 4835 Statim,
961 4769 1086 4837 Wololrs..·
1120 4787 1212 4821 manus
1246 4769 1352 4837 August.
1464 4769 1491 4830 bl
1518 4772 1572 4821 auf.
1599 4769 1646 4820 tibi
1675 4769 1720 4819 IX.
1769 4769 1796 4820 si
1824 4777 1910 4821 aratam
1937 4770 2030 4837 Suram.

404 4858 429 4922 c)
448 4858 525 4910 velati
544 4857 568 4909 3.
655 4857 681 4920 d)
700 4856 742 4908 Aa
760 4857 800 4908 iris
816 4856 898 4907 vertis
915 4855 1005 4920 incipit
1022 4864 1098 4922 capnt
1115 4857 1249 4922 iriaequem
1266 4857 1295 4908 in
1314 4855 1404 4923 Strata.
1423 4854 1485 4922 (cfr.
1505 4874 1525 4907 ο.
1544 4855 1597 4920 51).

508 5011 552 5078 85)
573 5011 671 5065 Mnttlr.
689 5010 782 5077 28,19.
876 5009 921 5076 88)
941 5009 1011 5063 Ie:
1034 5013 1137 5077 tempas
1154 5015 1212 5064 octo
1228 5008 1333 5064 dieram
1348 5015 1408 5077 post
1425 5008 1554 5076 ιαμιιηια
1572 5008 1623 5062 rite
1640 5007 1792 5076 capitatum
1817 5011 1868 5076 cfr.
1888 5010 2029 5077 Bitunia,

403 5115 536 5170 Derttsclrc
555 5115 688 5170 mamea
708 5115 765 5182 III,
782 5131 807 5183 p.
828 5115 886 5180 189,
903 5119 959 5167 aot.
979 5115 1002 5168 1.
1084 5115 1130 5182 87)
1156 5113 1322 5180 Wnlnbsridi
1339 5113 1403 5167 liber
1420 5113 1451 5167 de
1469 5112 1548 5166 rebus
1564 5113 1701 5166 emesan.
1720 5127 1742 5166 c.
1761 5112 1803 5178 28,
1821 5113 1895 5178 infra
1912 5113 1943 5166 in
1956 5115 2027 5182 App.
2046 5147 2071 5187 4,

402 5219 460 5272 eiii.
556 5219 601 5286 88)
620 5217 769 5288 Aegetini
790 5216 907 5286 append.
929 5233 1013 5271 sermo
1031 5219 1093 5285 277,
1123 5235 1144 5273 c.
1168 5221 1192 5274 3.
1216 5220 1245 5282 2,
1280 5218 1369 5288 Opera
1391 5217 1431 5273 cd.
1455 5216 1552 5272 Rama
1568 5217 1598 5284 V,
1617 5217 1646 5283 2,
1670 5216 1717 5270 col.
1737 5217 1797 5270 461.
1894 5217 1938 5284 89)
1956 5218 2030 5272 sient

405 5323 530 5393 superius
543 5322 715 5376 ostendimus
734 5326 762 5376 et
780 5325 813 5376 ιιι
830 5321 986 5376 sacerdotes
1005 5325 1033 5374 et
1052 5321 1117 5376 min.
1132 5337 1208 5392 perp.
1227 5321 1345 5389 Wnlnbf.
1434 5323 1478 5392 90)
1498 5338 1564 5375 cura
1580 5323 1609 5374 et
1625 5319 1814 5374 sollicitudine
1832 5321 2030 5375 necessitatum

404 5425 599 5496 corporalium,
618 5426 719 5495 quibus
733 5426 792 5480 sine
805 5426 872 5480 haee
884 5425 944 5480 vita
957 5425 1074 5493 transigi
1087 5442 1142 5478 non
1156 5428 1249 5494 potest
1262 5424 1378 5479 relevati
1392 5425 1428 5479 il.
1511 5426 1556 5492 91)
1568 5424 1780 5479 meditationem
1793 5424 1905 5479 divinae
1918 5424 1988 5494 legis
2001 5429 2031 5481 et

405 5528 548 5582 doctrinae
561 5529 832 5584 administrationem
847 5533 932 5598 atque
944 5531 1006 5582 odd.
1018 5528 1052 5581 id.
1129 5531 1174 5594 92)
1186 5529 1288 5583 Gelcsii
1299 5529 1372 5596 epist.
1384 5528 1420 5580 od
1432 5529 1507 5597 episc.
1517 5543 1570 5596 per
1582 5527 1743 5594 Lucaniam,
1755 5543 1776 5580 c.
1789 5528 1832 5594 97,
1845 5528 1942 5582 Menai
1948 5528 2029 5597 VIII,

404 5631 506 5697 cottia
523 5630 596 5697 Jnffe‘
614 5631 724 5698 t.c.1²,
743 5633 859 5687 acics.
939 5632 984 5701 93)
1003 5631 1126 5685 Primam
1143 5629 1227 5685 edidit
1241 5631 1354 5700 Pictas
1369 5631 1385 5684 l.
1401 5647 1423 5684 c.
1437 5648 1466 5699 p.
1486 5634 1537 5686 inc
1555 5633 1586 5686 Β.
1658 5633 1702 5696 94)
1720 5630 1756 5684 In
1767 5632 1907 5700 ernnpeliis
1925 5633 2030 5686 Baetim
2047 5661 2073 5700 ,ο

404 5735 525 5803 sabatae
544 5752 598 5789 non
617 5738 722 5805 lapiton·
740 5737 859 5804 copr'tnrit
876 5739 990 5804 [minam
1007 5742 1102 5790 auctor
1119 5737 1150 5789 de
1171 5737 1233 5790 Tob.
1252 5737 1309 5804 1,i.
