4568 6434
345 466 612 524 ADDITAMENTA
634 469 681 522 AD
699 469 946 526 CAPITULARIA
966 471 1093 526 11110οΜ
1113 471 1298 526 8111110118
1316 471 1544 528 ORIENTALIS.
1565 505 1597 514 -
1616 473 1664 529 Nr.
1678 475 1736 528 252.
1791 477 1853 538 215

231 661 321 720 mua,
351 641 414 706 uisi
449 642 526 723 hos,
561 643 615 728 qui
643 637 864 710 ‘ecclesiom⁴³
893 645 1013 710 Christi
1068 652 1183 730 quater
1211 647 1315 711 vocati
1348 646 1460 713 venire
1493 647 1691 734 despicient,
1721 647 1762 712 ad
1795 656 1930 713 ex-.895.

231 763 293 808 non
319 744 514 826 habentem’,
548 753 583 810 ut
611 750 777 833 apostolus
802 750 861 827 ait,
894 755 1013 815 ‘macu-
1068 757 1205 814 tremum
1242 752 1514 816 excommunicati
1551 751 1663 816 nihilid
1700 751 1852 838 pendant.

230 847 294 912 lam
318 869 423 934 neque
453 849 578 936 rugam⁷
603 853 810 927 conturbant,
841 855 910 919 zelo
939 853 1014 918 fidoi
1067 853 1118 917 De
1151 854 1270 918 talibus
1309 861 1342 919 ct
1384 855 1415 918 in
1454 845 1658 940 capitulari*ss
1697 862 1852 919 statutum

230 971 474 1038 persequamur.
512 955 563 1018 Dc
580 976 643 1040 quo
660 977 718 1020 rex
735 956 841 1020 David
859 957 1014 1022 testatur:
1069 962 1134 1036 est,
1165 958 1273 1041 regiae
1297 957 1472 1042 cognitioni
1501 957 1629 1022 suaderi
1653 957 1790 1023 debere:
1821 966 1854 1022 et

200 1048 850 1144 1801111151)οᾱο)ιιιι)ω,1)ειιε·,
882 1061 1013 1125 oderam
1069 1060 1187 1126 devoto
1218 1063 1288 1146 regi
1315 1053 1453 1126 Arnulfo
1486 1081 1558 1126 cum
1591 1068 1702 1126 sancta
1730 1061 1853 1147 synodo

232 1161 318 1240 illos,
343 1169 376 1225 et
399 1183 499 1248 super
524 1163 670 1227 inimicos
693 1172 765 1228 tuos
786 1165 1015 1229 tabescebam?
1069 1164 1206 1249 placuit,
1238 1173 1286 1246 ut,
1316 1166 1509 1250 quicumque
1533 1173 1607 1252 post
1630 1166 1851 1230 excommuni-

229 1262 381 1329 Pert'eoto
398 1265 489 1330 odiob
513 1265 644 1331 oderam
668 1267 771 1342 illos0,
795 1268 916 1332 inimici
937 1268 1017 1331 facti
1070 1269 1232 1332 ostionem
1249 1268 1393 1333 debitam
1411 1269 1458 1333 sic
1476 1270 1566 1354 parvi
1580 1270 1732 1333 estimant
1746 1267 1851 1333 Deum

231 1375 307 1432 sunt
328 1365 432 1440 mihi';
456 1377 586 1434 etcum
611 1372 814 1454 evangelium
839 1373 1014 1456 legeretur,
1068 1379 1102 1436 et
1125 1371 1407 1449 christianitatem,
1432 1373 1573 1438 seculari
1597 1379 1761 1458 potestate
1778 1394 1850 1458 per-

233 1471 428 1538 audivimus:
454 1465 595 1538 ι814611)
619 1496 682 1538 non
706 1474 859 1554 audierit,
884 1477 924 1539 sit
946 1476 1014 1548 tibi,
1068 1474 1270 1560 sequendos,
1301 1482 1344 1554 et,
1369 1477 1418 1538 si⁰
1440 1476 1685 1553 interficiantur,
1709 1477 1854 1542 iaceant‘

187 1590 213 1632 ¹⁰
231 1575 315 1640 siout
353 1576 501 1642 ethnicus
541 1583 573 1642 ct
607 1577 820 1665 publicanus',
859 1586 892 1643 et
924 1579 1013 1643 alibi:
1068 1577 1189 1664 absque
1214 1580 1458 1665 compositione.

229 1671 342 1755 ‘Quill
373 1680 512 1767 pereutit
539 1683 643 1746 malos
674 1684 705 1747 in
736 1705 791 1762 eo,
825 1683 909 1769 quod
939 1686 1013 1749 mali

230 1793 319 1860 sunt,
350 1786 497 1849 minister
526 1784 656 1850 Domini
687 1784 759 1853 est’.
805 1786 929 1853 Idcirco
953 1810 1014 1853 non

230 1889 409 1973 potentiam
426 1890 650 1966 ostendentes,
674 1890 731 1955 sed
756 1892 914 1955 iustitiam
939 1891 1133 1957 exhibentes
1150 1892 1369 1977 praecipimus
1394 1898 1427 1956 et
1450 1892 1644 1956 auctoritate
1668 1899 1779 1956 nostra
1802 1893 1850 1954 in-

229 1992 394 2076 iungimus
423 1995 571 2059 omnibus
603 1996 695 2080 regni
719 1996 819 2059 nostri
843 1988 1059 2070 comitibuslss,
1095 2003 1270 2082 postquam
1294 1994 1335 2059 ab
1367 1996 1529 2082 episcopis
1559 1995 1768 2060 anathemate
1792 2020 1850 2061 ex·

186 2119 210 2157 rs
229 2098 531 2162 communicationis
555 2099 776 2185 percelluntur
802 2105 968 2163 ettamen
992 2099 1032 2162 ad
1055 2098 1287 2185 poenitendum
1312 2119 1374 2161 non
1405 2098 1618 2177 inclinantur,
1649 2107 1684 2161 ut
1707 2099 1748 2162 ab
1771 2101 1852 2185 ipsis

231 2200 550 2286 comprehendantur
573 2209 606 2266 et
628 2210 705 2266 ante
728 2222 788 2266 nos
803 2203 1019 2288 perferantur,
1043 2209 1088 2283 ut,
1112 2203 1165 2288 qui
1181 2201 1291 2266 divina
1306 2201 1427 2266 iudicia
1443 2223 1507 2267 non
1523 2209 1687 2279 verentur,
1711 2203 1852 2266 humana

230 2306 393 2369 sententia
423 2306 594 2384 ferientur,
629 2306 714 2372 unde
738 2328 796 2392 per
820 2306 981 2392 quendam
1004 2308 1188 2393 sapientem
1218 2306 1338 2371 dictum
1370 2313 1433 2370 est:
1468 2297 1600 2386 ι1151149,
1624 2306 1678 2391 qui
1702 2305 1795 2371 sodet
1819 2308 1851 2371 in

229 2409 308 2474 solio
332 2410 453 2487 iudicii,
477 2411 615 2498 dissipat
644 2433 740 2476 omne
764 2411 884 2475 malum
909 2411 1030 2476 intuitu
1054 2410 1132 2476 suo’.
1186 2411 1220 2475 Si
1244 2412 1330 2475 enim
1358 2418 1425 2474 tam
1448 2410 1590 2475 rebelles
1613 2397 1793 2486 extiterint,
1816 2419 1852 2474 ut

229 2513 582 2600 comprehendentibus
599 2536 781 2601 repugnare
799 2513 983 2579 studuerint
1006 2522 1039 2579 et
1061 2515 1093 2579 in
1115 2515 1172 2579 tali
1189 2515 1373 2579 temeritate
1390 2513 1553 2579 interlecti
1569 2513 1707 2594 fuerint,
1731 2514 1850 2578 iudicio

186 2618 456 2703 coepiscoporum
486 2619 751 2684 interfectoribus
781 2617 869 2683 nulla
899 2618 1072 2704 inponetur
1102 2618 1320 2704 poenitentia,
1352 2625 1385 2683 et
1407 2625 1583 2703 praecepto
1613 2623 1724 2681 nostro
1749 2638 1851 2682 were·

229 2721 315 2805 geldi
340 2722 429 2787 nulla
453 2724 494 2788 ab
518 2725 565 2790 cis
582 2730 816 2808 extorqueatur
832 2723 1022 2808 compositio
1040 2723 1366 2807 constringanturque
1382 2721 1520 2807 proximi
1543 2725 1703 2785 eteorum
1722 2722 1851 2804 cognati

229 2845 300 2888 oum
325 2826 517 2906 iuramento,
542 2849 582 2892 ne
606 2828 724 2892 inillis
747 2849 804 2892 cos
829 2825 1000 2900 vindicent,
1025 2825 1082 2890 sed
1106 2847 1222 2911 pacem
1246 2825 1287 2890 ad
1311 2845 1366 2889 eos
1389 2832 1423 2890 et
1446 2823 1649 2890 concordiam
1674 2818 1851 2890 servent50.

337 2946 491 3034 Cap·.l.
536 2948 593 3014 De
629 2949 778 3014 iniuria
812 2955 850 3013 et
884 2954 1013 3012 contu·
1416 2945 1501 3031 (la.)

228 3050 358 3132 melia,
397 3053 496 3138 quod
534 3054 654 3133 absit,
691 3051 1013 3138 presbiterorum.
1109 3049 1306 3136 Presbyter·
1339 3048 1549 3140 vulneratusb
1584 3054 1640 3114 aut
1676 3071 1791 3115 caesus
1824 3053 1852 3114 si

185 3165 210 3206 ²⁵
230 3152 351 3239 Siquis
368 3155 552 3241 presbyter,
576 3156 684 3242 quodb
701 3155 796 3232 absit,
813 3155 888 3241 quia
904 3175 1013 3219 sacer·
1067 3162 1205 3220 mortam
1235 3139 1391 3232 evaserit,
1421 3154 1512 3219 totab
1535 3155 1728 3240 compositio
1756 3154 1851 3219 cedat

228 3257 288 3322 dos
323 3259 473 3323 altissimi
508 3259 590 3324 Dei⁰
622 3259 702 3338 esth,
738 3259 928 3324 vulneratus
962 3258 1013 3323 vel
1067 3259 1275 3345 presbytero;
1306 3259 1333 3322 si
1357 3280 1433 3323 vero
1458 3264 1603 3322 mortuus
1627 3259 1738 3334 fuerit,
1763 3279 1850 3321 com-

229 3362 430 3447 quibuslibet
457 3364 583 3429 iniuriis
614 3370 647 3428 et
677 3363 881 3428 contumeliis
912 3361 1012 3426 deho-
1067 3362 1204 3448 positio⁰
1239 3363 1270 3427 in
1306 3369 1375 3427 tres
1409 3360 1571 3426 dividatur
1605 3362 1784 3446 portiones:
1820 3360 1850 3425 id

229 3473 375 3531 nestatus
392 3467 533 3532 evaserit
549 3475 582 3532 et
597 3467 824 3554 supervixerit,
841 3471 909 3530 toto
925 3487 1012 3529 com·
1067 3472 1131 3531 est:
1156 3465 1261 3544 altari,
1285 3467 1338 3530 cui
1356 3466 1528 3552 presbyter
1543 3464 1760 3546 deserviebat,
1776 3489 1851 3552 pars

229 3561 381 3654 positiobl
400 3569 623 3655 persolvaturd
639 3569 829 3656 presbytero
837 3581 860 3632 ⁰.
904 3569 939 3635 Si
955 3589 1012 3633 au·
1067 3589 1142 3649 uua,
1155 3569 1259 3633 altera
1270 3569 1436 3657 episcopo,
1449 3570 1546 3635 tertia
1557 3570 1748 3655 parentibus
1759 3593 1849 3658 pres-

185 3690 211 3729 so
229 3677 294 3736 tem
324 3674 481 3738 articulo⁸
512 3674 625 3739 mortis
654 3680 852 3761 praeventus
886 3673 1013 3752 obierit,
1067 3673 1173 3759 byteri
1196 3673 1350 3739 solvatur.

331 3917 356 3969 3.
392 3916 418 3984 a)
437 3919 546 3971 Domine
565 3919 655 3986 Smttp.
756 3917 784 3980 1))
803 3917 918 3968 Perfecto
941 3917 999 3966 orlio
1021 3915 1104 3968 odisse
1126 3923 1165 3967 est
1187 3923 1214 3967 ct
1236 3913 1295 3981 (pro
1312 3913 1355 3982 ad)
1374 3917 1442 3982 quod
1459 3917 1521 3968 facti
1539 3925 1600 3968 sunt
1617 3918 1723 3984 diligere
1740 3927 1766 3970 et
1784 3921 1851 3986 quod

225 4006 324 4056 faciunt
345 4006 489 4073 increpare,
517 4023 600 4059 moros
622 4022 757 4072 pravorum
781 4020 906 4071 premere,
930 4003 998 4054 vitae
1025 4003 1144 4070 prodesse
1162 4002 1225 4053 add.
1250 4001 1340 4068 susq.
1371 4000 1431 4068 (osr.
1458 4002 1552 4054 metti
1573 4003 1605 4055 de
1627 4004 1669 4055 lite
1689 4006 1713 4068 I,
1733 4022 1760 4069 p.
1773 4003 1851 4071 318),·

223 4092 312 4157 glossa
330 4109 412 4159 many.
432 4093 461 4143 in
482 4091 554 4157 1-3,
571 4109 637 4158 quae
651 4093 687 4143 ad
698 4092 801 4144 verbam
813 4089 953 4140 concordat
964 4106 1021 4140 cum
1034 4088 1132 4155 Sprwd.
1145 4087 1215 4140 Meu
1228 4086 1287 4152 359,
1300 4107 1320 4138 c.
1333 4089 1359 4153 8,
1378 4089 1452 4156 infru
1463 4089 1539 4140 editu.
1620 4088 1645 4152 ο)
1664 4101 1691 4142 et
1708 4092 1769 4142 add.
1783 4092 1849 4144 Bitl.

330 4193 374 4247 ila.
410 4194 437 4262 d)
455 4213 500 4263 pro
518 4196 598 4248 nihilo
617 4197 714 4248 ducant
730 4195 765 4246 id.
853 4191 879 4259 e)
897 4210 945 4244 ons.
966 4193 1020 4243 Cat.
1108 4193 1299 4259 Oiaceautquc
1317 4192 1351 4242 id.

183 4309 207 4350 11
328 4295 353 4350 d.
389 4299 416 4362 a)
436 4301 505 4350 rubr.
526 4317 573 4351 ons.
592 4299 694 4351 Monac.
713 4297 796 4362 3853,
816 4297 853 4348 St.
874 4296 978 4360 Charta·
1001 4296 1095 4346 llilarii
1118 4313 1198 4363 pspuc
1221 4296 1292 4346 rubr.
1310 4296 1338 4346 in
1355 4295 1458 4347 dionae.
1478 4295 1570 4348 14628.
1670 4299 1697 4360 1))
1714 4301 1783 4365 quod

225 4393 264 4436 est
281 4403 329 4436 om.
348 4384 452 4436 Monac.
473 4383 564 4437 14628.
660 4387 684 4450 c)
704 4403 751 4436 our.
770 4384 873 4435 Merrae.
891 4381 967 4448 3853,
987 4383 1026 4434 St.
1046 4384 1141 4435 otocis.
1238 4381 1264 4446 d)
1283 4383 1397 4435 solvatur
1409 4383 1512 4435 Mortuo.
1527 4383 1618 4436 14628.
1705 4387 1730 4450 e)
1750 4389 1776 4438 si
1789 4406 1850 4440 voro

226 4473 253 4522 in
269 4473 335 4523 atrio
359 4473 483 4524 ecclesias
504 4473 601 4538 aliquid
622 4491 654 4524 ex
681 4473 736 4524 istis
761 4472 909 4539 presbytero
933 4472 1031 4521 lactum
1061 4471 1139 4521 suerit
1164 4466 1278 4535 (11216,
1310 4471 1355 4521 lin.
1372 4469 1475 4536 berla),
1505 4473 1560 4524 sive
1588 4473 1646 4524 vivo
1673 4474 1727 4526 sive
1750 4483 1850 4526 mortuo

226 4560 342 4611 similiter
360 4561 508 4626 compositio
531 4560 647 4612 solvatur
667 4561 823 4627 presbytero.
868 4558 1020 4609 Eiusdem
1048 4558 1169 4610 Hilarii
1195 4575 1307 4625 pupae.
1352 4558 1378 4607 Si
1404 4558 1462 4623 quis
1489 4559 1622 4624 presbyter
1648 4561 1799 4613 vulneratus
1825 4570 1850 4614 et

226 4646 335 4697 articulo
352 4663 423 4712 perp.
441 4645 476 4697 id.

182 4769 208 4807 so
328 4747 375 4803 da.
413 4751 468 4818 Cfr.
496 4750 556 4802 Tac.
571 4749 633 4814 III,
657 4768 698 4802 nr.
716 4748 741 4802 5.
753 4749 778 4801 6.
868 4747 894 4813 α)
914 4751 975 4816 Gap.
989 4750 1021 4799 11.
1039 4748 1182 4812 praemittit
1204 4747 1300 4811 Dicam·
1328 4747 1391 4799 Item
1417 4747 1487 4815 apud
1504 4749 1638 4801 Trihurias
1656 4751 1727 4802 rubr.
1746 4751 1773 4801 in
1787 4752 1850 4815 Col,

225 4838 330 4890 Monac.
345 4837 428 4900 3853ς
448 4839 485 4889 lle
502 4837 686 4904 compositione
704 4837 854 4903 presbyteri,
879 4837 901 4886 si
918 4837 1018 4887 occisus
1035 4835 1120 4885 fuerit.
1157 4835 1196 4884 Ex
1213 4835 1302 4886 codem
1325 4831 1372 4896 (ac.
1390 4835 1497 4887 cornilio
1525 4833 1695 4902 Tbibun'crrsi)
1718 4838 1788 4888 mbr.
1806 4857 1848 4905 ap.

225 4925 296 4992 Item,
309 4925 413 4978 Monac.
425 4922 501 4976 5541.
589 4923 616 4988 1))
629 4923 809 4988 calumniatus,
828 4923 850 4973 si
862 4925 1026 4989 spassaverit,
1039 4929 1094 4972 tots
1106 4919 1196 4985 Dias,
1217 4921 1279 4984 Oct,
1297 4917 1401 4972 Monac.
1489 4920 1514 4986 c)
1527 4922 1710 4975 calumniantis
1722 4924 1784 4976 cdd.
1803 4925 1848 4976 iid.

327 5127 372 5196 43)
396 5129 493 5199 Ephea
519 5131 544 5194 5,
558 5129 601 5183 27.
701 5128 746 5196 44)
771 5127 828 5194 Osr.
851 5128 946 5196 Amop.
965 5125 1009 5192 Π,
1032 5141 1054 5180 c.
1076 5126 1124 5189 23,
1148 5130 1209 5178 tom.
1232 5124 1262 5191 1,
1285 5141 1312 5192 p.
1330 5124 1389 5178 419.
1487 5125 1531 5190 45)
1552 5123 1651 5179 Psclru.
1676 5127 1847 5188 1382122.

223 5237 267 5302 46)
289 5233 386 5290 Macra
408 5235 498 5298 18,11.
587 5233 631 5300 41)
649 5233 727 5288 Hace
746 5232 821 5286 cerba
839 5232 880 5286 itu
898 5229 1001 5300 quidem
1019 5230 1050 5284 iss
1068 5229 1158 5284 Bibls'a
1176 5229 1285 5299 culpata
1302 5244 1359 5280 noa
1376 5227 1513 5296 lecara·
1529 5227 1577 5292 dr.
1596 5244 1656 5282 uero
1674 5231 1748 5284 Rom.
1770 5232 1848 5288 tal:

183 5353 208 5393 u
227 5339 256 5394 Si
274 5343 369 5395 autem
389 5339 492 5394 malum
510 5336 616 5400 leceris,
635 5335 715 5390 time:
735 5352 790 5390 nou
809 5335 885 5390 enim
902 5335 962 5390 siue
981 5351 1065 5388 causa
1083 5333 1210 5404 gladium
1230 5335 1332 5403 portat.
1370 5333 1421 5387 Dei
1439 5332 1512 5386 euim
1527 5332 1654 5388 minister
1672 5337 1727 5388 ast:
1748 5335 1848 5390 vindex

226 5443 255 5498 in
268 5444 338 5498 iram
351 5442 386 5506 ei,
399 5441 447 5511 qui
461 5442 564 5496 malum
577 5439 647 5509 agit.
725 5438 771 5507 48)
786 5437 976 5504 OsaWs'rlom's
989 5437 1052 5505 Cup.
1067 5437 1138 5507 lepcb.
1150 5435 1215 5491 add.
1228 5437 1287 5504 891,
1299 5452 1385 5505 supra
1393 5453 1423 5506 p.
1435 5437 1484 5491 101
1497 5436 1552 5491 c.l.
1631 5439 1676 5506 49)
1691 5439 1847 5503 Proteus.

225 5549 269 5612 50)
283 5547 338 5614 Gfr.
359 5547 423 5614 cap.
437 5545 622 5600 Kurlomaani
639 5545 699 5610 884,
716 5543 795 5610 infra
812 5558 855 5596 nr.
873 5542 933 5609 181,
952 5558 973 5596 c.
988 5542 1027 5596 10.
1114 5541 1159 5610 51)
1179 5540 1241 5595 I.c:
1263 5539 1327 5594 illac
1344 5538 1415 5593 duce
1428 5545 1533 5608 partes,
1551 5558 1619 5610 qrccs
1636 5543 1724 5596 loacas
1742 5545 1848 5614 occepit,

226 5657 251 5706 cl
277 5650 355 5704 unia
376 5665 444 5718 pars
471 5650 510 5703 cel
534 5647 636 5716 fredos,
661 5646 709 5719 qui
734 5647 884 5704 sumendum
909 5645 987 5716 laycus
1004 5645 1057 5716 1ῳί
1079 5643 1216 5699 solomdru
1234 5649 1304 5710 erut·
1333 5645 1383 5711 cfr.
1407 5644 1538 5698 Brunncr
1565 5644 1629 5700 Rc.
1653 5646 1676 5713 Ι,
1699 5663 1730 5716 p.
1752 5649 1848 5718 lblsq,·

228 5753 440 5825 WssfflW
