4590 6420
357 451 626 507 ADDITAMENTA
646 451 694 506 AD
712 451 828 507 CAPIT.
847 453 928 507 REG.
948 451 1133 507 suuuolnu
1152 451 1339 508 OCCIDENT.
1360 445 1509 519 (Khlthl
1521 451 1568 520 11).
1586 479 1619 492 -
1636 451 1685 506 Nr.
1697 451 1756 506 293.
1806 455 1864 516 401

245 629 429 713 sumptione
453 627 505 692 se‘
527 627 689 712 corrigere
714 637 800 690 nout
823 627 977 706 voluerit,
1011 634 1044 693 et
1065 627 1193 693 isdemh
1216 627 1263 694 et¹
1286 628 1340 715 qui
1371 625 1424 693 eik
1451 627 1571 692 faverit
1592 629 1645 693 vel
1668 625 1869 691 consenserit
1886 629 1946 685 845.

248 755 268 796 a
291 752 423 817 corpore
441 729 562 796 Christi
587 738 758 818 soporetur
780 737 814 796 et
830 732 998 816 sanguiue.
1045 731 1109 806 Qui
1133 736 1242 797 autem
1266 731 1306 797 de
1328 731 1495 796 monachis
1518 751 1577 816 per
1600 730 1699 795 talem
1722 729 1868 794 mauum¹

247 835 467 901 obedientiam
490 836 675 920 regularem
694 835 884 920 susceperit,
908 835 1096 920 graviorism
1119 835 1234 922 culpae
1257 834 1400 899 vindicta
1422 835 1585 920 puniatur.
1632 833 1755 908 Quodsi
1774 839 1869 919 post¹¹

247 942 417 1026 quisquam
440 939 569 1004 illorum
592 940 868 1025 praesumpserit,
892 938 1010 1004 iudicio
1034 940 1136 1004 sancti
1162 937 1301 1026 Spiritus
1331 940 1498 1025 praesenti
1520 938 1652 1004 decreta
1675 938 1869 1002 auctoritate

215 1063 229 1105 1
248 1044 553 1110 anathematizetur.
600 1042 635 1108 Si
659 1048 790 1107 autcm⁰
805 1043 982 1108 monachus
999 1049 1256 1129 contempnens⁰
1279 1043 1414 1129 gradum
1431 1042 1691 1108 ecclesiasticum
1707 1042 1869 1122 habuerit,

247 1160 308 1214 cop
331 1149 490 1234 privetur3
515 1153 548 1212 et
572 1148 599 1211 si
622 1147 781 1234 8111111111(ι
804 1167 868 1211 non
893 1147 1054 1226 habuerit,
1077 1167 1161 1233 pane
1185 1153 1218 1211 et
1240 1168 1326 1234 aqua
1350 1153 1541 1212 contentusr
1564 1146 1730 1233 ergastulo
1754 1144 1870 1211 diebus

246 1253 463 1341 quadraginta
480 1251 674 1332 retrudatur,
698 1258 748 1316 et·
771 1251 811 1316 de
836 1251 1016 1315 ministerio
1041 1250 1203 1316 indebite*
1226 1249 1345 1337 adepto
1369 1250 1525 1315 ultionem
1550 1250 1749 1329 canonicam,
1773 1251 1827 1335 qui
1852 1272 1871 1314 a

246 1356 414 1442 qualibet¹²
443 1357 583 1422 seculari
611 1361 774 1443 potestate
804 1354 1030 1441 praedictum¹¹
1059 1353 1213 1418 honorem
1247 1354 1507 1419 ecclesiasticum
1538 1353 1607 1418 vult
1633 1354 1798 1430 obtinere,
1828 1375 1870 1417 ex

249 1460 309 1525 hoc
341 1460 497 1526 decreto'
528 1459 698 1525 sustineat.
756 1457 913 1544 Episcopi
940 1478 1030 1533 vero,
1066 1459 1120 1544 qui
1153 1462 1288 1524 actenus
1323 1463 1448 1523 tantam
1478 1457 1608 1522 silentio
1638 1463 1871 1521 consenserunt

208 1586 232 1626 ro
248 1565 521 1651 praesumptionis
544 1565 738 1650 perniciem,
762 1562 875 1627 durius
898 1569 1095 1648 arguantur;
1119 1570 1153 1627 et
1176 1564 1204 1628 si
1227 1562 1382 1649 deinceps
1405 1562 1493 1628 istud
1516 1563 1587 1627 sine
1612 1562 1754 1626 vindicta
1777 1560 1870 1625 dimi-

249 1670 377 1734 serint'
411 1675 468 1734 aut
501 1689 599 1754 agere
633 1668 665 1730 in
697 1668 763 1731 suis
799 1666 977 1754 parrochiis
1006 1667 1244 1746 consenserint,
1274 1666 1378 1730 tribus
1411 1665 1577 1730 mensibus
1608 1665 1692 1729 hoc¹
1725 1665 1872 1752 synodali

249 1772 367 1838 iudicio
391 1795 410 1836 a
431 1772 602 1836 missarum
626 1770 804 1836 sollemniis
829 1791 865 1835 se
889 1771 1089 1850 abstineant,
1121 1777 1154 1835 et
1177 1790 1255 1835 suae
1278 1775 1403 1834 tantum
1435 1769 1596 1835 ecclesiae
1627 1770 1872 1834 commuuioney

250 1877 412 1943 contenti¹
435 1877 524 1941 fiant.

361 1987 408 2047 11.
445 1972 663 2046 Occasionemll
686 1989 772 2046 etiam
801 1993 830 2045 et
857 1990 999 2054 fomitem,
1025 1989 1099 2044 unde
1127 1989 1195 2044 ordo
1224 1987 1431 2044 ecclesiasticus
1458 1991 1488 2043 et
1514 1987 1650 2043 canonica
1672 1988 1764 2042 forma
1786 1989 1872 2056 atquc

207 2091 230 2131 rs
249 2075 404 2131 monastica
426 2075 525 2145 religio
550 2092 632 2145 saepe
654 2076 773 2144 alonge
791 2074 927 2145 superiori
947 2078 1080 2142 tempore,
1099 2091 1160 2127 cum
1180 2073 1271 2127 minus
1289 2072 1434 2142 religiosos
1452 2071 1591 2142 principes
1610 2071 1719 2134 habuit,
1737 2071 1873 2126 titubavit

250 2165 279 2215 et
297 2179 368 2232 pene
386 2161 536 2217 conlabens
554 2162 675 2232 deperiit
693 2166 722 2216 et
740 2162 850 2222 iterum.
869 2177 932 2215 cum
951 2159 1065 2214 devotos
1085 2162 1114 2213 et
1131 2160 1160 2213 in
1174 2159 1225 2214 Dei
1244 2159 1302 2214 zelo
1315 2160 1453 2214 ferventes
1466 2158 1607 2228 principes
1618 2158 1743 2228 accipere
1762 2158 1872 2222 meruit,

249 2249 451 2303 resurrectione
470 2249 591 2318 quadam
609 2249 712 2304 revixit
734 2251 763 2303 et
782 2247 904 2317 vigorem
927 2245 1033 2316 recepit
1057 2249 1142 2316 atque
1166 2247 1208 2300 sui
1228 2263 1370 2316 processus
1389 2249 1514 2316 tempore
1532 2243 1700 2308 ambulavit,
1723 2245 1798 2314 quod
1816 2263 1872 2300 non

250 2338 310 2394 sine
324 2338 406 2408 gram
418 2339 515 2395 dolore
531 2342 560 2394 et
575 2342 653 2394 metu
665 2337 782 2393 ultionis
795 2337 908 2392 divinae
924 2337 1051 2402 dicimus,
1067 2336 1097 2390 in
1110 2336 1215 2392 vestri⁸
1231 2335 1376 2408 regiminis
1392 2340 1519 2406 tempore
1536 2317 1608 2389 ‘iu‘¹7
1623 2326 1872 2402 destnrctioneml',

251 2440 307 2477 non
325 2423 374 2477 inc
392 2423 633 2488 aedificationem',
653 2424 726 2477 sicut
744 2423 847 2477 Paulus
860 2422 1001 2484 docuerat,
1020 2422 1173 2478 accidisse‘l
1191 2421 1384 2491 conspicimus.
1421 2421 1498 2487 Quod
1519 2424 1548 2474 et
1560 2421 1661 2476 nostris
1675 2421 1804 2490 peccatis,
1824 2422 1871 2490 qui

207 2522 232 2562 11
250 2508 456 2579 dispensatores
475 2512 504 2564 et
526 2511 651 2580 pastores
671 2508 849 2564 ecclesiarum
868 2525 927 2562 esse
945 2507 1104 2569 debuimus,
1123 2507 1277 2562 veraciter0
1295 2507 1479 2578 imputamus;
1503 2510 1531 2561 et
1550 2524 1657 2572 corum,
1682 2524 1798 2576 quorum
1817 2508 1874 2564 fac·

250 2596 327 2650 tione
345 2613 388 2651 res
406 2596 461 2652 ista
479 2596 548 2651 adeo
572 2597 645 2651 male
668 2596 821 2666 pullulavit
845 2599 874 2649 et
896 2594 1031 2656 excrevit,
1056 2594 1113 2648 alia
1132 2593 1329 2664 praecedentia
1353 2597 1469 2665 peccata
1492 2595 1544 2648 boc
1562 2593 1705 2660 meruisse,
1729 2597 1873 2662 procerte

249 2675 436 2741 auctoritates
456 2685 573 2740 diviuall
595 2685 801 2757 cognoscimus:
824 2689 864 2750 ut,
888 2666 980 2754 ‘qni48
1003 2682 1161 2750 nocebant',
1191 2683 1265 2738 sicut
1287 2683 1423 2754 scriptum
1445 2687 1502 2749 est,
1533 2681 1678 2738 ‘nocerent
1699 2683 1798 2748 adhuc,
1822 2673 1873 2738 eth

249 2769 298 2840 qui
320 2770 350 2824 in
374 2769 500 2825 sordibus
523 2774 615 2834 erant,
640 2771 830 2825 sordescerent
853 2769 973 2823 adhuci’.
1021 2769 1100 2823 Unde
1125 2769 1212 2823 Deum
1242 2768 1355 2838 gravius
1379 2768 1414 2822 ad
1439 2768 1612 2823 iracundiam
1638 2771 1822 2838 provocarent
1845 2776 1875 2821 ct

250 2859 368 2920 sanctos,
388 2875 457 2927 quos
475 2857 669 2912 intercessores
688 2873 736 2925 pro
759 2856 815 2910 suis
838 2856 960 2926 peccatis
979 2855 1081 2910 habere
1099 2855 1265 2924 debuerant,
1288 2855 1433 2910 int'ensosk
1457 2856 1593 2910 haberent
1615 2859 1644 2909 et
1668 2855 1824 2910 sacerdotes
1842 2873 1874 2910 ac

208 2957 233 2997 11
251 2943 325 2998 viros
342 2943 486 3014 religiosos
505 2961 552 2998 seu
571 2943 673 2999 Christi
693 2959 836 3014 pauperes,
856 2960 925 3011 quos
943 2944 1065 2997 oratores
1091 2946 1120 2996 et
1141 2942 1365 2996 reconciliatores
1388 2941 1442 2996 sibi
1466 2941 1501 2995 de
1526 2959 1576 2996 suo
1594 2941 1745 3012 promereri
1764 2959 1875 2996 necesse

249 3030 353 3098 fuerat,
381 3029 598 3100 proclamatores
622 3029 768 3084 adversum
791 3047 820 3084 se
843 3030 901 3084 fieri
926 3031 1071 3085 irritarent
1098 3039 1128 3084 et
1153 3030 1188 3084 ad
1216 3030 1357 3085 cumulum
1380 3047 1490 3084 suorum
1517 3032 1693 3100 peccatorum
1717 3031 1801 3086 etiam
1825 3031 1876 3085 illa

250 3120 377 3187 peccata,
401 3117 475 3172 unde
499 3117 529 3172 iu
552 3120 704 3187 conspectu
722 3117 772 3171 Dei
797 3117 933 3172 rationem
956 3117 986 3171 in
1010 3117 1055 3170 die
1079 3117 1212 3171 terribilis
1235 3116 1333 3171 iudicii
1356 3116 1516 3180 redderent,
1540 3117 1584 3172 etl
1600 3120 1750 3187 augerent,
1776 3128 1875 3186 quaem

251 3203 321 3256 illim
339 3196 545 3268 commiserunt,
563 3203 612 3274 qni
631 3203 727 3258 eadem
746 3203 808 3274 ipsa
826 3207 940 3274 peccata
959 3221 1008 3274 per
1026 3203 1250 3258 intercessionem
1270 3203 1491 3257 fidelissimarum
1510 3203 1686 3258 oblationum
1704 3201 1875 3264 deleverunt,

252 3301 341 3360 quasu
363 3291 612 3346 ecclesiasticarum
636 3308 727 3345 rerum
750 3307 909 3361 pervasores
932 3290 1088 3346 inconsulte
1111 3293 1140 3344 et
1161 3289 1190 3343 in
1213 3289 1363 3360 perniciem
1387 3289 1430 3343 sui
1453 3289 1513 3344 sine
1537 3290 1693 3344 reverentia
1711 3290 1874 3344 abutuntur.

209 3401 234 3440 30
252 3377 331 3444 Quod
351 3377 392 3432 ita
408 3395 504 3433 verum
517 3395 584 3442 esse,
601 3381 634 3432 ut
646 3377 771 3441 dicimus,
790 3377 924 3432 Dominus
937 3379 1107 3447 protestatur
1121 3376 1227 3431 dicens:
1251 3369 1411 3432 ‘Peccatalil
1430 3377 1526 3448 populi
1540 3377 1595 3431 mei
1607 3377 1773 3432 comedunt'.
1809 3377 1874 3431 Pec-

253 3467 317 3519 cata
334 3464 408 3518 enim
427 3465 525 3534 populi
543 3463 699 3528 comedunt,
719 3465 785 3533 qui⁰
803 3467 900 3519 contra
918 3464 1116 3519 auctoritatem
1141 3464 1266 3518 divinam
1289 3481 1331 3518 res
1354 3465 1556 3520 ecclesiasticas
1575 3463 1700 3518 indebite
1718 3464 1876 3534 pervadunt

253 3553 282 3603 et
304 3567 355 3606 neo
377 3551 583 3607 intercessionis
609 3569 663 3622 ope
688 3569 739 3606 nec
760 3551 998 3621 praedicationisu
1024 3551 1141 3607 consilio
1160 3551 1203 3605 vel
1228 3567 1405 3621 quocumque
1431 3552 1528 3606 divino
1551 3551 1656 3606 auxilio
1680 3569 1731 3622 pro
1754 3553 1875 3622 peccatis

253 3653 356 3702 eornm,
376 3638 423 3707 qui
444 3653 511 3693 ease
530 3639 674 3700 dederant,
693 3639 839 3694 laborantr
857 3657 908 3693 nec
927 3639 973 3708 pio
992 3638 1082 3708 operi,
1101 3639 1136 3692 ad
1156 3639 1230 3708 quod
1249 3639 1316 3694 tides
1334 3639 1457 3694 fidelium
1481 3655 1527 3693 eas
1546 3638 1709 3703 tradiderat,
1727 3639 1876 3694 inservire*

254 3726 431 3796 permittunt.
476 3729 516 3784 De
536 3747 593 3798 quo
616 3722 788 3798 periculoso‘
811 3729 887 3784 sacto
910 3745 972 3794 vos,
995 3720 1172 3804 princeps¹¹
1196 3719 1494 3796 christianissimeu,
1522 3729 1722 3784 venerabiliter
1744 3729 1874 3785 admone·

210 3845 235 3883 ,5
254 3829 315 3864 runs
339 3815 368 3865 et
389 3811 568 3867 devotissime
590 3813 776 3877 obsecramus,
801 3815 833 3866 ut
855 3830 989 3866 urcurores
1011 3813 1110 3866 salutis
1133 3817 1253 3876 restrae,
1276 3814 1431 3882 paresentis
1454 3813 1562 3868 scilicet
1585 3817 1633 3868 etv
1657 3817 1800 3882 aeternae,
1820 3831 1876 3868 me·

254 3912 343 3951 mores
361 3898 446 3951 etiam
465 3899 607 3969 largitatis
626 3899 836 3969 progenitorum
855 3901 1008 3952 vestrorum
1028 3915 1094 3968 erga
1110 3903 1220 3954 sanctas
1234 3901 1371 3965 ecclesias,
1391 3903 1599 3970 propterquam
1615 3899 1759 3954 feliciterw
1778 3918 1877 3971 regna-

254 3987 355 4037 verunt
373 3987 402 4038 et
419 3985 471 4038 sibi
492 3986 645 4040 contrarios
664 3989 878 4056 superaverunt,
898 4002 1031 4039 memores
1050 3986 1201 4055 siquidem,
1224 4004 1286 4040 curn
1305 3989 1413 4055 quanta
1430 3986 1566 4057 religione
1585 3986 1669 4041 etiarn
1688 3991 1754 4042 autc
1773 3988 1875 4043 Christi

254 4071 419 4140 sanguinem
447 4075 476 4126 et
501 4073 531 4126 in
558 4076 682 4143 tempore
708 4073 789 4126 famis
819 4073 849 4126 in
878 4073 1006 4140 Aegypto
1033 4071 1200 4126 discretione
1231 4073 1321 4126 sancti
1355 4074 1452 4142 loseph
1480 4073 1555 4143 apud
1584 4073 1756 4128 nefandumx
1782 4091 1876 4144 regern

255 4160 429 4216 Pharaonem
452 4165 527 4216 terra
550 4162 732 4218 sacerdotalis
756 4144 896 4226 extitit50,
922 4160 1070 4216 innumera
1093 4179 1204 4231 quoque
1225 4162 1446 4232 scripturarumy
1469 4164 1610 4233 exempla,
1640 4167 1672 4218 ut
1694 4165 1768 4219 lacte
1791 4164 1876 4220 eccle·

210 4280 236 4318 40
255 4245 312 4299 siae
331 4246 431 4300 nutriti
450 4249 479 4300 et
497 4247 630 4302 scientiae
649 4247 737 4316 ipsius
756 4245 886 4301 uberibus
906 4245 1076 4299 sufficienter
1094 4246 1207 4316 repleti,
1226 4249 1292 4300 rante
1315 4247 1409 4301 oculos
1434 4247 1597 4302 reducentes
1623 4248 1746 4303 tunicam
1765 4249 1877 4308 Christi.

255 4332 303 4400 qui
323 4349 370 4388 vos
389 4333 476 4403 elegit
494 4336 522 4388 et
541 4334 685 4396 eralhrvit,
704 4351 788 4402 quam
807 4350 857 4386 nec
877 4333 980 4386 milites
999 4332 1059 4386 ausi
1078 4333 1192 4387 fuerunt
1211 4333 1343 4396 scindere,
1363 4336 1488 4404 tempore
1501 4337 1593 4388 vestro
1606 4336 1770 4404 quantotius
1783 4353 1877 4391 recou-

359 4547 383 4608 1)
402 4548 424 4597 si
442 4545 467 4597 3.
562 4545 590 4613 g)
614 4547 725 4597 noluerit
746 4544 771 4597 4.
789 4543 892 4595 9-11.
990 4544 1018 4609 h)
1037 4545 1103 4596 idem
1126 4544 1151 4595 5.
1168 4543 1192 4594 6.
1288 4545 1306 4606 1)
1326 4561 1374 4596 om.
1399 4542 1437 4597 10.
1458 4544 1498 4595 11.
1595 4543 1623 4610 k)
1640 4553 1666 4597 st
1683 4544 1707 4596 3.
1804 4547 1822 4610 Ι)
1842 4547 1879 4597 die

256 4633 342 4696 script
361 4629 386 4684 3.
487 4633 521 4696 m)
540 4650 552 4684 c
570 4641 675 4685 correct.
693 4633 720 4683 ia
738 4629 768 4694 2;
787 4632 957 4700 gravioribus.
975 4629 998 4683 3.
1018 4630 1043 4682 4.
1140 4628 1168 4696 11)
1186 4632 1346 4697 postmodum
1365 4629 1388 4682 4.
1476 4631 1502 4695 c)
1522 4639 1609 4684 autem
1629 4669 1676 4684 ...
1695 4641 1879 4700 contempnens

257 4736 306 4770 om.
330 4717 369 4771 10.
391 4717 431 4771 11.
536 4720 563 4786 p)
588 4737 636 4771 aar.
661 4717 700 4769 10.
721 4716 762 4769 11.
867 4719 894 4784 q)
918 4719 1121 4769 ecclesiasticum
1145 4715 1250 4770 111119.
1355 4717 1378 4780 1)
1401 4719 1547 4770 continetur
1571 4717 1599 4783 13
1627 4727 1789 4787 contemptus
1811 4718 1835 4770 2.
1854 4718 1877 4771 3.

214 4825 239 4864 45
256 4803 280 4871 s)
299 4813 325 4857 ct
342 4806 455 4858 indebito
473 4807 614 4857 ministerio
635 4806 726 4871 adepto
744 4803 768 4855 9.
850 4806 870 4867 t)
891 4801 1023 4871 [in]dehitc
1107 4805 1224 4868 qualibet
1241 4822 1289 4854 om.
1313 4804 1335 4855 l.
1416 4802 1591 4870 11)1“1115.6;
1613 4805 1741 4872 praedicto
1763 4803 1788 4856 2.
1806 4804 1831 4857 4.
1850 4805 1879 4868 9;

257 4892 371 4958 praedito
391 4891 412 4942 1.
431 4891 456 4944 3.
477 4889 517 4943 10.
539 4891 579 4942 11.
684 4891 767 4955 vlita
788 4891 813 4943 5.
831 4891 862 4954 63
889 4891 992 4942 decreta
1016 4889 1100 4941 1-4.
1122 4889 1225 4940 9-11.
1332 4890 1366 4953 w)
1389 4891 1514 4942 dimiserit
1531 4891 1554 4942 3.
1661 4891 1689 4956 x)
1712 4891 1879 4944 111112-4.

257 4978 285 5046 y)
304 4979 476 5031 communioni
496 4977 561 5032 1.4.
648 4979 673 5042 a)
692 4979 831 5044 contempti
855 4977 877 5029 l.
898 4977 937 5030 ll.
1025 4976 1051 5044 a)
1072 4978 1161 5029 restris
1181 4975 1203 5027 1.
1290 4977 1319 5040 h)
1337 4977 1530 5029 distructionem
1549 4977 1573 5030 2.
1591 4977 1616 5029 3.
1655 5017 1657 5024 .
1703 4976 1726 5042 c)
1744 4995 1792 5029 ora.
1811 4977 1835 5030 5.
1855 4980 1879 5032 6.

256 5062 282 5128 dl
300 5082 349 5116 om.
369 5064 391 5115 1.
499 5067 525 5126 a)
544 5066 666 5116 velociter
685 5062 709 5115 3.
815 5063 839 5128 s)
864 5065 952 5115 divina
973 5072 1041 5116 auct.
1066 5064 1236 5130 conspicimus
1260 5065 1301 5115 vel
1325 5064 1504 5132 cognoscimus
1524 5064 1547 5116 1.
1651 5063 1679 5131 gl
1696 5065 1784 5116 divino
1810 5065 1835 5117 2.
1854 5064 1879 5118 3.

257 5148 285 5215 11)
303 5153 390 5216 etqui
409 5189 455 5203 ...
472 5153 558 5203 adhuc
580 5169 628 5202 om.
645 5151 670 5204 5.
775 5149 795 5214 i)
813 5151 898 5202 adium
915 5168 963 5202 orn.
984 5149 1013 5212 13
1040 5157 1066 5202 ct
1083 5150 1145 5200 odd.
1164 5147 1189 5200 4.
1207 5147 1230 5202 6.
1336 5148 1364 5217 k)
1383 5152 1491 5202 infessos
1511 5151 1535 5204 l.
1638 5149 1878 5214 Ι)ο1111.4-6.

215 5260 241 5298 5⁰
257 5239 294 5299 111)
317 5239 354 5288 bis
375 5239 460 5304 script.
478 5236 502 5289 3.
608 5237 636 5302 n)
655 5238 750 5303 quibus
773 5235 797 5288 2.
817 5235 841 5288 3.
860 5235 884 5288 5.
903 5235 928 5288 6.
1033 5237 1059 5298 ο)
1083 5237 1145 5302 quia
1166 5235 1186 5287 1.
1291 5236 1319 5303 p)
1338 5237 1510 5304 praecationis
1531 5235 1556 5290 2.
1574 5235 1599 5290 3.
1701 5236 1729 5304 q)
1751 5236 1879 5290 101123.

258 5325 281 5388 1)
300 5326 418 5376 laborent
436 5324 459 5377 l.
547 5324 570 5393 1)
590 5327 685 5377 inservi
703 5341 730 5376 se
747 5322 772 5376 2.
790 5322 815 5376 3.
903 5321 924 5388 t)
943 5323 1057 5390 periculo
1074 5320 1099 5374 2.
1186 5321 1215 5387 11)
1234 5323 1271 5373 ito
1290 5322 1313 5374 l.
1333 5321 1363 5383 3;
1382 5324 1509 5390 principes
1526 5325 1733 5376 christianissimi
1750 5322 1775 5376 2.
1794 5321 1879 5390 4-6,

258 5411 322 5479 Syra.
340 5412 380 5462 cit
486 5412 512 5476 v)
534 5429 581 5462 om.
601 5411 629 5475 13
652 5420 713 5476 post
735 5408 904 5478 1111111112.
1009 5409 1044 5474 w)
1063 5407 1213 5462 1111111113.
1319 5407 1348 5474 x)
1366 5410 1465 5462 scilicet
1488 5409 1550 5463 auct.
1571 5410 1593 5461 1.
1697 5412 1725 5479 y)
1745 5430 1794 5464 1111.
1812 5408 1837 5462 2.
1856 5411 1881 5464 3.

360 5618 405 5683 rs)
426 5615 584 5686 1111111
606 5614 768 5684 11111111,
786 5632 916 5686 111111.
931 5615 1030 5684 11111,
1048 5615 1107 5671 er.
1185 5615 1231 5682 11)
1248 5616 1273 5669 a
1288 5613 1406 5668 cosan
1425 5614 1519 5680 13,10.
1598 5612 1880 5683 arcamarcaa.

257 5722 302 5791 49)
323 5721 393 5776 Osca
409 5723 435 5788 4,
444 5723 468 5776 8.
555 5723 600 5789 50)
624 5721 831 5788 (1111114122.

361 5835 397 5872 aa.
416 5833 583 5872 carrrcusau
602 5835 628 5873 u.
1641 5815 1673 5870 51
