4590 6420
419 467 482 529 372
539 461 785 519 captabantur
806 462 931 516 REGUM
950 460 1133 516 andnemu
1152 461 1413 518 occluuuunnrs
1432 460 1734 530 (KAROLOMANNI).
1753 490 1787 499 -
1805 461 1853 515 Nr.
1865 459 1924 515 287.

343 645 402 700 884.
421 633 502 704 Ideo
525 639 611 704 iuste
636 637 790 704 convenit
810 636 903 702 nobis
919 635 1008 716 illud,
1031 635 1116 722 quod
1133 636 1337 722 omnipotens
1352 634 1445 700 Deus
1468 658 1528 722 per
1542 635 1675 702 Esaiam
1691 635 1883 723 prophetam
1900 635 2041 698 minatur

419 741 546 807 dicens:
572 732 676 806 ‘Vae4
699 742 753 828 qui
776 739 955 828 praedaris,
980 760 1086 802 nonne
1110 743 1143 803 et
1165 739 1234 825 ipse
1258 737 1499 824 praedaberisl’
1522 739 1591 805 Nos
1615 761 1693 805 uero
1710 738 1907 825 praedamur
1922 738 2040 803 fratres

421 852 559 925 nostros,
585 845 754 911 etidcirco
771 845 892 931 pagani
908 845 1025 908 merito
1042 865 1100 908 nos
1116 849 1324 929 nostramque
1344 843 1560 909 substantiam
1576 844 1824 931 depraedantur.
1871 841 2040 917 Quomodo

421 949 520 1034 igitur
550 949 656 1013 securi
688 949 866 1035 poterimus
896 968 1034 1034 pergere
1064 954 1176 1012 contra
1205 946 1353 1011 inimicos
1385 952 1515 1013 sanctae
1546 947 1610 1014 Dei
1644 949 1803 1014 ecclesias
1835 955 1868 1013 et
1899 954 2040 1027 nostros,

421 1074 493 1118 curn
517 1045 661 1139 ‘rapina5
684 1053 837 1140 pauperis
861 1052 986 1116 inclusa
1010 1053 1117 1116 estin
1147 1051 1242 1117 domo
1265 1047 1404 1116 nostra’?
1432 1050 1476 1114 Et
1501 1071 1566 1116 non
1595 1052 1699 1117 solum
1723 1052 1810 1116 dorni
1832 1052 1959 1117 reclusa
1982 1059 2042 1132 est,
2072 1065 2084 1103 ⁵

421 1177 533 1222 verum
551 1158 649 1222 etiarn
665 1156 857 1242 plerumque
880 1157 997 1236 evenit,
1021 1162 1057 1219 ut
1072 1157 1167 1241 pleno
1183 1163 1296 1221 ventre
1314 1156 1428 1242 rapina
1450 1156 1483 1220 in
1497 1155 1625 1242 hostem
1641 1156 1772 1242 quidam
1787 1157 2042 1243 proficiscantur.

426 1261 469 1325 Et
492 1260 653 1347 quomodo
676 1259 855 1346 poterimus
880 1260 1026 1324 inimicos
1042 1267 1169 1324 nostros
1189 1259 1373 1339 devincere,
1396 1280 1468 1324 cum
1493 1260 1626 1346 sanguis
1641 1261 1775 1326 fratrum
1797 1268 1979 1326 nostrorum
2003 1261 2043 1326 ab

421 1384 477 1430 ore
500 1370 610 1429 nostro
634 1364 779 1442 distillat,
804 1368 838 1429 et
853 1385 967 1428 manus
985 1371 1115 1430 nostrae
1132 1365 1251 1450 plenae
1268 1372 1344 1429 sunt
1360 1366 1518 1450 sanguine
1536 1373 1568 1429 et
1588 1366 1723 1432 brachia
1739 1365 1880 1452 pondere
1896 1366 2042 1431 miseria-

422 1490 492 1534 rum
522 1478 554 1534 et
581 1470 768 1554 rapinarum
795 1475 973 1553 gravantur
1003 1476 1136 1554 totaque
1166 1470 1269 1534 virtus
1301 1469 1399 1533 animi
1436 1469 1645 1556 corporisque
1678 1469 1886 1535 debilitatur?
1923 1469 2043 1535 Preces

423 1581 555 1638 nostrae
578 1595 597 1637 a
620 1573 691 1636 Deo
715 1594 778 1638 non
802 1574 1018 1658 recipiuntur,
1043 1574 1119 1658 quia
1143 1574 1301 1638 clamores
1325 1579 1358 1640 et
1380 1574 1526 1661 ploratus
1550 1574 1679 1660 altaque
1703 1576 1842 1662 suspiria
1864 1596 2042 1661 pauperum
2062 1595 2087 1633 ιο

425 1685 458 1742 ot
491 1679 728 1766 orphanorum,
769 1679 965 1765 pupillorum
1001 1686 1098 1764 atque
1134 1678 1302 1743 viduarum
1341 1687 1585 1766 praeoccupant
1620 1688 1653 1744 et
1687 1679 1901 1766 praeveniunt
1928 1699 2043 1764 preces

425 1789 566 1864 nostras,
590 1803 673 1868 quae
704 1783 811 1846 crudis
845 1784 997 1847 carnibus
1019 1781 1154 1847 fratrum
1188 1790 1372 1848 nostrorum
1402 1791 1559 1870 gravatae
1586 1783 1824 1849 raucitudinem
1847 1789 2043 1870 acceperunt

424 1889 548 1953 nullam
572 1887 782 1952 sonoritatem
807 1887 961 1951 virtutum
984 1886 1153 1952 habentes.
1199 1886 1242 1951 Et
1266 1895 1341 1953 sunt
1364 1889 1473 1966 multi,
1504 1888 1558 1972 qui
1591 1908 1633 1952 ex
1665 1888 1735 1973 ipsa
1757 1889 1871 1973 rapina
1894 1887 2045 1952 videntur

426 1992 621 2058 elemosinas
637 1990 744 2056 facere
768 2011 832 2055 non
850 1991 1090 2076 intellegentes,
1114 1990 1199 2076 quod
1222 1990 1399 2057 dotalibus
1423 1991 1499 2056 dicit
1514 1991 1645 2056 Esaias:
1669 1983 1767 2065 ‘Quil
1790 1992 1885 2057 offert
1900 1991 2042 2056 Domino

425 2097 465 2163 de
488 2097 601 2183 rapina
623 2097 836 2176 oblationem,
867 2097 958 2181 qnasi
983 2096 1038 2181 qui
1061 2102 1179 2161 mactet
1200 2096 1303 2161 filium
1326 2101 1401 2162 ante
1432 2093 1580 2183 patrem’
1632 2093 1676 2160 Et
1700 2102 1775 2160 sunt
1797 2095 1961 2176 nonnulli,
1985 2095 2040 2181 qui
2061 2114 2084 2152 u

426 2201 466 2266 de
489 2200 691 2282 homicidiis,
727 2199 914 2281 adulteriis,
945 2200 1116 2286 periuriis,
1139 2198 1298 2264 incendiis
1323 2200 1493 2264 consilium
1517 2205 1550 2264 et
1573 2199 1806 2285 poenitentiam
1830 2205 1991 2284 quaerunt
2014 2205 2047 2263 et

427 2305 547 2370 malum
570 2305 704 2391 rapinae
728 2325 786 2391 pro
810 2303 911 2368 nihilo
927 2303 1049 2369 ducunt
1064 2324 1129 2367 non
1146 2304 1388 2388 intellegentes,
1412 2304 1497 2390 quia,
1522 2309 1600 2388 quot
1616 2324 1778 2389 pauperes
1794 2304 1866 2390 quis
1884 2303 2048 2388 exspoliat

428 2409 569 2474 etfama
594 2429 632 2472 ac
655 2407 803 2472 nuditate
827 2407 1003 2493 periclitari
1026 2407 1122 2488 facit,
1155 2413 1202 2471 tot
1230 2406 1402 2472 homicidia
1433 2413 1618 2493 perpetrem
1654 2407 1729 2491 quia
1759 2412 1836 2470 tunc
1865 2407 2047 2493 proximum

429 2534 522 2577 suum
546 2512 708 2593 interficit,
732 2511 818 2591 dum,
841 2510 926 2576 unde
947 2512 1056 2576 vivere
1078 2510 1187 2591 debet,
1211 2511 1241 2577 ei
1263 2511 1362 2577 tollit.
1407 2510 1451 2576 ut
1471 2511 1590 2575 scimus
1614 2509 1743 2575 dicente
1765 2509 1868 2576 Paulo
1889 2509 2047 2598 apostolo,

429 2609 535 2703 ‘quia7
566 2615 670 2681 omnis
693 2614 855 2680 homicida
877 2636 942 2680 non
965 2615 1064 2680 habet
1088 2616 1187 2680 vitam
1217 2617 1251 2680 in
1275 2637 1376 2702 regne
1407 2613 1493 2696 Dei’,
1527 2621 1559 2679 et
1586 2614 1765 2680 homicidas
1796 2607 1860 2681 ‘et8
1883 2617 2047 2682 adulteros
2066 2636 2092 2675 so

428 2721 585 2786 iudicabit
606 2717 718 2785 Deus⁷.
765 2719 849 2794 Quia
872 2741 948 2806 ergo
971 2713 1133 2807 ‘rapaccs¹
1160 2741 1296 2807 regnum
1319 2719 1382 2786 Dei
1405 2742 1469 2786 non
1493 2717 1728 2804 possidebunt',
1753 2721 1816 2784 nisi
1838 2740 1877 2784 ea
1899 2721 2049 2786 reddide-

429 2826 510 2908 rint,
534 2848 617 2912 quae
633 2826 778 2905 tulerint,
802 2831 835 2890 et
850 2824 982 2909 insuper
997 2824 1232 2911 poenitentiam
1250 2824 1388 2909 agerint,
1411 2824 1574 2910 fugiamus
1591 2821 1653 2887 hoc
1668 2828 1795 2887 tantum
1811 2825 1942 2904 malum,
1965 2823 2050 2890 unde

430 2938 478 2996 tot
501 2952 538 2995 ac
562 2937 653 2996 tanta
669 2931 734 2995 alia
748 2930 835 2994 mala
850 2927 1040 3015 procedunt,
1064 2935 1097 2994 et
1113 2920 1307 3014 diligamus9
1323 2927 1491 3014 proximos
1508 2928 1592 2993 sicut
1608 2929 1821 3014 nosmetipsos
1838 2927 2051 3014 adimplentes

429 3035 546 3120 legem,
570 3056 653 3121 quae
676 3034 771 3099 dicit:
799 3025 920 3098 ιΝοιι10
943 3033 1150 3118 concupiscas
1173 3054 1241 3097 rem
1266 3033 1472 3118 proximitui
1497 3053 1556 3096 nec
1579 3033 1701 3113 omnia,
1730 3053 1814 3118 quac
1837 3032 1926 3097 illius
1950 3031 2050 3108 sunt3'

431 3139 507 3224 quia
530 3137 625 3202 aliter
648 3158 754 3222 nequo
778 3136 916 3202 inimicis
940 3137 1057 3201 nostris
1081 3137 1261 3222 poterimus
1284 3137 1438 3201 resistere
1461 3156 1568 3220 neque
1592 3157 1727 3220 regnum
1751 3136 1814 3202 Dei
1836 3137 2016 3224 possidere.
2069 3152 2094 3192 2⁵

539 3239 618 3327 (lap.
637 3247 664 3305 1.
699 3241 856 3306 Volumus
876 3241 997 3324 itaque,
1021 3246 1056 3304 ut
1072 3241 1227 3326 palatium
1244 3245 1389 3304 nostrum
1405 3259 1494 3304 more
1510 3239 1801 3326 praedecessorum
1817 3247 2000 3306 nostrorum
2017 3247 2052 3306 at

433 3346 497 3411 Dci
522 3347 610 3412 cultu
633 3352 665 3410 et
688 3345 792 3430 regali
815 3344 956 3422 honore,
987 3343 1101 3409 sedet
1125 3344 1291 3428 religionis
1319 3343 1433 3408 habitu
1456 3351 1489 3408 et
1511 3343 1735 3407 unanimitatis
1760 3344 1930 3410 concordia
1954 3351 2052 3430 atque

432 3451 521 3540 pacis
545 3448 656 3515 ordine
680 3448 864 3513 stabiliatur
892 3448 981 3512 etin
1013 3446 1127 3512 eodem
1156 3447 1279 3533 palatio
1313 3453 1423 3512 nostro
1455 3468 1521 3533 pax
1547 3448 1837 3534 praedecessorum
1868 3454 2052 3514 nostrorum

432 3554 651 3619 sanctionibus
674 3559 806 3618 serrata
828 3573 888 3638 per
910 3571 1005 3616 omae
1029 3572 1165 3636 regnum
1189 3557 1336 3615 nostrum
1359 3550 1554 3637 exequenda
1576 3544 1804 3636 proteraturss.

541 3662 572 3724 2.
604 3656 821 3723 Decernimus
843 3657 951 3742 igitur,
974 3661 1010 3719 ut
1026 3676 1139 3721 omnes
1163 3656 1195 3719 in
1211 3656 1332 3741 palatio
1347 3662 1457 3720 nostro
1475 3661 1738 3720 commanentes⁰
1761 3661 1794 3720 et
1814 3654 1894 3719 illud
1910 3654 2051 3741 undiquc
2071 3683 2097 3722 so

433 3760 592 3826 adeuntes
625 3761 759 3848 pacifice
794 3761 914 3826 vivant.
972 3757 1097 3832 Quodsi
1128 3761 1246 3845 aliquis
1278 3765 1430 3845 corrupta
1462 3781 1542 3846 pace
1580 3761 1726 3847 rapinam
1762 3761 1960 3839 exercuerit,
1995 3781 2055 3846 per

432 3870 578 3929 nostram
594 3865 717 3949 regiam
735 3861 977 3929 auctoritatem‘
998 3868 1032 3928 et
1047 3863 1139 3926 missi
1161 3863 1263 3926 nostri
1279 3863 1458 3928 iussionem
1475 3863 1515 3928 ad
1530 3865 1709 3949 palatinam
1726 3863 1904 3930 adducatur
1919 3863 2054 3928 audien-

433 3969 522 4041 tiam,
545 3974 591 4050 ut,
615 3967 793 4033 secundum
810 3966 896 4053 quod
917 3966 951 4030 in
968 3966 1120 4052 capitulis
1136 3973 1381 4032 antecessorum
1399 3958 1626 4049 continetur¹²,
1649 3968 1749 4053 legali
1766 3969 1922 4032 multetur
1936 3968 2054 4032 iudicio

434 4072 532 4157 tripla
553 4072 789 4157 compositione
812 4077 947 4157 peracta
970 4092 1043 4136 curn
1064 4070 1225 4135 dominico
1248 4070 1387 4136 bannoss.

544 4178 572 4239 3.
598 4176 633 4240 si
656 4175 726 4260 quis
751 4196 828 4240 vero
859 4174 982 4259 absque
1014 4175 1142 4240 seniore
1172 4181 1228 4240 aut
1255 4175 1339 4240 infra
1368 4175 1526 4261 palatium
1557 4182 1614 4240 aut
1637 4176 1724 4241 circa
1745 4175 1826 4240 illud
1848 4174 1972 4261 degens
1995 4175 2054 4240 hoc
2073 4198 2097 4238 :a

435 4278 522 4343 idenr
547 4279 678 4360 fecerit,
706 4279 792 4344 huno
821 4279 940 4342 missus
968 4286 1081 4344 noster
1103 4279 1216 4359 adeat,
1252 4287 1285 4344 et
1313 4278 1354 4343 ad
1382 4279 1489 4366 ipsum
1517 4278 1695 4368 palatiumh
1719 4280 1810 4343 iussu
1834 4286 1944 4345 nostro
1968 4278 2056 4345 oum¹

437 4383 549 4448 venire
579 4383 767 4469 praecipiat.
825 4379 950 4454 Quodsi
985 4403 1066 4446 ausu
1102 4383 1274 4447 temerario
1304 4383 1415 4470 venire
1452 4384 1698 4470 contempserit,
1731 4382 1783 4446 vi¹¹
1815 4382 1880 4447 adl
1913 4391 2056 4448 nostram

437 4487 656 4574 praesentiam
680 4487 861 4552 adducatur
884 4485 1073 4551 subdendus
1096 4486 1385 4572 praedecessorum
1409 4493 1593 4552 nostrorum
1610 4486 1842 4551 sanctionibus.
1889 4487 1924 4552 Si
1948 4494 2057 4554 autem

437 4589 482 4656 ati
505 4613 563 4654 nos
587 4596 621 4655 et
644 4591 779 4655 missurn
810 4597 955 4655 nostrum
980 4591 1213 4676 contempserit
1237 4591 1334 4655 etad
1358 4612 1415 4655 nos
1439 4592 1550 4655 venire
1573 4591 1712 4655 noluerit
1735 4599 1769 4655 et
1792 4612 1827 4656 se
1852 4591 2057 4657 defendendo

438 4695 481 4759 ibi
499 4695 626 4759 occisus
647 4695 745 4759 fuerit
768 4700 801 4760 et
817 4696 931 4780 aliquis
948 4700 1119 4781 parentum
1143 4701 1199 4758 aut
1221 4696 1398 4760 amicorum
1422 4695 1493 4760 eius
1517 4695 1590 4759 inde
1614 4694 1733 4759 faidam
1756 4693 1906 4759 fidelibus
1929 4697 2057 4774 nostris,
2075 4715 2101 4754 rc

438 4799 493 4883 qui
516 4819 590 4863 eum
607 4797 794 4880 occiderint,
817 4805 944 4884 portare
962 4799 1109 4879 voluerit,
1133 4800 1329 4886 potestative
1346 4820 1418 4864 earn
1435 4800 1542 4863 iurare
1558 4799 1724 4878 faciemus,
1749 4805 1782 4862 et
1797 4798 1912 4864 fideles
1929 4806 2058 4865 nostros

439 4901 544 4986 regia¹
569 4903 761 4966 auctoritate
786 4901 905 4966 exinde
929 4893 1201 4966 adinvenimusffl.

541 5076 566 5145 a)
586 5083 771 5128 commorantes
789 5075 813 5127 3.
914 5077 936 5140 f)
959 5085 1110 5145 potestatam
1133 5075 1159 5129 3.
1257 5075 1285 5144 g)
1305 5094 1392 5145 panno
1410 5075 1436 5130 3.
1535 5076 1562 5142 lr)
1585 5086 1701 5130 nostrum
1725 5079 1787 5132 ortu.
1805 5077 1830 5130 3.
1929 5078 1949 5142 i)
1967 5097 2014 5130 om.
2033 5077 2058 5130 3.

438 5163 467 5224 k)
486 5165 560 5214 cuins
577 5162 602 5214 3.
689 5164 708 5229 1)
727 5169 813 5214 nostra
830 5162 892 5214 add.
910 5163 934 5216 3.

541 5318 569 5382 4)
589 5316 662 5369 ΙΙιαί.
682 5317 757 5382 33,1.
844 5315 870 5382 5)
890 5314 961 5369 Ibid.
979 5317 1055 5384 3,14.
1137 5317 1163 5382 6)
1182 5314 1253 5371 Ihid.
1266 5317 1348 5384 66,3;
1376 5315 1429 5383 Qui
1448 5317 1529 5372 offert
1541 5317 1721 5384 oblationem,
1740 5319 1819 5388 quusi
1833 5319 1882 5389 qui
1895 5319 2060 5389 sanguinem
2077 5333 2102 5370 ra

440 5421 552 5474 suillum
565 5419 669 5473 offcmt.
742 5419 768 5486 Ι)
787 5418 871 5472 Immo
890 5421 912 5473 1.
923 5419 980 5475 loa.
998 5422 1023 5487 3,
1032 5422 1079 5474 lfr:
1099 5421 1133 5473 lut
1146 5419 1222 5474 scitis
1234 5421 1366 5489 quoniam
1434 5421 1520 5476 vitam
1534 5425 1676 5477 aeternam
1689 5423 1718 5476 in
1731 5424 1880 5494 semetipso
1893 5426 2059 5478 manentem.

440 5528 468 5598 8)
487 5525 586 5580 Etrus.
601 5525 641 5591 13,
651 5525 677 5578 4,
748 5525 775 5592 a)
797 5525 1171 5594 Cfr·.ac.pr.llfatllr.l9,lll.
1244 5525 1499 5594 talamarum.
1570 5525 2059 5598 11)efr.1nonaer,ac.11,p.ra

442 5633 483 5696 12)
503 5629 602 5684 Benaci.
622 5629 683 5682 Leo.
697 5628 737 5694 ΙΙ,
755 5645 776 5682 c.
790 5630 831 5684 tu.
848 5631 913 5696 3833
930 5630 976 5696 cfr.
994 5630 1071 5683 ctiam
1090 5631 1184 5698 Anam.
1200 5629 1254 5694 ΙΙΙ,
1272 5645 1293 5682 e.
1306 5631 1348 5698 65,
1366 5634 1426 5686 tom.
1440 5631 1463 5699 I,
1477 5647 1508 5699 p.
1521 5631 1579 5685 432.
1651 5632 1694 5699 13)
1715 5631 1769 5698 Ofr.
1789 5631 2060 5698 uocauerant,

440 5751 524 5804 sceptra
532 5752 560 5803 p.
571 5734 630 5800 215,
644 5733 704 5799 c.3;
723 5731 787 5798 Cap.
799 5733 868 5786 orias.
882 5733 1043 5801 stu-mana,
1056 5750 1141 5802 aalma
1149 5749 1177 5801 p.
1187 5733 1246 5802 272,
1259 5749 1279 5787 c.
1289 5735 1319 5801 fr,·
1336 5734 1413 5801 infra
1425 5751 1448 5790 e.
1458 5735 1498 5789 10.
1510 5736 1558 5802 11;
1570 5735 1706 5804 Brrruncr,
1721 5735 1785 5791 Ru.
1797 5737 1837 5804 11,
1843 5753 1872 5804 11.
1883 5737 1942 5802 531,
1954 5741 2007 5790 not.
2019 5736 2060 5790 17.
