4634 6436
945 1502 1152 1629 XVII.

262 1741 547 1874 PACTA
600 1748 710 1872 ΕΤ
765 1744 1301 1875 PRAECEPTA
1345 1753 1831 1883 VENETICA.

896 1981 1200 2098 840-927.

842 2246 1252 2258 ——..—..—-

255 2454 722 2564 PRAEFATIO
756 2455 871 2563 AD
913 2455 1178 2565 PAOTA
1218 2458 1320 2568 ET
1361 2451 1845 2569 PRAEOEPTA

202 2669 214 2707 ⁵
826 2609 1266 2722 VENETIOA.
1344 2699 1345 2704 κ

338 2794 475 2892 Repum
505 2814 535 2874 et
562 2811 789 2889 imperatorum
814 2808 1006 2874 Germaniae
1035 2809 1120 2887 iilos,
1155 2811 1213 2891 qui
1239 2809 1372 2874 Itotioru
1401 2832 1522 2893 quoque
1553 2811 1589 2875 in
1615 2817 1770 2892 potestate
1798 2835 1861 2877 suc

232 2919 411 2991 tenuerunt,
434 2919 464 2978 et
485 2933 570 2996 repes
584 2912 701 2977 Itrdioe
722 2913 885 2995 iudipmos
906 2935 978 2979 eum
996 2913 1121 2978 Venetis
1136 2919 1238 2995 puoto
1258 2914 1378 2994 fecisse,
1401 2916 1482 2980 sutis
1504 2921 1633 2980 constat.
1673 2916 1727 2982 Eu
1746 2919 1861 2998 quibus

233 3039 304 3082 uero
330 3039 430 3097 usque
455 3016 500 3080 od
526 3021 660 3080 uctutem
685 3015 808 3080 Ottouis
830 3018 858 3080 I.
885 3017 951 3080 trio
973 3022 1098 3081 tentum
1120 3018 1209 3081 notris
1231 3023 1358 3081 serootu
1380 3024 1469 3096 suut,
1500 3018 1670 3083 Htotiiorii
1692 3020 1719 3085 I.
1743 3021 1861 3086 seilicet

233 3143 264 3184 u.
281 3122 353 3197 840,
377 3119 494 3185 Kuroti
509 3120 575 3184 III.
599 3140 629 3183 o.
647 3121 719 3196 881),
742 3119 835 3183 cuius
854 3120 1085 3200 praefationem
1107 3141 1177 3185 uero
1198 3120 1288 3200 infre
1307 3120 1460 3200 conferas,
1486 3121 1674 3203 Bermporii
1690 3125 1719 3187 I.
1738 3145 1768 3186 u.
1786 3127 1859 3191 888.

191 3257 216 3295 ιο
234 3224 299 3289 Sed
319 3245 383 3288 non
405 3223 537 3287 dubium
559 3228 617 3300 est,
640 3224 720 3303 quin
735 3227 870 3303 portum
892 3223 932 3286 H
932 3223 1062 3288 lothorii
1084 3225 1150 3288 ium
1171 3222 1240 3286 ulio
1261 3224 1485 3287 antecesserint
1506 3223 1634 3305 otioque
1655 3231 1764 3290 secuto
1785 3229 1859 3291 siut.

232 3326 319 3391 Num
342 3328 376 3390 in
398 3328 466 3407 ipso
481 3327 580 3407 prius
596 3326 767 3390 Moenum
787 3326 905 3389 initum
924 3324 1080 3408 educatur
1095 3330 1137 3409 (e.
1154 3328 1198 3402 2),
1215 3332 1353 3406 paetum
1367 3327 1520 3390 neuterius’
1536 3329 1721 3392 nominetur
1735 3338 1776 3411 (c.
1794 3332 1858 3414 23),

232 3431 324 3495 verbu
344 3433 430 3512 siunt
456 3433 494 3496 dc
514 3431 693 3496 renovando
712 3436 809 3512 paeto
832 3436 873 3508 (e.
890 3432 934 3508 5),
963 3430 1047 3511 quod
1069 3429 1105 3494 in
1126 3431 1264 3512 quinque
1285 3434 1410 3494 tantum
1431 3449 1533 3494 onius
1553 3436 1661 3495 rutum
1682 3437 1751 3496 erut
1772 3435 1858 3514 (pro-

232 3533 320 3616 lopus
342 3557 375 3615 p.
395 3538 470 3612 131,
500 3535 518 3598 1.
541 3537 585 3611 5).
630 3534 778 3612 Accedit,
808 3534 892 3615 quod
920 3534 1075 3597 traditum
1104 3539 1149 3598 est
1179 3535 1245 3597 turn
1272 3533 1432 3598 Kurotum
1453 3533 1612 3615 Moenum
1641 3557 1712 3599 eum
1735 3535 1860 3600 Venetis

227 3643 360 3719 pactum
382 3661 455 3702 esse.
495 3638 596 3705 Ouius
611 3639 731 3719 puetio,
755 3643 792 3702 ut
815 3637 927 3702 Fonte
949 3639 985 3702 in
1007 3637 1242 3719 ‘Mitteitunpen
1256 3637 1285 3702 d.
1302 3638 1382 3701 lust.
1397 3637 1422 3718 f.
1438 3641 1494 3701 ist.
1514 3637 1595 3701 Gr?
1618 3643 1688 3702 tom.
1711 3639 1813 3722 suppl.
1831 3640 1858 3716 Ι,

191 3743 656 3824 1sp.7'tsqp.dcrnonstrooit,
691 3763 781 3823 quem
810 3741 861 3804 trie
891 3741 1060 3821 sequimur,
1094 3761 1124 3804 u.
1146 3743 1220 3807 812.
1237 3743 1310 3806 813.
1338 3739 1448 3818 effectu
1476 3745 1506 3804 et
1534 3739 1694 3821 exemptor
1720 3743 1859 3806 omniurn

227 3851 397 3926 pactorum
410 3847 622 3925 posteriorum
641 3845 784 3910 debendo
806 3849 860 3922 est,
882 3865 978 3925 quom
1000 3844 1170 3909 decessores
1192 3843 1309 3908 Koroti
1331 3843 1447 3924 Mepni
1468 3843 1534 3907 iem
1555 3845 1681 3925 *temque
1702 3844 1746 3907 od
1766 3845 1859 3909 uerbo

233 3948 299 4030 sere
320 3950 444 4014 omissis
465 3971 542 4013 sune
563 3949 753 4030 quibusdum
774 3948 821 4012 oet
841 3948 963 4012 additis
983 3949 1194 4028 repetiverunt
1207 3948 1334 4030 (Funtu
1356 3946 1375 4011 l.
1392 3968 1417 4013 o.
1434 3969 1470 4028 p.
1488 3952 1528 4012 68
1544 3949 1613 4030 sq).
1648 3947 1717 4012 Hoc
1725 3953 1860 4028 pactum

234 4052 351 4117 Kuroli
372 4053 488 4135 Mepni
513 4074 574 4133 pro
596 4057 694 4133 perte
716 4052 842 4134 (Fonte
865 4051 884 4115 t.
905 4074 931 4116 e.
949 4074 985 4132 p.
1002 4053 1058 4133 92)
1086 4073 1124 4115 eu
1152 4049 1205 4114 ilio
1232 4055 1335 4114 ortum
1357 4056 1420 4129 est,
1453 4051 1537 4131 quod
1558 4051 1783 4132 Liutprundus
1803 4073 1860 4115 reu

236 4157 516 4238 Lurrpoturdorum
542 4178 614 4220 eum
635 4155 789 4220 Poulutio
816 4155 894 4219 duce
916 4154 1119 4219 Venetiorum
1147 4156 1236 4218 intro
1264 4175 1366 4219 onnes
1387 4157 1567 4221 114-718.
1593 4155 1712 4236 feceret
1733 4155 1860 4240 (Fonte

192 4283 218 4323 n
235 4259 255 4324 l.
272 4281 296 4324 e.
316 4283 351 4340 p.
368 4262 409 4325 85
424 4281 487 4341 sq.;
501 4283 537 4342 p.
553 4262 611 4338 89)
632 4265 662 4324 et
683 4261 719 4323 in
742 4281 791 4324 nr.
808 4262 880 4323 233.
897 4280 1019 4340 quoque
1034 4281 1058 4324 e.
1074 4261 1123 4323 26.
1140 4256 1304 4339 dteputur.
1343 4259 1431 4338 Quae
1452 4279 1523 4321 uero
1543 4258 1586 4320 sit
1607 4279 1732 4322 summo
1747 4263 1858 4338 paeto·

235 4384 307 4426 rum
335 4367 364 4427 et
390 4385 451 4444 pue
478 4364 566 4428 modo
585 4362 748 4443 puedutim
774 4368 898 4427 mutato
920 4363 998 4439 sint,
1026 4384 1065 4426 en
1086 4362 1166 4442 ipsis
1188 4366 1321 4442 apparet
1342 4366 1372 4424 et
1393 4361 1453 4440 eis,
1480 4382 1561 4442 quoe
1583 4362 1727 4444 exposuit
1749 4361 1860 4425 Fonte

234 4467 271 4530 in
291 4468 546 4531 commentatione
567 4487 658 4547 saepe
680 4466 823 4531 undam

342 4568 445 4633 Poeta
464 4569 537 4650 ipsa
554 4569 602 4633 ito
615 4571 785 4651 composito
799 4575 884 4647 sunt,
906 4575 944 4633 ut
952 4569 1059 4650 primo
1076 4569 1111 4631 in
1126 4590 1150 4630 c.
1168 4567 1258 4631 1-8.
1275 4566 1413 4630 uicissim
1428 4585 1484 4629 reu·
1498 4564 1544 4629 oet
1558 4567 1656 4630 oieiui
1674 4566 1859 4632 Venetorum

235 4673 275 4752 (e.
295 4678 321 4736 1.
340 4674 369 4738 2.
382 4674 418 4755 6)
444 4679 473 4736 et
501 4673 564 4756 ipsi
588 4672 696 4738 Veneti
722 4682 763 4755 (e.
786 4676 879 4737 3-5.
894 4676 922 4737 7.
940 4675 975 4753 8)
995 4671 1156 4753 promisse
1187 4676 1216 4734 et
1241 4669 1479 4735 constitutiones
1499 4669 1641 4750 fuciunt,
1674 4671 1786 4735 deiude
1811 4693 1857 4735 se-

192 4801 217 4842 n
234 4782 377 4857 quantur
398 4775 549 4858 capitulo,
571 4798 652 4859 puae
674 4783 825 4858 utresque
840 4782 953 4858 portes
974 4775 1106 4858 obtipent
1127 4777 1167 4854 (e.
1185 4776 1317 4850 9-23),
1339 4772 1471 4852 dudem
1493 4770 1559 4848 iliu,
1582 4793 1664 4852 quoe
1678 4775 1859 4854 apartibus

234 4881 316 4962 repis
340 4886 464 4944 stotutu
489 4885 566 4944 sunt
587 4883 627 4960 (c.
645 4883 791 4958 24-32;
823 4881 934 4945 Funto
956 4879 975 4943 l.
992 4901 1017 4946 e.
1034 4901 1071 4960 p.
1092 4883 1152 4944 104
1167 4879 1238 4959 sp).
1286 4877 1373 4958 Qrme
1395 4881 1501 4940 uum
1515 4877 1680 4956 portiones
1702 4877 1789 4942 troud
1811 4879 1859 4942 itu

234 4989 381 5048 accurate
408 4985 576 5048 distinctae
603 4990 688 5050 sunt.
733 4984 820 5048 Num
846 4985 882 5047 iu
903 5005 955 5061 eu,
988 5003 1070 5063 quoe
1092 4983 1200 5062 capito
1220 4982 1336 5045 9-23.
1360 4978 1603 5059 comprehendit,
1634 4981 1689 5045 ubi
1705 4981 1859 5064 pleraque

234 5087 359 5169 quidem
380 5091 453 5168 apte
468 5086 680 5168 personuiiter
702 5109 740 5152 eu
756 5108 895 5168 persono
916 5087 1016 5150 unius
1031 5085 1142 5166 portis
1162 5084 1249 5148 dictu
1264 5087 1435 5148 occurrunt
1449 5083 1638 5166 (statuimus
1656 5105 1681 5149 c.
1699 5087 1753 5162 11,·
1774 5087 1858 5171 parti

235 5198 343 5256 vestre
366 5193 468 5268 c.13;
494 5191 642 5277 partibus
666 5192 783 5256 vestris
806 5213 831 5254 c.
854 5191 919 5266 20),
943 5209 1045 5253 unum
1066 5193 1172 5252 autem
1194 5192 1291 5268 ceput
1313 5187 1470 5267 inteprum
1491 5186 1532 5267 (e.
1551 5188 1606 5269 17)
1627 5187 1781 5252 insertum
1803 5194 1857 5266 est,

191 5315 218 5355 so
233 5294 318 5376 quod
343 5315 445 5359 unum
474 5298 600 5357 modum
625 5299 751 5374 portem
780 5293 983 5374 eorustrinpot.
1028 5291 1118 5354 Inter
1145 5289 1254 5371 capito
1282 5309 1353 5354 vero
1375 5290 1514 5354 24-32.
1537 5309 1638 5353 unum
1667 5295 1712 5354 est
1734 5298 1774 5373 (e.
1792 5292 1857 5371 31),

112 5383 114 5388 ’
232 5398 317 5480 quod
345 5403 513 5478 utraurque
540 5403 666 5477 purtem
693 5397 811 5480 obticet.
860 5398 931 5478 eru
960 5395 997 5459 de
1026 5413 1126 5458 euuse
1154 5393 1320 5460 verisimile
1349 5398 1395 5458 est
1421 5391 1466 5457 od
1493 5391 1666 5474 eeunplum
1694 5400 1859 5459 curte-rum

232 5501 500 5578 commutationis,
529 5501 567 5564 de
593 5501 708 5582 quibus
734 5501 792 5581 cfr.
815 5500 984 5576 Brunuer,
1016 5497 1092 5563 Ro.
1120 5499 1151 5562 d.
1177 5498 1326 5566 Urkunde
1348 5499 1376 5561 I.
1399 5518 1435 5577 p.
1455 5502 1507 5575 19,
1535 5502 1705 5578 pactorum
1736 5521 1858 5582 quoque

233 5602 348 5685 duplet
374 5602 533 5684 exemptor
553 5605 726 5684 confectum
753 5626 830 5681 esse,
859 5623 925 5685 quo
947 5623 982 5665 re
1004 5602 1141 5666 dietuter
1162 5602 1198 5666 in
1220 5606 1317 5684 puoto
1338 5600 1507 5681 temnendo
1529 5600 1681 5666 inductus
1702 5607 1747 5666 est
1768 5604 1857 5668 modo

233 5707 327 5785 tunc,
349 5707 439 5772 modo
461 5705 551 5771 ilium
573 5707 723 5772 dicentem
745 5706 951 5772 introducere.

335 5833 373 5872 u..
391 5833 559 5898 eorummet
576 5835 602 5872 11.
1619 5813 1651 5866 17
