4634 6436
370 806 430 860 883.

452 448 513 510 142
727 444 847 499 Pauus
866 443 914 499 ΕΤ
934 444 1148 500 Pnsncnrus
1161 444 1348 500 VENETICA
1367 443 1517 514 [KAROLI
1534 443 1604 510 ΙΙΙ).
1623 473 1655 483 -
1673 444 1722 498 Νι.
1737 443 1797 498 231.

550 747 598 860 ln
630 794 760 859 nomine
792 799 903 858 sancte
936 800 970 858 et
1000 793 1165 859 individue
1189 792 1371 860 Trinitatis.
1418 793 1560 859 Karalus
1590 793 1699 857 divina
1727 792 1877 857 favente*
1901 793 2075 858 clementia

447 892 623 976 imperator
652 895 821 973 augustus.
930 900 1055 968 Dignum
1083 902 1138 964 est,
1170 903 1202 953 ut
1232 899 1370 954 celsitudo
1399 898 1566 968 imperialis,
1597 901 1735 967 quantum
1763 900 1871 952 ceteros
1898 897 2014 951 honoris
2042 915 2075 952 ac

447 987 598 1057 potestatis
630 977 766 1056 lastigieb
794 985 953 1051 antecellit,
986 989 1098 1040 tantum
1127 987 1212 1056 erga⁰
1240 1002 1335 1040 omnes
1366 985 1500 1055 pietatis⁰
1530 1003 1579 1040 sue
1608 1002 1708 1039 munus
1741 972 1922 1052 impendere‘l
1952 987 2074 1053 satagat.

447 1073 538 1143 lgitur
558 1072 683 1127 omnium
702 1071 827 1126 fidelium
849 1075 946 1127 sancte
962 1073 1014 1127 Dei
1036 1072 1137 1128 eclesie
1160 1070 1230 1137 [ac⁰l
1254 1075 1423 1138 nostrorum,
1446 1072 1619 1142 presentium
1643 1071 1735 1125 silicet
1757 1087 1790 1124 ac
1811 1071 1977 1136 tribunorum,
2001 1089 2073 1125 com·

447 1167 540 1237 periet
555 1166 729 1238 magnitudo,
753 1166 820 1235 quia
834 1156 975 1224 lohanes
988 1166 1187 1222 Veneticorum
1202 1157 1276 1221 duxt
1288 1184 1339 1237 per
1361 1158 1489 1244 legatos
1512 1179 1598 1238 suos,
1622 1157 1836 1221 Laurentium
1852 1157 2074 1222 venerabilem
2104 1188 2116 1226 a

446 1245 655 1338 episcopum1
680 1259 778 1336 atque
796 1252 953 1337 Vigilium
977 1273 1036 1317 seu
1059 1252 1206 1318 Leonem
1222 1253 1419 1333 Veneticos,
1449 1266 1575 1317 nostram
1598 1262 1765 1331 deprecatus
1789 1263 1832 1316 est
1855 1252 2075 1332 clementiam,

375 1417 378 1424 ‚
446 1360 479 1410 ut
501 1373 534 1410 ex
557 1356 640 1412 rebus
663 1356 706 1411 sui
728 1358 847 1411 ducatus
869 1369 1032 1433 quamque
1056 1355 1089 1412 et
1112 1369 1204 1413 suam
1221 1349 1463 1434 proprietatem,
1488 1370 1584 1433 quam
1601 1349 1634 1411 in
1648 1348 1793 1412 Venetia
1808 1347 1931 1413 habere
1948 1347 2076 1413 videtur

445 1442 497 1506 vel
520 1470 575 1521 que
597 1452 691 1506 infrn⁸
713 1452 851 1507 ditionem
873 1453 985 1522 imperii
1007 1453 1098 1507 nostri
1122 1444 1183 1507 site
1207 1465 1281 1508 csse
1304 1457 1471 1518 noscuntur,
1495 1444 1525 1508 ei
1548 1451 1768 1507 confirmationis
1792 1455 1888 1506 nostre
1911 1456 2074 1522 preceptum

445 1539 505 1592 lieri
524 1538 691 1605 iuberemus,
715 1557 766 1609 per
780 1540 857 1608 quod
871 1530 953 1609 ipseh
977 1532 1090 1615 suique
1107 1530 1247 1595 heredes
1270 1557 1303 1593 ac
1318 1540 1488 1609 patriarcha,
1511 1539 1667 1610 pontifices,
1692 1529 1831 1593 abbates
1851 1542 1938 1607 atque
1953 1540 2074 1609 populus

445 1624 499 1678 sibi
521 1625 663 1680 subiectus
686 1615 754 1679 οἱοὶί
776 1625 886 1680 debitas
914 1643 958 1680 res
985 1625 1091 1695 absque
1114 1625 1270 1696 cuiuspiam
1293 1626 1494 1682 contrarietate
1518 1615 1588 1680 seult
1610 1625 1801 1695 refragatione
1824 1625 1946 1680 retinere
1969 1626 2072 1694 quivis·
2092 1645 2118 1684 ιο

445 1714 520 1778 sant,
551 1712 786 1781 quemadmodum
812 1712 986 1782 temporibus
1014 1702 1118 1766 bisavi¹
1145 1712 1236 1767 nostri
1263 1712 1361 1767 Karoli
1389 1730 1440 1782 per
1465 1712 1609 1768 decretum
1635 1729 1698 1766 cum
1721 1711 1817 1766 Grecis
1845 1711 1984 1766 sancitum
2010 1730 2073 1782 pos-

445 1807 580 1862 siderunt.
624 1798 758 1864 Peciitm
788 1799 886 1863 etiam
917 1797 1140 1862 celsitudinem
1172 1804 1332 1879 nostram,
1360 1805 1411 1878 ut,
1444 1798 1477 1862 in
1504 1799 1762 1883 quibuscumque
1790 1798 1906 1883 patriis
1934 1819 1971 1862 ao
1997 1820 2073 1884 pro-

444 1901 556 1966 vintiis
583 1901 675 1986 regni
703 1901 803 1966 nostri
827 1902 990 1988 quispiam
1005 1901 1186 1966 Veneticae
1211 1907 1317 1984 esset,
1347 1923 1406 1966 sue
1429 1902 1585 1987 potestati
1614 1908 1761 1965 maneret
1785 1900 1952 1965 subiectus
1975 1907 2073 1986 atque

446 2006 534 2068 omni
549 2005 613 2070 fide
629 2005 682 2069 vel
698 2003 888 2070 obedientia
902 2005 1121 2071 submissusffl.
1145 2012 1230 2069 Cuius
1246 2014 1470 2084 peticionibus,
1487 2019 1520 2069 ut
1535 2014 1616 2069 nobis
1632 2013 1743 2068 celestis
1757 2013 1921 2084 suffragatio
1934 2014 2074 2084 copiosior

445 2100 527 2168 adsit,
551 2101 673 2156 libenter
695 2100 908 2171 adquiescentes
931 2101 982 2156 hos
1006 2100 1173 2156 excellentie
1195 2104 1291 2156 nostre
1314 2101 1408 2170 apices
1431 2101 1604 2156 decrevimus
1628 2101 1699 2166 heri,
1727 2118 1778 2170 per
1800 2101 1892 2169 quos¹¹
1915 2103 2072 2155 statuentes
2092 2121 2117 2158 ro

445 2195 634 2262 deceruimus,
667 2199 699 2250 ut
726 2207 821 2251 nemo
851 2209 894 2252 ex
921 2194 1033 2251 nostro
1063 2206 1164 2271 regno
1192 2187 1224 2250 in
1251 2186 1370 2250 tinibus
1395 2187 1543 2253 Civitatis
1567 2207 1652 2251 nove
1675 2185 1741 2249 voli
1764 2185 1925 2250 Milidise⁰
1948 2188 2017 2251 sive
2040 2187 2074 2251 in

445 2291 538 2370 villa,
568 2311 631 2376 que
655 2289 773 2355 dicitur
797 2289 904 2376 Caput
927 2291 1078 2374 Argaris,
1107 2290 1160 2354 vel
1187 2291 1220 2354 in
1248 2290 1366 2354 linibus
1394 2297 1493 2376 atque
1517 2289 1781 2376 possessionibus
1806 2289 1876 2354 eius
1899 2289 1951 2354 vel
1976 2290 2073 2354 etiam

445 2392 567 2474 vineis,
598 2393 711 2474 terris,
740 2394 858 2478 pratis,
886 2393 1034 2479 pascuis,
1066 2393 1157 2456 silvis
1186 2399 1283 2478 atque
1311 2393 1545 2478 piscationibus
1569 2394 1671 2479 ipsius
1701 2397 1757 2457 ant
1784 2392 1816 2454 in
1840 2392 1957 2456 ceteris
1979 2393 2073 2474 locis,

445 2498 564 2583 quibus
587 2497 621 2561 in
644 2487 763 2582 pacto²
786 2517 899 2560 eorum
922 2496 1113 2580 relegitur,
1137 2495 1188 2560 vel
1211 2496 1268 2560 ubi
1291 2496 1376 2560 infra
1399 2496 1554 2561 ditionem
1579 2496 1705 2582 imperii
1729 2495 1828 2559 nostri
1853 2496 2073 2581 proprietates

445 2599 565 2666 habere
586 2599 748 2680 videntur,
772 2599 913 2684 aliquam
937 2600 1146 2664 venationem
1169 2606 1226 2664 aut
1249 2600 1494 2685 pabulationem
1518 2606 1682 2680 exerceat,
1705 2598 1793 2662 nude
1817 2599 1967 2664 homines
1992 2601 2073 2678 eius,
2091 2627 2118 2666 oo

444 2705 498 2790 qui
522 2705 554 2768 in
577 2726 617 2769 eo
641 2704 765 2769 ambitu
789 2703 1105 2784 circuminhabitant‚
1129 2705 1273 2788 aliquam
1297 2705 1480 2768 sustineant
1503 2703 1767 2768 molestationem
1782 2703 1992 2783 vellendam,
2015 2702 2074 2767 sed

444 2808 602 2873 securiter
630 2813 728 2894 atque
757 2809 790 2872 in
818 2828 898 2893 pace
926 2808 971 2872 ibi
994 2808 1105 2873 vivere
1130 2815 1266 2892 queant3
1300 2809 1398 2873 immo
1422 2830 1483 2894 per
1509 2807 1582 2872 loca
1610 2814 1642 2871 et
1665 2808 1798 2872 flumina
1821 2814 1939 2873 cuncto
1962 2813 2073 2872 nostro

447 2911 481 2974 in
503 2932 606 2996 regno
630 2911 732 2976 libere
757 2932 816 2976 sua
838 2917 1000 2997 peragant
1021 2902 1185 2996 negotia3,
1207 2912 1254 2975 ita
1275 2918 1386 2977 tamen
1402 2918 1438 2976 nt
1460 2913 1584 2977 nullum
1601 2932 1778 2998 gravamen
1794 2912 1915 2976 sentiat
1932 2912 2073 2997 populus

446 3014 528 3094 eius,
552 3014 626 3096 nisi,
649 3013 748 3099 quodi
771 3034 891 3099 equum
915 3019 981 3095 est,
1009 3013 1201 3079 tantumodo
1225 3014 1389 3080 telonaria
1412 3020 1446 3080 et
1467 3016 1607 3102 ripatico
1630 3016 1746 3080 solvat.
1788 3012 1873 3078 Nam
1897 3034 1974 3079 vero
1999 3034 2073 3099 pre-

445 3118 551 3182 dictus
575 3117 643 3182 dux
667 3118 781 3204 suique
804 3117 942 3182 heredes
965 3118 1054 3183 nullo
1080 3119 1113 3182 in
1135 3119 1209 3183 loco
1233 3120 1422 3205 persolvant
1443 3119 1484 3184 de
1508 3139 1711 3204 quacumque
1735 3139 1787 3197 re,
1812 3117 1870 3182 sed
1896 3139 1938 3182 ex
1962 3124 2073 3182 nostra
2092 3143 2116 3184 ao

444 3222 597 3306 largitate
620 3221 730 3306 quieto
755 3241 844 3286 more
868 3221 988 3307 ubique
1013 3242 1072 3286 sua
1094 3221 1275 3306 perficiant.
1324 3221 1505 3286 Statuimus
1529 3222 1643 3302 etiam,
1666 3226 1702 3285 ut
1724 3231 1838 3284 nullusq
1860 3230 1889 3285 in
1913 3231 2072 3297 muttonis,

444 3325 514 3381 locis
542 3325 730 3396 peculiaribus
756 3329 808 3380 aut
834 3325 971 3392 ecclesiis,
1001 3324 1130 3380 domibus
1159 3342 1208 3380 seu
1230 3325 1312 3380 rebus
1335 3330 1365 3381 et
1391 3326 1506 3396 reliquis
1529 3325 1753 3396 possessionibus
1775 3326 1932 3396 presignati
1954 3327 2073 3382 ducatus

445 3432 483 3474 ac
511 3421 587 3476 sua*
610 3412 827 3497 proprietate,
856 3432 953 3496 quam
981 3412 1014 3474 in
1031 3410 1171 3476 Venetia
1194 3411 1341 3477 obtinere
1366 3412 1495 3477 videtur
1518 3413 1569 3477 vel
1593 3439 1647 3490 que
1670 3421 1744 3475 iufra
1766 3424 1939 3491 potestatem
1960 3421 2073 3491 imperii

445 3516 534 3570 nostri
551 3515 606 3570 sita
623 3533 682 3570 esse
698 3520 859 3582 noscuntur,
876 3516 1002 3585 iniquam
1014 3515 1142 3586 ingerere
1154 3517 1316 3585 presumat⁸
1328 3516 1562 3586 inquietudinem,
1578 3515 1825 3572 diminorationem
1838 3507 1907 3572 seu*
1920 3518 2070 3572 calumnio-

445 3620 504 3656 sam
520 3602 771 3658 contradictionem
794 3607 844 3658 aut
867 3601 1088 3657 subtractionem
1111 3602 1275 3668 nefandam
1306 3603 1355 3657 sed
1377 3603 1463 3657 liceat
1485 3620 1532 3657 eas
1548 3604 1658 3674 prefato
1675 3603 1739 3657 duci
1761 3615 1799 3659 ac
1821 3603 1990 3672 patriarche,
2014 3605 2070 3674 epi·
2090 3624 2116 3662 so

445 3689 544 3758 scopis,
569 3679 742 3744 abbatibus
765 3681 818 3745 vel
841 3690 946 3760 populo
970 3689 1022 3742 sihi
1047 3689 1173 3743 subiecto
1201 3706 1249 3742 seu
1273 3689 1479 3744 successoribus
1502 3707 1598 3744 corum
1621 3706 1654 3743 ac
1676 3689 1826 3744 heredibus
1849 3690 1944 3759 quiete
1967 3690 2073 3759 absque

445 3775 609 3844 cuiusquam
632 3776 796 3830 insultantis
819 3775 1028 3830 machinatione
1050 3779 1102 3830 aut
1123 3775 1238 3830 sinistra
1255 3776 1401 3846 quippiam
1424 3776 1659 3847 tergiversatione
1678 3775 1739 3830 iure
1755 3776 1912 3846 gubernare
1929 3779 1958 3831 et
1972 3777 2071 3846 guber-

444 3863 547 3928 nando,
571 3865 656 3931 prout
677 3861 811 3931 liquidius
834 3862 864 3916 in
886 3862 1049 3932 presignato
1065 3861 1178 3916 decreto
1194 3862 1364 3928 continetur,
1386 3863 1518 3932 legaliter
1537 3862 1689 3932 possidere.
1735 3852 1966 3918 (innotescimus
1990 3875 2071 3939 quo·

445 3967 508 4032 qne
543 3954 655 4011 sancte
689 3948 940 4033 metropolitane
974 3949 1044 4012 eius
1075 3949 1216 4012 ecclesie
1244 3949 1296 4012 vel
1328 3948 1570 4034 episcopatibus
1603 3948 1665 4012 sibi
1697 3949 1870 4013 subiectist
1899 3955 1999 4034 atquc
2023 3949 2071 4014 et¹

445 4053 714 4115 nronasteriorum
744 4052 888 4117 cenobiis
920 4051 1078 4116 iustitiam
1108 4051 1335 4136 requirendam
1364 4051 1405 4117 de
1435 4053 1502 4116 suis
1530 4050 1629 4115 rebus
1657 4051 1690 4113 in
1714 4072 1817 4115 annos
1840 4052 1981 4136 legales,
2014 4075 2067 4117 se·
2087 4078 2113 4118 rr

445 4153 585 4218 cundum
602 4153 688 4239 quod
705 4153 881 4219 Ravennas
898 4154 999 4220 habet
1016 4145 1186 4220 eoolooiu‘t
1224 4155 1312 4220 Sedu
1333 4155 1395 4220 hoc
1416 4155 1641 4220 constituimus
1659 4160 1757 4239 atque
1772 4176 1831 4241 per
1846 4155 1907 4220 hoo
1923 4165 2070 4220 nostrum

444 4263 636 4342 preceptum
665 4277 854 4321 mansurum
884 4257 1126 4338 confirmamus,
1155 4264 1204 4336 nt,
1234 4258 1268 4321 in
1290 4278 1496 4343 quacumque
1525 4257 1630 4342 patria
1658 4259 1752 4341 regni
1783 4260 1886 4323 nostri
1917 4259 2071 4344 quislibet

445 4359 679 4424 Veneticorum
694 4359 804 4441 fuerit,
821 4361 891 4424 eius
908 4361 949 4424 sit
964 4365 1128 4446 potestate
1143 4358 1386 4444 distringendus
1402 4361 1538 4446 eiusque
1554 4381 1613 4446 per
1629 4361 1736 4425 omnia
1752 4357 1916 4448 [debeor]
1935 4361 2070 4427 obedire

444 4463 627 4549 preceptis,
656 4462 738 4528 adeo
761 4470 798 4528 ut
825 4465 915 4528 nulla
942 4463 1045 4528 maior
1066 4462 1119 4527 vcl
1142 4464 1246 4527 minor
1268 4484 1409 4549 persona
1432 4471 1547 4529 contra
1570 4485 1644 4528 eum
1668 4465 1856 4550 quempiam
1873 4464 2069 4529 Veneticum

444 4565 622 4630 defendere
657 4572 854 4652 presumas.
908 4566 1128 4652 Adiungimus
1161 4568 1248 4632 inter
1281 4567 1342 4632 hec
1376 4589 1434 4654 pro
1469 4588 1577 4632 amore
1609 4567 1674 4632 Dei
1711 4569 1957 4654 omnipotentis,
1992 4571 2112 4654 quiaso

443 4670 604 4734 nefarium
633 4672 754 4735 malum
783 4677 835 4735 est
862 4671 1028 4736 alicuiusw
1052 4671 1237 4736 interlicere
1265 4672 1429 4737 seniorem
1452 4677 1510 4737 aut
1531 4670 1669 4736 ducatus
1701 4672 1750 4735 sui
1774 4672 1892 4757 privari
1915 4672 2069 4754 honore¹,

546 4894 573 4960 a)
591 4896 695 4947 iuvante
713 4893 739 4947 2.
814 4894 842 4960 h)
862 4895 993 4962 fastigium
1011 4895 1035 4948 1.
1111 4894 1136 4962 ο)
1155 4913 1217 4964 erga
1234 4899 1319 4948 Deum
1339 4897 1468 4964 sospitatis
1485 4895 1511 4951 2.
1584 4897 1611 4963 d)
1629 4898 1772 4965 impensare
1792 4897 1815 4949 1.
1885 4897 1909 4962 e)
1927 4915 1976 4949 om.
1994 4899 2069 4950 codd.

444 4980 468 5047 1)
487 4998 517 5034 nc
535 4983 681 5049 spatharius
699 4983 761 5034 add.
780 4982 871 5035 Praec.
890 4982 977 5033 Hlnd.
1055 4982 1083 5050 g)
1102 4984 1169 5036 intra
1189 4983 1212 5035 1.
1290 4983 1318 5048 1ι)
1336 4985 1384 5051 ipsi
1402 4982 1426 5034 2.
1500 4982 1520 5048 i)
1538 5001 1586 5034 ovo.
1605 4981 1630 5034 2.
1704 4985 1732 5049 k)
1750 5001 1778 5035 so
1796 4982 1821 5036 2.
1896 4984 1915 5048 l)
1934 4986 2025 5037 bisavii
2043 4983 2069 5038 2.

443 5067 479 5133 m)
498 5069 578 5120 Paciit
655 5070 799 5121 submissus
817 5086 864 5120 om.
879 5067 902 5120 1.
973 5067 1001 5132 ιι)
1019 5085 1085 5134 quas
1099 5068 1123 5122 l.
1192 5067 1217 5134 ο)
1235 5071 1375 5120 Milidissce
1392 5067 1417 5121 2.
1488 5068 1663 5138 pllegiturss.
1727 5069 1754 5135 q)
1772 5067 1880 5122 ιιιι11ο2.
1944 5071 1967 5135 r)
1986 5070 2069 5122 sue2.

443 5155 466 5220 s)
485 5164 634 5222 presumant
651 5153 676 5208 2.
772 5155 794 5221 t)
817 5157 948 5207 subiectus
967 5153 990 5206 1.
1088 5156 1116 5220 ιι)
1136 5158 1185 5208 Sed
1263 5166 1392 5224 prasumat
1416 5175 1465 5210 om.
1485 5156 1507 5208 l.
1595 5156 1623 5221 v)
1647 5174 1696 5208 οοι.
1715 5154 1746 5218 2,·
1771 5158 1855 5224 sappi.
1878 5173 1909 5207 aa
1927 5156 2068 5224 staecepto
2086 5176 2111 5216 45

449 5241 574 5306 Widoais,
591 5243 667 5309 iqfro
683 5259 725 5294 ar.
737 5239 796 5293 239.
884 5243 919 5305 ιι)
938 5242 1017 5294 alicui
1035 5259 1112 5294 suum
1129 5241 1153 5295 2.
1242 5242 1270 5309 x)
1289 5245 1413 5296 honorem
1429 5243 1454 5296 2.

548 5437 573 5503 1)
592 5434 697 5490 Oratelli
711 5435 813 5491 Oliuoli.
889 5435 918 5504 2)
938 5435 1032 5504 Supra
1045 5453 1076 5506 p.
1088 5437 1139 5491 138
1151 5437 1234 5506 odim
1250 5438 1300 5504 cfr.
1315 5436 1410 5492 Foeta
1428 5437 1445 5494 l.
1457 5455 1478 5492 c.
1494 5455 1522 5507 p.
1535 5439 1576 5494 69.
1652 5437 1680 5508 3)
1700 5438 1757 5503 Osr.
1775 5454 1861 5507 aqna
1873 5455 1903 5507 p.
1917 5440 1976 5507 140,
1994 5456 2017 5494 c.
2028 5439 2070 5495 11.

441 5537 469 5604 4)
484 5536 610 5594 Romana
622 5539 781 5594 ecclesiates
791 5539 882 5592 Proca.
894 5538 1011 5607 Rrvdolfi,
1028 5540 1105 5606 infra
1121 5558 1165 5596 ar.
1174 5542 1240 5609 240,-
1256 5542 1305 5608 cfr.
1318 5542 1385 5597 Noc.
1396 5542 1454 5597 111.
1465 5543 1523 5611 131,
1538 5544 1587 5597 cd
1602 5541 1858 5612 (Gerasenos-uod.
1868 5543 2001 5612 Kriegeliv'
2011 5543 2070 5611 111,

437 5658 467 5710 p.
480 5643 538 5697 480.
549 5643 627 5712 594),·
654 5643 720 5696 Nor.
734 5644 750 5696 9
767 5643 801 5709 (l.
817 5659 838 5697 c.
853 5659 881 5711 p.
894 5644 956 5712 81),·
983 5641 1017 5698 L.
1029 5643 1072 5697 23.
1092 5643 1154 5698 Uod.
1173 5643 1216 5698 De
1232 5660 1267 5700 as.
1284 5645 1370 5700 eccla.
1382 5645 1436 5712 I,2
1454 5643 1545 5713 (Gom.
1562 5646 1615 5699 iar.
1633 5646 1679 5698 civ.
1698 5643 1736 5700 od.
1749 5645 1897 5699 Mommsen
1913 5645 2068 5714 etKruoger

442 5747 483 5814 Π,
495 5748 599 5817 p.1o)‚·
621 5745 702 5802 saon
722 5747 797 5818 ριιαο
814 5747 931 5801 damnes
947 5745 984 5800 ad
1000 5747 1034 5801 L.
1047 5748 1089 5802 23.
1113 5747 1175 5802 ch.
1193 5750 1237 5804 cit.
1256 5747 1284 5818 (t.
1297 5767 1317 5805 c.
1332 5767 1362 5818 p.
1376 5752 1447 5820 510).
2087 5763 2113 5806 ιο
