4590 6420
510 437 756 494 carmennum
775 439 904 495 REGUM
924 441 1108 497 russelun
1128 442 1388 498 OCCIDENTAhlS
1408 442 1593 512 (BOSONlS).
1614 473 1645 482 -
1665 445 1712 498 Νι.
1725 445 1784 498 284.
1893 448 1955 511 36Ἱ

333 635 391 699 ρει·
414 613 554 678 divinam
578 614 716 697 gratiam
740 614 896 700 praelatis
921 621 954 680 et
976 614 1128 695 subditis,
1153 616 1377 681 sacerdotibus
1402 623 1435 682 ct
1459 617 1522 682 illis
1547 619 1727 684 commissis
1750 621 1954 704 primatibus,
1973 630 2030 682 879.

333 717 409 782 dum
434 720 481 783 eis
506 720 730 782 auctoritatem
761 720 985 804 evangelicam
1018 727 1052 785 et
1082 722 1294 806 apostolicam
1325 742 1397 786 cum
1426 722 1512 786 iusta
1540 722 1614 806 lege
1647 723 1789 788 humana
1818 747 1953 790 consen-

334 823 440 888 seritis
467 829 499 887 et
522 822 791 900 observaveritis,
824 829 859 886 ut
885 844 944 908 per
976 825 1083 888 omnia
1113 832 1146 890 ct
1175 825 1207 888 in
1235 826 1382 890 omnibus
1415 824 1628 890 benedicatur
1650 825 1751 892 Deus.
1796 827 1954 894 Precatur

333 928 433 991 etiam
457 925 671 991 sacerdotalis
701 931 734 991 et
764 927 886 992 laicalis
911 928 1070 1010 fidelitas,
1102 935 1138 994 ut
1167 931 1266 995 iaciat
1296 935 1405 996 vestra
1435 929 1607 1016 prudentia
1636 951 1898 1018 unumquemque
1922 935 1954 998 in

302 1035 443 1100 svestra
466 1029 562 1096 domo
586 1051 680 1095 suum
706 1051 763 1096 vas
786 1031 956 1116 possidere
979 1033 1013 1097 in
1037 1034 1295 1100 sanctificatione
1320 1033 1510 1099 ethonore.

611 1239 686 1322 (B.)
720 1240 908 1305 Boeonis¹¹
930 1243 1036 1325 repis
1057 1242 1170 1308 electi
1192 1242 1240 1306 ud
1261 1242 1442 1326 synodum
1464 1243 1673 1322 responsio.

440 1381 685 1445 Sacratissimae
711 1378 835 1464 synodo
859 1386 892 1445 et
909 1382 1034 1445 cunctis
1051 1381 1245 1466 primoribus
1270 1381 1389 1446 nostris
1412 1379 1563 1445 fidelibus
1587 1379 1716 1445 humilis
1734 1379 1855 1445 Christi
1880 1402 1951 1445 vcr-

333 1484 467 1547 naeulus
498 1483 594 1547 Boso.
641 1483 784 1573 Primum
808 1489 938 1548 vestrae
970 1484 1209 1550 sincerissimae
1242 1484 1406 1549 devotioni
1429 1486 1607 1570 gratiarum
1631 1485 1777 1548 actiones
1801 1483 1895 1548 corde
1921 1491 1954 1548 et

331 1610 386 1652 ore
410 1587 565 1673 rependo,
596 1587 680 1672 quod
714 1589 791 1652 licet
823 1588 983 1652 immerito
1008 1588 1077 1652 sola
1100 1595 1211 1654 vostra
1233 1588 1462 1653 benevolentia
1485 1610 1545 1674 per
1567 1587 1865 1653 incommutabilem
1890 1587 1954 1652 Dei

289 1723 313 1760 ro
331 1694 468 1777 gratiam
493 1693 642 1778 amplecti
668 1715 719 1758 rne
743 1694 925 1758 visceribus
950 1695 1067 1758 vestris
1096 1693 1137 1758 ad
1160 1693 1317 1780 liquidum
1342 1693 1523 1779 comperi03
1556 1693 1678 1778 paritor
1701 1713 1844 1778 quoquc,
1869 1691 1952 1777 quod

330 1797 439 1861 fervor
467 1803 594 1862 vestrae
626 1798 767 1862 caritatis
795 1797 836 1862 ad
866 1797 898 1862 id
928 1798 1068 1862 officium
1100 1819 1151 1861 me
1173 1799 1357 1883 promoveri
1381 1797 1537 1862 divinitus
1561 1803 1670 1883 optat,
1703 1803 1739 1861 ut
1772 1817 1845 1860 mea
1876 1819 1951 1882 par-

331 1902 413 1964 vitas
431 1903 525 1966 matri
543 1924 648 1982 meae,
673 1924 755 1988 quae
773 1903 911 1967 eeclesia
927 1902 990 1966 Dei
1008 1903 1070 1966 vivi
1096 1909 1156 1982 est,
1180 1902 1220 1967 ob
1236 1901 1453 1966 immortalem
1469 1902 1765 1966 remunerationem
1781 1899 1951 1965 decertare

330 2004 449 2068 valeat.
495 2003 566 2090 Ego
590 2013 700 2072 autem
718 2007 866 2072 conscius
883 2027 975 2070 meae
992 2005 1185 2070 conditionis
1209 2011 1242 2070 et
1258 2005 1405 2091 figmenti
1421 2005 1546 2090 fragilis
1563 2006 1720 2090 imparem
1738 2026 1789 2069 me
1807 2004 1952 2068 iudicans

330 2112 419 2172 tanto
442 2111 574 2194 negotio
598 2111 789 2176 omnimodis
818 2109 1022 2189 abnuissem,
1053 2111 1115 2174 nisi
1146 2131 1203 2195 per
1225 2110 1288 2174 Dei
1315 2116 1430 2174 nutum
1457 2109 1549 2175 vobis
1579 2130 1633 2173 eor
1661 2130 1760 2173 unum
1785 2108 1894 2172 datum
1919 2117 1952 2173 ct

287 2211 471 2278 inanimam
507 2235 603 2278 unam
640 2215 672 2277 iu
706 2237 804 2279 unum
840 2234 1035 2278 consensum
1072 2213 1297 2278 advertissem.
1361 2212 1589 2278 Obediendum
1624 2214 1733 2298 itaque
1768 2235 1825 2299 ριο
1861 2220 1950 2276 certo

329 2337 531 2402 cognoscens
561 2319 725 2404 inspiratis
749 2342 767 2382 a
790 2318 863 2384 Deo
895 2325 961 2382 tarn
986 2318 1212 2382 sacerdotibus
1242 2339 1339 2403 quam
1368 2317 1485 2380 nostris
1515 2318 1626 2381 amieis
1658 2325 1691 2381 et
1713 2315 1863 2381 fidelibus
1887 2339 1950 2381 non

328 2422 469 2488 reluctor
493 2445 552 2487 nec
576 2423 681 2488 audeo
707 2426 822 2488 vestris
846 2422 1055 2488 iussionibus.
1102 2422 1195 2496 euno
1221 2443 1297 2486 vero
1322 2421 1518 2506 requisistis,
1550 2422 1680 2506 qualem
1713 2443 1764 2485 me
1792 2422 1951 2506 praebere

328 2527 445 2590 vellem
469 2527 499 2589 iu
526 2526 757 2592 committendo
781 2549 838 2613 ρει
854 2528 916 2592 Dei
942 2526 1195 2590 misericordiam
1219 2528 1252 2589 in
1275 2526 1433 2610 regimine
1456 2524 1576 2602 futuro,
1600 2532 1633 2590 ct
1648 2526 1743 2589 simul
1761 2525 1951 2589 ostendistis

328 2651 474 2693 normam
499 2636 532 2694 et
554 2630 755 2695 instruxistis
780 2631 934 2716 dogmate
958 2651 1067 2708 sacro,
1097 2629 1310 2694 libentissime
1339 2630 1491 2714 suscipio.
1541 2629 1734 2715 Ampleetor
1758 2629 1951 2693 catholicam

284 2758 310 2798 ro
328 2733 434 2815 fidem,
460 2735 491 2797 iu
515 2755 579 2819 qua
603 2741 635 2797 ct
652 2736 790 2798 nutritus
815 2757 894 2813 sum,
919 2754 1015 2820 quam
1033 2734 1206 2819 purissimo
1224 2732 1320 2798 corde
1337 2739 1445 2813 teneo,
1470 2754 1525 2797 ore
1542 2733 1748 2797 veracissimo
1766 2733 1951 2817 pronuntio,

327 2860 385 2925 pro
410 2860 474 2923 qua
497 2844 629 2924 paratus
654 2860 724 2904 sum
747 2839 889 2924 impendi
919 2845 952 2902 et
975 2838 1232 2924 superimpendi,
1262 2839 1289 2901 si
1319 2838 1365 2901 sic
1392 2837 1553 2923 placuerit
1576 2837 1705 2902 domino
1729 2836 1801 2902 Deo
1826 2845 1949 2901 nostro.

328 2942 550 3006 Ecclesiarum
575 2932 900 3030 privilegia'iuvanto
924 2943 1054 3007 domino
1078 2949 1189 3008 nostro
1214 2943 1290 3007 Iesu
1315 2941 1444 3006 Christo
1467 2948 1653 3006 restaurare
1678 2949 1711 3004 et
1734 2953 1952 3006 conservare⁰

327 3069 386 3134 per
409 3054 551 3112 vestrum
576 3069 745 3113 commuue
771 3048 937 3112 consilium
963 3050 1095 3112 curabo.
1141 3047 1310 3125 Omnibus,
1335 3054 1371 3111 ut
1394 3046 1573 3122 monuistis,
1597 3046 1714 3130 legem,
1737 3046 1893 3110 iustitiam
1918 3052 1951 3110 et

328 3158 452 3217 rectum
477 3152 712 3237 mamburgium
743 3153 922 3217 auxiliante
951 3151 1023 3216 Deo
1053 3150 1251 3215 conservabo
1281 3156 1314 3215 ct
1340 3148 1529 3234 impendere
1554 3149 1691 3222 curabo;
1721 3169 1785 3234 quo
1810 3171 1950 3234 sequens

283 3278 308 3318 rs
328 3255 590 3341 praecedentium
620 3257 777 3320 bonorum
806 3255 988 3340 principum
1013 3254 1152 3339 vestigia
1181 3260 1246 3317 tam
1270 3255 1371 3319 sacris
1395 3253 1563 3317 ordinibus
1593 3273 1689 3336 quam
1713 3254 1807 3318 vobis
1832 3255 1950 3318 nostris

327 3359 478 3424 fidelibus
496 3361 664 3424 consulere
682 3364 802 3423 certem
820 3359 1018 3444 aequitatem
1037 3357 1207 3423 servando.
1244 3357 1295 3422 De
1311 3357 1455 3422 moribus
1473 3357 1565 3438 meis,
1582 3358 1658 3422 licet
1676 3379 1727 3422 me
1744 3366 1950 3444 peccatorem

327 3483 406 3548 prae
434 3463 584 3528 omnibus
614 3463 728 3542 sciam,
760 3463 961 3527 voluntatem
991 3483 1097 3527 meam
1131 3463 1214 3526 hanc
1244 3484 1318 3527 esse
1347 3463 1509 3527 veraciter
1537 3483 1665 3540 assero,
1694 3469 1730 3526 ut
1757 3484 1816 3548 per
1845 3464 1952 3527 omnia

327 3567 523 3651 morigerum
547 3567 702 3632 bonerum
728 3569 816 3632 etin
841 3566 929 3630 nullo
960 3567 1121 3630 malorum
1146 3566 1329 3640 ostendam;
1362 3567 1388 3629 si
1412 3572 1538 3643 autem,
1569 3567 1722 3649 quoniam
1750 3565 1845 3630 homo
1869 3589 1951 3646 sum,

328 3677 440 3734 contra
470 3671 647 3755 quemlibet
676 3671 784 3735 animo
813 3691 1000 3749 excessero,
1039 3669 1217 3734 secundum
1247 3676 1390 3734 vestrum
1427 3670 1596 3734 consilium
1626 3672 1788 3755 corrigere
1819 3672 1950 3735 curabo.

282 3790 308 3829 ³⁰
327 3775 364 3838 In
388 3796 451 3860 quo
474 3796 589 3860 precor
611 3781 806 3851 reverenter,
830 3780 881 3852 ut,
910 3773 995 3860 quod
1018 3775 1134 3839 iustius
1159 3780 1192 3837 et
1214 3773 1440 3839 rationabilius
1465 3775 1670 3854 inveneritis,
1705 3775 1783 3838 mihi
1808 3795 1950 3860 congrue

326 3901 384 3965 pro
415 3888 559 3964 tempore
588 3885 621 3943 et
647 3879 718 3942 loco
749 3885 964 3964 suggerentes
995 3899 1052 3942 vos
1088 3880 1177 3963 ipsos
1206 3878 1237 3940 iu
1269 3898 1320 3940 me
1357 3877 1538 3958 honoretis,
1575 3880 1725 3963 quoniam
1757 3887 1791 3943 et
1819 3899 1895 3963 ego,
1925 3880 1951 3941 si

326 3985 397 4068 quis
424 3989 568 4047 vestrum
601 3983 635 4046 in
668 4003 720 4046 me
744 3981 933 4068 deliquerit,
968 3982 1230 4047 emendationem
1261 3981 1498 4046 rationabiliter
1527 3981 1728 4047 accessibilis
1756 3983 1861 4047 lactus
1892 4005 1951 4046 ex-

326 4088 474 4172 pectabo.
524 4085 756 4171 Evangelioam
786 4093 819 4151 et
847 4086 1058 4171 apostolicam
1089 4086 1316 4151 auctoritatem
1346 4107 1419 4149 cum
1440 4085 1527 4150 iusta
1555 4085 1628 4170 lege
1652 4107 1771 4171 sequar
1798 4087 1949 4166 humana,

326 4200 362 4256 ut
385 4193 456 4277 ipso
481 4189 642 4277 praeduce
668 4191 840 4256 etcomite
864 4190 1055 4275 peremnia
1084 4197 1117 4254 et
1146 4191 1178 4253 in
1210 4189 1360 4253 omnibus
1393 4188 1605 4253 benedicatur
1628 4188 1731 4253 Deus.
1776 4189 1828 4254 De
1853 4189 1949 4256 domo

283 4318 307 4356 n
327 4303 449 4376 nostra,
475 4296 558 4359 sieut
581 4316 633 4360 me
657 4294 845 4372 monuistis,
874 4295 949 4379 quia
972 4294 1065 4359 Deus
1087 4296 1119 4358 iu
1144 4295 1265 4358 sanctis
1289 4293 1433 4372 habitat,
1467 4291 1720 4358 sollicitudinem
1748 4292 1949 4366 adhibebol;

327 4407 362 4464 ut
384 4399 541 4464 decenter
564 4400 700 4483 quisque
723 4398 861 4476 incedat,
887 4397 1122 4462 studiosissime
1138 4397 1332 4484 procurabo.
1377 4395 1491 4480 Igitur,
1515 4395 1634 4460 domiui
1650 4397 1724 4475 mei,
1749 4399 1950 4463 sacrosancti

326 4505 508 4590 pontifices,
533 4503 692 4568 ecclesiae
717 4505 834 4568 summi
850 4503 913 4567 Dei
929 4503 1028 4566 nostri
1052 4502 1232 4588 praesules,
1256 4509 1291 4567 et
1315 4521 1369 4564 vos
1387 4520 1500 4564 omnes
1516 4501 1619 4564 nostri
1643 4500 1769 4580 fideles,
1792 4502 1948 4588 primates

326 4616 360 4674 et
382 4609 615 4694 supprimates,
647 4607 788 4672 confisus
813 4607 852 4672 de
875 4607 939 4672 Dei
963 4607 1069 4692 gratia
1092 4613 1125 4671 et
1149 4606 1269 4670 auxilio
1294 4626 1353 4690 per
1376 4611 1562 4670 sanctorum
1587 4606 1657 4669 eius
1683 4606 1850 4692 suffragia,
1875 4608 1949 4692 quia

325 4714 444 4778 vestris
469 4712 667 4776 iussionibus
697 4712 809 4792 faveo,
833 4732 949 4798 precor
972 4733 1030 4776 vos
1061 4718 1095 4776 et
1118 4711 1269 4789 obsecro,
1304 4717 1340 4773 ut
1372 4730 1430 4795 per
1458 4709 1563 4794 ipsum
1593 4714 1626 4773 et
1654 4729 1726 4772 eum
1755 4711 1856 4797 ipso⁰,
1883 4717 1948 4774 tam

282 4836 309 4876 ro
327 4818 389 4903 piis
413 4816 583 4902 adipsum
607 4816 854 4895 interventibus,
877 4817 910 4880 in
934 4822 1024 4881 tento
1050 4815 1218 4880 subeundo
1241 4815 1354 4881 labere
1377 4835 1484 4880 meam
1508 4816 1738 4880 necessitatem
1762 4822 1796 4880 et
1819 4817 1948 4892 humili-

326 4929 426 4988 tatem
450 4921 578 5002 iuvetis,
602 4941 699 5005 quam
724 4920 840 4986 etiams
861 4922 1012 4985 humanis
1035 4920 1240 4985 adminiculis
1264 4927 1297 4984 et
1320 4918 1450 4984 auxiliis
1474 4939 1651 5004 proposse
1675 4919 1846 5004 suffragari
1870 4920 1948 4985 mihi

325 5027 469 5092 certetis.
514 5023 639 5099 Quodsi
667 5025 718 5088 eui
747 5024 898 5109 displicet
926 5031 960 5089 et
988 5025 1083 5090 aliter
1106 5025 1212 5090 animo
1236 5031 1340 5102 tenet,
1372 5042 1494 5108 quaeso
1523 5027 1675 5107 patenter
1701 5021 1823 5102 edicat,
1857 5032 1947 5089 etse

326 5131 493 5194 nobiscum
522 5130 555 5192 in
584 5127 673 5192 nullo
703 5125 855 5212 decipiat.
907 5127 1074 5212 Simulque
1096 5148 1215 5214 precor
1237 5147 1295 5213 per
1318 5127 1503 5204 caritatem,
1529 5147 1593 5212 qua
1614 5125 1764 5206 fervetis,
1800 5132 1836 5191 ut
1859 5149 1946 5192 eom-

326 5235 416 5298 muni
445 5234 593 5297 faventes
623 5232 754 5296 utilitati
786 5229 944 5295 triduanis
977 5231 1154 5296 solenniter
1184 5230 1337 5316 precibus
1368 5228 1533 5294 dominum
1562 5229 1671 5295 Deum
1700 5237 1846 5296 nostrum
1875 5254 1948 5298 cum

283 5361 308 5400 n
328 5337 478 5423 plebibus
501 5336 594 5400 vobis
618 5336 799 5400 commissis
823 5335 982 5414 exoretis,
1005 5341 1040 5399 ut
1063 5340 1195 5420 propter
1218 5338 1355 5419 peecata
1383 5353 1456 5398 mea
1478 5334 1531 5397 vel
1559 5333 1729 5398 levitatem
1759 5356 1866 5400 meam
1889 5358 1947 5401 vos

326 5449 383 5507 eut
411 5463 463 5506 me
491 5441 532 5506 ad
562 5440 786 5525 deceptionem
816 5440 926 5526 populi
956 5441 1005 5505 sui
1034 5459 1240 5525 nequaquam
1264 5458 1374 5502 errare
1403 5437 1583 5522 permittat,
1615 5435 1672 5502 sed
1701 5459 1793 5503 suam
1821 5462 1863 5505 ex
1886 5441 1948 5506 hoc

326 5548 528 5617 voluntatem
553 5545 805 5610 misericorditer
828 5545 989 5611 ostendat.

429 5739 453 5802 e)
472 5745 497 5792 ct
515 5739 639 5792 iustitiam
658 5737 720 5790 aad.
733 5737 777 5794 tid.
865 5737 892 5806 d)
911 5745 937 5790 et
954 5737 1074 5791 eildiid.
1162 5734 1186 5804 c)
1206 5743 1236 5789 ut
1253 5735 1315 5789 odd.
1333 5735 1358 5789 2.
1446 5735 1470 5798 f)
1487 5735 1524 5786 ito
1542 5752 1609 5790 corr.
1626 5733 1793 5805 &raonem
1810 5748 1836 5792 et
1853 5746 1905 5790 tam
1923 5736 1948 5790 2.
