4590 6420
351 433 617 489 scutulatum
637 433 686 488 AD
704 433 820 488 CAPIT.
839 433 920 489 REG.
941 432 1126 488 raaucmn
1143 431 1331 487 occluanr.
1351 431 1499 500 (arnoul
1513 431 1558 500 11).
1578 462 1609 472 -
1629 433 1678 488 llr.
1690 432 1750 488 999.
1801 436 1864 498 419

241 611 335 674 Multi
366 609 486 695 quippe
516 608 683 693 bucusque
718 630 761 672 ex
791 608 1017 673 sacerdotibus
1051 614 1149 694 atque
1180 607 1271 671 laicis
1304 607 1504 693 accipientes
1535 629 1555 671 a
1584 606 1695 670 Iudeis
1727 615 1940 671 munerasstt.

240 716 407 801 perfidiam
434 735 546 778 eorum
569 713 749 797 patrocinio
779 733 838 776 suo
866 711 1057 786 forebant';
1092 712 1145 797 qui
1174 733 1237 775 non
1264 712 1416 780 inmerito
1445 738 1487 781 ex
1515 733 1651 798 corpore
1681 710 1864 774 antichristi

241 842 314 884 esse
339 825 526 896 noscuntur,
550 818 651 903 quiaw
674 823 788 880 contra
811 816 978 882 Christum
1002 817 1135 882 faciunt.
1182 817 1386 900 Quicumque
1404 812 1504 896 igitur
1519 811 1674 895 deinceps
1690 814 1864 900 episcopua

241 926 311 988 sire
335 923 473 987 clericus
498 922 566 988 sive
591 921 751 985 secularis
778 921 843 984 illis
866 927 980 984 contra
1007 919 1104 984 fidem
1128 920 1340 983 christianam
1364 917 1555 1000 suffragium
1579 917 1630 979 vel
1655 937 1788 981 munere
1813 916 1864 978 vel

209 1029 353 1092 clarore
376 1025 594 1113 praestiterit,
622 1033 679 1088 ut¹
702 1024 857 1109 profanus
882 1030 916 1087 ct
939 1024 1118 1107 sacrilegus
1146 1023 1322 1088 anathema
1351 1022 1488 1085 effectus
1517 1020 1558 1083 ab
1587 1019 1728 1084 ecclesia
1751 1018 1863 1083 catho-

239 1130 303 1194 lica
326 1138 360 1194 ct
376 1140 499 1215 regnol
515 1129 579 1192 Ilei
595 1128 756 1192 alliciatur
772 1133 963 1202 extraneus;
987 1127 1062 1211 quia
1078 1126 1211 1211 dignum
1228 1134 1289 1204 ast,
1306 1129 1342 1188 ut
1359 1146 1378 1188 a
1394 1144 1527 1210 corpore
1545 1121 1666 1186 Christi
1683 1129 1864 1208 separetur,

241 1236 295 1320 qui
320 1234 459 1297 inimicis
483 1231 604 1296 Christi
629 1237 787 1317 patronus
811 1227 988 1294 elficitur¹.'

351 1340 420 1403 75⁸.
454 1336 558 1400 Itemb
582 1335 614 1398 in
639 1332 773 1398 eodem⁰
803 1335 939 1398 coneilio
969 1355 1039 1418 cap.
1056 1332 1171 1397 ler:
1202 1324 1299 1396 ‘Deffl
1326 1332 1400 1395 liliis
1423 1331 1613 1410 Iudeorum‚
1644 1336 1680 1394 ut
1702 1352 1721 1394 a
1745 1351 1862 1416 paren-

242 1443 345 1506 tibus⁸
369 1441 512 1526 separati
536 1439 721 1504 christianis
745 1438 888 1502 debeant
911 1438 1067 1523 deputari.
1114 1437 1287 1500 Iudeorum
1311 1437 1395 1500 lilios
1420 1436 1471 1499 rel
1497 1425 1670 1512 filiastro
1693 1441 1865 1518 parentum

198 1548 327 1610 roultra
353 1545 582 1609 involvantur⁸
611 1542 802 1622 amorinum,
835 1543 876 1606 ab
908 1563 1019 1606 eorum
1047 1542 1210 1606 consortio
1234 1539 1395 1626 separari*
1419 1539 1639 1612 decernimus;
1671 1537 1865 1624 deputatosl

240 1659 348 1713 autern
373 1648 580 1712 monasteriis
603 1654 660 1710 aut
682 1646 868 1710 christianis
892 1645 969 1708 viris
993 1666 1031 1708 ac
1054 1645 1244 1709 mulieribus
1261 1643 1366 1707 Deum
1384 1643 1583 1724 timentibus,
1608 1647 1643 1708 ut
1667 1642 1727 1706 sub
1752 1661 1865 1706 eorum

241 1753 489 1818 conversatione
513 1752 635 1816 cultum
660 1750 735 1815 lidei
759 1749 902 1826 discant;
931 1755 1029 1833 atque
1053 1750 1085 1813 in
1110 1749 1227 1812 melius
1250 1747 1414 1826 instituti¹‚
1444 1755 1511 1811 tam
1539 1749 1571 1811 in
1601 1747 1745 1811 moribus
1768 1766 1865 1830 quam

240 1859 273 1922 in
296 1854 360 1920 fide
384 1853 574 1942 proficiant?

350 1964 427 2024 76¹⁰.
463 1959 508 2022 Ut
532 1964 730 2022 mercatores
754 1956 851 2021 huius
874 1956 982 2040 regni,
1006 1955 1175 2021 christiani
1200 1957 1269 2020 sive
1291 1955 1401 2034 Iudai,
1425 1954 1589 2040 mancipia
1613 1976 1756 2041 pagana,
1780 1977 1865 2041 quae

198 2085 223 2123 ιι
242 2072 322 2148 per¹²
345 2069 395 2126 tot
418 2061 555 2148 populos
586 2068 619 2124 et
648 2061 797 2124 civitates
827 2059 972 2124 fidelium
1002 2065 1211 2124 transeuntes
1240 2058 1281 2126 ad
1313 2074 1432 2124 manus
1459 2059 1637 2124 infidelium
1670 2067 1703 2124 ct
1733 2060 1864 2125 sevissi-

240 2187 366 2230 morum
391 2164 532 2229 hostium
562 2169 745 2228 nostrorum
775 2153 1005 2247 perducuntffl,
1038 2184 1080 2227 err
1110 2184 1173 2248 quo
1202 2171 1235 2228 et
1264 2164 1325 2248 ipsi
1353 2163 1502 2228 infelices
1532 2163 1632 2242 sarri,
1662 2165 1749 2248 qui⁰‚
1778 2165 1826 2227 ai⁰
1847 2177 1880 2228 a¹

240 2269 424 2333 christianis
460 2273 663 2348 emerentur,
698 2274 850 2352 poterant
878 2267 1012 2346 salvari,
1048 2267 1277 2332 miserabiliter
1309 2274 1447 2352 pereunt
1480 2272 1514 2330 et
1544 2267 1747 2330 inimicorum
1775 2267 1866 2350 regni

240 2373 402 2437 maximus
419 2392 573 2436 numerus
591 2376 740 2455 augetur,
764 2365 976 2434 coerceantur
998 2371 1094 2455 apiis
1112 2371 1313 2458 principibus
1331 2371 1451 2434 nostris
1469 2377 1502 2435 et
1518 2371 1603 2434 intra
1620 2370 1865 2434 christianorum

240 2477 321 2540 fines
346 2477 488 2540 vendere
513 2475 749 2560 conpellantur,
774 2495 814 2538 na
838 2480 904 2537 tarn
927 2474 1090 2539 horrenda
1113 2474 1305 2538 crudelitate
1330 2483 1363 2539 et
1386 2478 1501 2560 aperta
1524 2473 1716 2538 infidelitate
1739 2481 1772 2537 at
1796 2474 1865 2538 ani-

197 2602 223 2642 ιο
241 2601 367 2644 marum
391 2579 541 2665 dampnis
564 2577 657 2642 Deus
680 2583 895 2662 exasperetur
918 2585 950 2642 et
974 2579 1059 2642 vires
1082 2578 1233 2644 hostibus
1256 2585 1448 2664 augeantur.

351 2687 420 2748 ΠΡ.
455 2683 676 2748 Provideant‘l
698 2681 758 2746 riri
783 2686 933 2769 potentes
958 2689 991 2746 et
1013 2683 1156 2746 maxime
1178 2687 1329 2768 potentes
1352 2682 1511 2763 feminae,
1535 2688 1594 2745 utq
1616 2682 1649 2745 in
1673 2681 1740 2745 suis
1762 2680 1864 2745 domi-

239 2787 302 2850 bus
326 2787 489 2852 adulteria
518 2793 551 2850 et
573 2785 723 2850 luxuriae
755 2785 1042 2851 concubinaticae¹
1065 2791 1099 2850 et
1132 2787 1259 2851 incesta
1289 2785 1453 2850 adulteria
1480 2806 1545 2849 non
1575 2784 1734 2870 vigeant.
1787 2777 1867 2848 11163

240 2912 317 2955 suos
351 2890 576 2975 presbyteros,
612 2889 665 2972 qui
699 2909 772 2952 cum
806 2889 854 2953 eis
889 2890 921 2952 in
955 2889 1133 2975 capellamt
1164 2888 1303 2967 vadunt,
1338 2886 1521 2952 huiusmodi
1558 2887 1710 2952 virtutem
1743 2888 1866 2953 habere

241 2994 394 3074 laciantu,
419 2993 572 3078 quatinus
596 2991 706 3055 omnia
728 2991 882 3055 vitieris
906 2990 1056 3055 domibus
1081 2992 1150 3056 suia
1174 2997 1341 3066 resecent;
1366 2996 1400 3055 et
1422 2992 1602 3055 orationem
1619 2990 1810 3057 dominicam
1828 3013 1866 3055 ac

195 3119 220 3159 a
241 3097 423 3182 symbolum
448 3101 582 3159 cunctos
605 3102 720 3159 tenere
744 3099 778 3158 at
801 3094 1010 3180 frequentare
1041 3095 1257 3181 compellant,
1287 3094 1364 3178 quia
1392 3093 1597 3178 parrochiani
1625 3096 1808 3181 presbyteri
1833 3102 1867 3160 et

239 3200 466 3285 episcoporum
490 3199 626 3263 ministri
650 3197 691 3262 de
714 3197 923 3262 minoribusr
946 3205 1004 3262 etW
1028 3197 1219 3262 vilioribus¹
1241 3198 1390 3284 personis
1411 3196 1473 3262 hoc
1489 3199 1661 3282 providere
1678 3198 1865 3264 studebunt.

348 3305 419 3367 78³.
452 3301 646 3387 Indignum¹
670 3299 785 3365 ualde*
809 3305 874 3381 est,
907 3307 956 3377 ut,
989 3301 1044 3385 qui
1072 3301 1104 3363 in
1134 3301 1226 3385 regia
1256 3298 1414 3385 dignitate
1443 3308 1570 3366 ceteros
1594 3303 1757 3368 ecclesiae
1780 3303 1865 3367 lilios

178 3459 182 3468 .
239 3411 370 3469 auctore
404 3404 476 3468 Deo
507 3403 737 3491 praecellitisb,
774 3404 1005 3488 neglegentius
1042 3424 1125 3488 quaa
1156 3401 1219 3467 Dei
1253 3409 1329 3467 sunt
1362 3406 1499 3489 exsequi
1530 3405 1715 3471 videamini.
1771 3405 1866 3470 Unde

239 3508 373 3594 dignum
398 3515 479 3590 erat,
501 3515 538 3574 ut
561 3509 706 3595 capellas
729 3507 880 3571 villarum
897 3513 1079 3571 vestrarum
1096 3507 1188 3570 laicis
1212 3527 1277 3570 non
1300 3507 1559 3583 committeretis,
1583 3506 1641 3572 sed
1661 3511 1767 3594 potius
1791 3509 1866 3590 illis,

195 3634 221 3672 so
240 3615 295 3698 qui
319 3621 353 3677 et
376 3613 512 3678 eadem⁰
535 3618 663 3676 sacrata
690 3611 762 3675 loca
792 3611 974 3695 religiosius
1002 3616 1182 3675 tractarent
1210 3616 1243 3674 et
1271 3611 1366 3676 robis
1395 3609 1514 3675 exinde
1545 3610 1646 3676 adiuti
1674 3612 1865 3697 obsequium

239 3716 387 3780 debitum
406 3717 633 3803 inpenderent.
672 3715 740 3780 Sed
755 3715 832 3800 quia
847 3714 944 3779 aliter
960 3715 1069 3778 causis
1085 3714 1381 3778 intervenientibus
1396 3735 1450 3780 res
1466 3736 1501 3778 se
1518 3714 1640 3780 babere
1657 3715 1866 3796 dinoscitur¹‚

239 3819 429 3885 monemusd
452 3827 486 3884 et
515 3819 712 3899 hortamur⁰,
748 3825 785 3883 ut
812 3817 989 3883 secundum
1020 3818 1212 3883 canonicam
1241 3819 1469 3884 auctoritatem
1497 3859 1539 3866 —
1569 3841 1626 3902 ne,
1656 3820 1741 3906 quod
1771 3820 1866 3898 absit,

239 3926 419 4010 periculum
447 3924 610 3989 interdicti
638 3922 858 3988 anathematis
889 3945 932 3988 ex
959 3922 1096 3988 decimis
1128 3923 1346 4010 praesumptis
1376 3923 1549 3987 incurratis
1578 3961 1634 4004 -,
1664 3923 1691 3986 si
1720 3924 1866 4010 capellas

239 4035 365 4093 vestras
387 4027 590 4113 presbyteris
615 4034 671 4092 aut
693 4028 771 4092 viris
795 4027 1029 4093 ecclesiasticis
1052 4027 1211 4092 dederitis
1240 4035 1273 4090 et
1295 4026 1476 4091 dominicas
1500 4025 1647 4092 decimas
1670 4028 1866 4113 acceperint,

197 4163 222 4202 ιι
244 4140 331 4197 sarta
358 4140 446 4198 tecta
469 4131 627 4197 ecclesiae
649 4138 683 4196 et
705 4133 877 4197 luminaria
900 4131 1019 4196 exinde
1051 4136 1266 4217 conpetenter
1293 4129 1487 4216 provideant
1519 4137 1553 4194 et
1580 4129 1764 4215 presbyteri
1791 4151 1866 4216 par-

240 4237 412 4302 rochianas
435 4235 580 4302 decimas
602 4235 764 4321 accipiant
787 4244 821 4301 et
844 4236 954 4322 populi
970 4235 1221 4301 necessitatibus
1238 4234 1348 4300 debite
1364 4234 1570 4320 invigilent⁶3
1594 4233 1639 4298 ai‘
1660 4241 1770 4300 autem
1792 4235 1866 4299 laici

342 4391 371 4460 v)
389 4396 478 4446 fovent
497 4391 616 4445 13-16.
720 4393 754 4456 w)
773 4409 824 4457 que
842 4392 866 4445 1.
975 4391 1004 4456 ιι)
1023 4393 1064 4443 rel
1090 4389 1180 4456 1-3;
1203 4391 1276 4442 velut
1296 4389 1321 4442 4.
1345 4389 1370 4444 9.
1395 4389 1520 4455 19-16;
1544 4407 1604 4443 rere
1629 4398 1659 4443 ut
1684 4391 1758 4442 Cone.
1790 4391 1866 4443 Tolet.

238 4479 267 4547 y)
285 4481 367 4547 regni,
386 4497 434 4531 om,
452 4486 486 4541 et,
506 4477 585 4531 1-4.
605 4477 718 4532 13-16.
800 4477 826 4544 a)
842 4480 949 4531 liniunt
967 4480 1080 4546 capitula
1097 4487 1188 4531 conns
1205 4480 1314 4530 Iudaeos
1332 4479 1423 4546 Magni
1442 4479 1530 4530 Karoli
1548 4486 1759 4542 &clarorumque
1777 4495 1866 4544 regum

237 4581 297 4616 eum
316 4583 443 4618 consensu
460 4567 646 4632 episcoporum,
665 4583 714 4616 om.
732 4565 799 4629 salt,
816 4565 877 4616 aaa
898 4563 1020 4617 13-16.
1107 4564 1133 4633 ιι)
1151 4567 1200 4632 cfr.
1218 4581 1300 4630 capra
1317 4574 1405 4616 notu.
1494 4563 1522 4628 b)
1540 4567 1606 4618 Item
1690 4565 1758 4616 LIX.
1777 4581 1825 4616 cnr.
1841 4563 1868 4629 l;

195 4675 221 4714 40
240 4653 289 4718 cfr.
307 4669 367 4702 cero
385 4668 468 4716 capra
484 4652 512 4701 ia
530 4651 621 4702 indice.
718 4650 742 4715 c)
760 4652 810 4702 elio
828 4650 853 4701 9.
949 4650 977 4716 d)
994 4652 1023 4702 io
1039 4651 1156 4718 marpissa
1172 4650 1252 4701 minio
1273 4651 1301 4700 ia
1318 4649 1343 4701 2.
1362 4649 1390 4710 3;
1414 4651 1505 4702 XLVl.
1524 4648 1548 4701 9.
1654 4649 1679 4713 e)
1698 4659 1728 4702 ut
1743 4667 1868 4719 apparen-

238 4738 309 4788 tibus
326 4735 351 4788 2.
369 4734 395 4788 9.
490 4734 517 4803 1)
535 4738 557 4787 ai
576 4737 637 4787 add.
657 4735 682 4788 9.
700 4735 725 4788 3.
743 4736 768 4789 9.
865 4736 894 4804 g)
912 4738 1033 4788 insidient
1051 4736 1079 4797 l;
1099 4737 1253 4788 insidientur
1271 4732 1348 4788 2—4.
1368 4734 1392 4787 9.
1490 4735 1518 4801 h)
1537 4753 1622 4788 errore
1642 4735 1665 4788 l.
1760 4737 1780 4802 i)
1798 4754 1868 4804 seps·

239 4838 298 4874 rare
317 4821 391 4874 1-3.
411 4820 435 4873 9.
533 4821 562 4886 k)
581 4821 742 4888 deputandos
760 4821 785 4874 5.
803 4820 828 4873 6.
926 4819 947 4886 Ι)
965 4823 1134 4873 constitutum
1153 4819 1228 4873 1-4.
1247 4819 1272 4874 9.
1369 4821 1404 4886 ιιι)
1424 4823 1472 4890 afr.
1491 4839 1573 4887 aspro
1590 4831 1642 4874 not.
1662 4840 1693 4886 n;
1712 4825 1765 4875 Lx.
1785 4821 1867 4885 2-4;

237 4911 342 4962 xuvu.
362 4907 387 4962 9.
489 4908 518 4974 ιι)
536 4925 585 4960 ons.
603 4907 629 4961 9.
729 4906 754 4975 ο)
771 4910 846 4975 quasi
867 4908 889 4960 l.
908 4907 932 4960 9.
1037 4909 1064 4976 p)
1083 4909 1151 4959 LXI.
1168 4907 1251 4973 2-4;
1276 4911 1392 4960 Lxxlv.
1410 4909 1435 4962 5.
1455 4907 1479 4961 6.
1578 4909 1605 4976 ql
1622 4911 1812 4961 Proridendum
1830 4918 1869 4961 est

239 4997 302 5050 viris
321 4997 468 5064 potentibus
485 5003 512 5048 et
529 4997 641 5048 maxime
660 4997 764 5048 leminis
781 4997 930 5064 potentibus
948 5002 979 5047 ut
996 4993 1021 5046 9.
1096 4993 1120 5062 r)
1138 4995 1328 5048 concubiuetae
1346 4993 1372 5049 9.
1445 4994 1469 5059 a)
1485 4996 1612 5063 vigebant
1628 4993 1653 5046 9.
1729 4995 1751 5060 t)
1770 4995 1868 5064 capella

194 5086 219 5125 ⁴⁵
238 5081 263 5135 2.
280 5082 306 5134 4.
324 5081 355 5147 9;
377 5083 522 5150 capellania
541 5082 564 5134 1.
582 5081 607 5136 3.
626 5081 667 5136 10.
687 5083 728 5137 11.
826 5082 855 5146 n)
875 5084 976 5134 faciunt
995 5080 1017 5134 l.
1117 5080 1145 5146 v)
1162 5099 1211 5134 om.
1230 5081 1255 5133 9.
1351 5082 1386 5150 ιι)
1403 5101 1452 5134 cnr.
1472 5081 1497 5134 6.
1594 5083 1623 5148 x)
1640 5082 1781 5134 levioribus
1798 5080 1823 5134 4.
1842 5079 1867 5132 5.

237 5167 332 5221 9-11.
410 5168 439 5236 y)
457 5170 537 5220 LXll.
556 5168 638 5230 2-4;
656 5171 760 5222 LXXV.
779 5169 803 5223 5.
822 5169 847 5222 6.
925 5169 949 5232 a)
968 5169 1107 5236 Indignum
1189 5170 1332 5221 dinoscitur
1350 5167 1410 5233 (liar.
1422 5168 1470 5234 31)
1487 5187 1536 5220 om.
1554 5167 1578 5221 9.
1649 5168 1676 5233 ιι)
1694 5175 1733 5220 est
1750 5169 1826 5221 valde
1842 5167 1868 5220 2.

237 5253 266 5322 b)
285 5256 447 5324 precellentis
467 5255 489 5308 1.
594 5254 621 5323 c)
643 5258 671 5308 iu
692 5257 780 5310 eodem
799 5256 823 5310 1.
927 5256 956 5319 d)
979 5257 1028 5308 hoc
1049 5273 1183 5309 monemus
1206 5258 1285 5309 etiam
1303 5263 1329 5310 et
1430 5258 1566 5323 invigilent
1587 5255 1647 5321 (lira
1665 5254 1712 5320 36)
1736 5257 1772 5308 ad
1786 5259 1869 5324 finem

237 5343 346 5409 capituli
358 5343 448 5409 perito
464 5350 524 5394 mat
539 5343 568 5394 ia
585 5342 610 5397 9.
697 5343 723 5412 ο)
740 5351 853 5397 ortemur
871 5344 895 5398 1.
983 5341 1009 5411 1)
1029 5344 1127 5410 Capitis
1143 5345 1252 5410 initiant,
1271 5363 1321 5398 om.
1339 5351 1436 5410 auum,
1453 5344 1482 5394 ia
1499 5340 1524 5395 9.

340 5495 385 5558 61)
407 5493 487 5552 Corra.
505 5496 584 5553 Tora.
597 5496 649 5566 IV,
668 5513 691 5552 c.
704 5498 746 5552 59.
765 5498 856 5551 rettid.
926 5501 971 5565 62)
987 5497 1043 5564 Csr.
1058 5497 1124 5566 Cap.
1140 5497 1288 5553 Mantuae.
1303 5497 1380 5564 tarr,
1398 5496 1492 5564 tom.I‚
1508 5513 1537 5566 p.
1550 5497 1608 5563 190,
1625 5495 1681 5550 ai.
1751 5497 1797 5566 63)
1812 5495 1869 5562 Cfr.

195 5609 220 5647 ao
240 5597 369 5652 Macram
386 5599 418 5652 ia
434 5600 500 5655 ‘SR
515 5599 541 5656 d.
554 5599 639 5656 Wica.
653 5599 714 5668 Ala,
728 5599 868 5668 plait-hiat.
883 5599 930 5653 Ct'
944 5605 1003 5656 tam.
1020 5599 1164 5654 LXXXI
1168 5600 1292 5670 Vitare)
1298 5641 1306 5668 ,
1321 5602 1486 5668 p.246sqq.;
1504 5599 1607 5671 amat.
1625 5599 1767 5670 Papaso,
1786 5617 1870 5669 capra

233 5719 263 5771 p.
278 5703 367 5771 late
391 5703 430 5758 18.

1612 5799 1662 5854 531
