4568 6434
365 435 633 490 ADlllTAMENTA
654 437 702 490 Ab
721 437 966 492 caelabuntur
987 436 1117 492 REGUM
1138 437 1324 494 vanamne
1344 440 1574 496 ORIENTALIS.
1593 473 1625 482 -
1644 441 1692 495 Nr.
1705 441 1765 496 252.
1815 445 1876 506 207

252 631 311 675 nee
345 634 401 698 pro
429 611 628 676 chrismated
659 611 710 676 vel
743 611 922 697 baptismo⁰
952 631 1012 674 nec
1047 609 1126 696 pro‘l
1160 613 1329 699 sepultura
1357 615 1408 678 vel
1444 615 1669 678 communione
1704 615 1874 700 quicquam
1893 621 1951 674 895.

253 715 414 800 exigatur,
437 716 495 782 sed
518 717 621 802 gratis
645 714 732 781 dona
752 714 873 780 christi
897 715 1040 799 gratuita
1063 715 1320 800 dispensenturs.

361 820 422 904 (2.)
456 819 623 884 Medicusl
640 820 797 884 infantem
821 819 982 882 incautius
1000 839 1118 883 curans
1135 820 1373 886 claudicantem
1390 821 1510 886 effecit.
1556 821 1726 895 Quesitum
1751 828 1811 897 ost,
1835 843 1876 886 an
1894 831 1942 894 cfr.
1958 848 1979 880 c.
1992 833 2031 880 33.

251 922 387 1007 gradum
410 923 442 988 in
466 925 552 989 clero
576 925 650 988 talis
675 925 792 988 mereri
815 923 935 1009 possit;
964 928 998 989 et
1021 924 1124 988 visum
1149 931 1209 1002 est,
1237 925 1322 1010 quod
1348 924 1532 990 huiusmodi
1553 923 1716 1004 debilitas,
1741 927 1768 989 si
1792 926 1875 990 alios

221 1025 353 1092 thonos
377 1029 542 1114 proiectus
566 1027 757 1108 ostenderit,
782 1048 856 1091 eum
881 1049 901 1092 a
923 1028 1027 1112 gradu
1051 1051 1113 1093 non
1137 1029 1258 1095 debeat
1279 1030 1428 1095 inhibere
1438 1030 1463 1096 ¹³.

360 1132 420 1215 (3.)
455 1131 586 1196 Dictum
618 1137 683 1211 est,
713 1130 815 1217 quod,
845 1131 975 1216 quidam
1004 1130 1080 1196 dum
1103 1132 1252 1198 arborem
1275 1133 1472 1212 succideret,
1503 1134 1635 1198 fratrem
1660 1135 1731 1198 cius
1755 1132 1876 1198 cadens
1895 1142 2030 1204 craeso.

252 1233 348 1298 arbor
377 1236 586 1322 oppresserit.
645 1233 829 1299 Iudicatum
858 1243 922 1308 est,
958 1236 1001 1316 si,
1041 1234 1116 1300 dum
1145 1245 1257 1324 posset
1284 1259 1401 1303 cavere
1430 1239 1485 1323 qui
1515 1258 1691 1324 oppressus
1720 1244 1785 1316 est,
1813 1259 1877 1301 nou

251 1337 404 1421 cavebat,
435 1341 489 1426 qui
520 1339 657 1404 succidit
687 1341 834 1406 arborem
866 1341 1022 1404 innocens
1053 1339 1165 1405 videri.
1220 1334 1363 1406 Tamen1
1394 1341 1434 1406 do
1462 1343 1635 1407 securitate
1659 1341 1877 1405 conscientiae

254 1461 316 1506 uon
340 1444 477 1508 multum
501 1445 773 1530 presumendum,
798 1443 855 1509 sed
884 1443 925 1508 ad
948 1445 1116 1509 consilium
1147 1446 1291 1532 episcopi
1314 1446 1471 1511 nonnulla
1493 1445 1671 1533 penitentia
1695 1444 1873 1522 subeunda,

209 1545 329 1629 aquia
352 1552 490 1631 peccata
513 1548 706 1634 plerumque
731 1561 806 1613 sunt
829 1548 966 1612 aliorum
989 1555 1199 1632 peccatorum
1222 1571 1339 1636 penae.

363 1649 423 1735 (4.)
457 1651 527 1716 Del
551 1651 690 1716 Francia
714 1651 831 1716 nobilis
855 1650 983 1736 quidam
1008 1651 1104 1716 homo
1120 1652 1261 1717 nobilem
1286 1653 1325 1718 dc
1343 1653 1489 1719 Saaonia
1506 1653 1672 1718 Saxonum
1695 1656 1767 1740 lege
1784 1655 1878 1720 duxit
1896 1661 1943 1720 cfr·
1956 1678 1976 1710 c·
1990 1663 2031 1710 39.

252 1774 396 1817 uxorem.
443 1754 562 1819 Tenuit
584 1758 676 1820 eamb
699 1755 808 1820 multis
831 1757 924 1820 aunis
949 1765 982 1820 et
1006 1778 1048 1821 ex
1076 1777 1117 1821 ea
1139 1757 1223 1822 lilios
1246 1759 1435 1844 procreavit.
1482 1759 1604 1824 Verum
1627 1761 1787 1846 quianon
1811 1760 1877 1824 his-

251 1856 344 1921 dom⁰
367 1863 502 1924 utuntur
523 1860 653 1946 legibus
678 1859 825 1925 Saxones
856 1869 889 1924 et
911 1860 1044 1940 Franci,
1076 1867 1229 1926 causatus
1253 1869 1317 1937 est,
1351 1861 1436 1947 quod
1467 1883 1538 1926 eam
1568 1884 1633 1927 non
1663 1885 1737 1940 sua,
1771 1863 1879 1927 idest

251 1960 469 2038 Francorum,
504 1963 577 2049 lege
607 1963 855 2051 desponsaverit
883 1964 935 2028 vel
963 1964 1128 2049 acceperit
1156 1971 1213 2030 aut
1240 1964 1415 2042 dotaverit;
1452 1965 1652 2052 dimissaque
1681 1966 1750 2046 illa,
1785 1966 1879 2032 duxit

210 2087 235 2126 rs
254 2065 401 2132 alteram.
456 2065 615 2132 Definivit
642 2089 742 2155 super
770 2069 832 2133 hoc
861 2076 974 2132 sancta
998 2066 1151 2154 synodus,
1174 2075 1211 2132 ut
1234 2068 1289 2134 ille
1314 2077 1536 2154 transgressor
1559 2071 1769 2156 evangelicae
1793 2073 1876 2158 legis

253 2167 424 2254 subigatur
446 2173 664 2257 penitentiae,
695 2194 715 2236 a
738 2170 880 2236 secunda
903 2171 1039 2256 coniuge
1063 2177 1244 2257 separetur,
1268 2173 1410 2258 priorem
1435 2194 1601 2238 resumere
1625 2181 1766 2258 cogatur.

360 2273 421 2358 (5.)
456 2275 639 2350 Quidam*·
661 2275 874 2362 desponsavit
889 2273 1044 2338 onoremb
1068 2281 1102 2338 et
1116 2273 1248 2353 dotavit,
1273 2296 1346 2340 curn
1370 2276 1446 2342 illa⁰
1470 2299 1547 2342 vero
1568 2278 1656 2343 coire
1680 2301 1744 2343 non
1761 2278 1876 2364 potuit.
1895 2291 1943 2352 σίν.
1958 2307 1978 2339 c.
1992 2294 2030 2338 41.

253 2377 360 2464 Quam
385 2380 485 2444 frater
506 2382 576 2445 eius
600 2381 748 2446 clanculo
773 2381 916 2466 corrupit
940 2387 973 2444 et
993 2379 1160 2464 gravidam
1178 2379 1328 2446 reddidit.
1373 2379 1550 2447 Decretum
1575 2389 1635 2458 est,
1658 2389 1705 2460 ut,
1729 2382 1877 2467 quamvis

252 2488 354 2569 nupta
377 2505 451 2549 esse
476 2506 541 2549 non
564 2484 727 2572 potuerit*
750 2484 896 2569 legitimo
921 2485 998 2562 viro,
1021 2483 1251 2570 desponsatam
1275 2491 1384 2550 tamen
1408 2486 1500 2550 fratri
1526 2485 1645 2551 irater‘l
1669 2486 1790 2550 habere
1813 2506 1877 2550 non

208 2619 234 2660 q,
253 2586 365 2672 possit.
416 2587 481 2653 Sed
504 2588 638 2654 mechus
663 2595 696 2653 et
719 2588 836 2654 mecha
858 2586 1079 2652 fornicationis
1103 2587 1233 2673 quidem
1258 2589 1431 2654 vindictam
1454 2589 1645 2670 sustineant,
1667 2589 1758 2654 licita
1781 2588 1878 2653 verob

251 2689 299 2754 eis
322 2692 472 2776 coniugia
493 2712 558 2756 non
581 2698 751 2778 negentur.
1932 2777 1936 2786 ,

359 2795 418 2881 (6.)
455 2794 616 2870 Quidam·
640 2797 820 2881 stupravitb
844 2796 986 2880 aliquam
1001 2795 1181 2860 mulierem.
1226 2795 1351 2863 Postea
1373 2797 1459 2862 filius
1485 2799 1583 2878 eius0,
1607 2798 1759 2864 nesciens
1776 2799 1877 2885 patris
1895 2809 2030 2874 ajaces.

251 2899 388 2980 lactum,
414 2901 574 2986 stupravit
599 2899 749 2965 eandem.
794 2899 889 2973 Quod
914 2921 987 2965 cum
1012 2907 1107 2986 pater
1129 2901 1315 2980 rescissetd,
1346 2900 1386 2966 de
1410 2922 1446 2966 se
1469 2902 1599 2988 filioque
1624 2902 1793 2968 consessus
1816 2912 1875 2969 est.

252 3003 443 3069 Statuerunt
466 3005 583 3070 melius
608 3025 693 3085 esse,
718 3011 754 3068 ut
776 3004 887 3068 taliter
909 3005 1010 3090 lapsis
1041 3025 1113 3067 cum
1142 3003 1241 3090 digna
1268 3006 1453 3090 penitentia
1476 3006 1624 3091 legitima
1647 3008 1877 3093 permittantur

208 3131 234 3170 ss
253 3096 429 3194 coniugia,
451 3129 547 3194 quam
576 3109 732 3174 fortasse⁶
759 3107 904 3174 deterius
927 3108 1138 3194 delinquant;
1175 3108 1267 3173 cumf
1295 3109 1526 3174 fornicatrices
1554 3115 1663 3175 autem
1691 3111 1748 3176 illa
1775 3132 1876 3195 agen·

252 3211 329 3278 dum
352 3215 514 3299 graviush.

360 3317 421 3402 (7.)
445 3319 553 3383 Item·
575 3317 752 3382 indicatum
780 3322 830 3381 est
853 3313 1016 3399 quendam
1046 3320 1215 3400 stuprasse
1249 3315 1413 3400 quandam
1437 3316 1607 3396 feminam,
1636 3336 1731 3401 quam
1760 3325 1875 3402 postea
1893 3326 1942 3390 cfr·
1956 3343 1975 3374 c.
1990 3329 2031 3374 44-

254 3420 356 3486 frater
378 3423 450 3488 eius
474 3423 600 3508 accepit
623 3442 772 3487 uxorem.
818 3418 1010 3484 Statuerunt
1033 3440 1122 3494 eum,
1154 3420 1208 3503 qui
1233 3421 1396 3505 stupravit
1419 3428 1454 3486 et
1477 3441 1497 3484 a
1520 3444 1556 3486 se
1581 3425 1761 3508 stupratam
1785 3421 1876 3485 lratri

253 3524 381 3602 celavit,
406 3526 483 3612 quia
506 3526 684 3610 geminavit
707 3532 889 3612 peccatum,
912 3525 1094 3610 penitentia
1117 3523 1303 3589 districtiori
1327 3525 1569 3611 castigandum,
1604 3526 1787 3610 coniugium
1811 3527 1876 3590 talc

208 3649 234 3688 ao
252 3627 385 3693 dissolvi
412 3637 564 3716 oportere
594 3636 627 3694 et
655 3629 783 3693 mulieri
813 3627 945 3713 quidem
974 3629 1042 3692 eisb
1070 3627 1254 3692 viventibus
1286 3650 1350 3693 non
1379 3628 1465 3693 loreb
1493 3637 1691 3714 potestatem
1721 3629 1876 3710 nubendi,

252 3732 315 3797 illi·
339 3740 448 3798 autem
472 3755 529 3820 pro
553 3732 777 3798 misericordia
800 3732 985 3818 coniugium
1010 3731 1210 3817 indulgeret

355 4117 382 4180 *l
402 4113 462 4169 Occi.
483 4115 627 4183 Maenas
648 4115 808 4185 Guelferbyt.
827 4115 896 4169 inter
913 4118 1025 4183 August.
1042 4113 1084 4168 83.
1102 4113 1144 4179 21,
1164 4111 1263 4166 amma
1280 4112 1326 4178 fol.
1342 4112 1405 4166 ltlv
1422 4111 1571 4180 capitulum
1588 4111 1728 4180 quoddam,
1744 4113 1814 4182 φωτὶ
1830 4131 1877 4182 opo

252 4201 337 4255 acaci
354 4207 441 4255 atum
459 4201 577 4256 mllctrcr:
602 4202 634 4255 ln
653 4200 763 4256 concilii
783 4201 969 4256 'triburiensis
988 4201 1139 4262 conventu,
1163 4199 1193 4251 in
1215 4216 1270 4266 quo
1289 4200 1403 4252 meinent
1420 4197 1509 4252 XXVI
1529 4198 1661 4268 episcopi,
1679 4201 1816 4254 statutum
1835 4204 1877 4254 est

252 4288 377 4358 capitulo
396 4289 434 4343 X:
460 4288 490 4343 Si
507 4288 570 4358 qais
587 4288 769 4358 desponsaret
786 4305 899 4344 uxorem
919 4293 947 4343 et
964 4288 1088 4351 dotaret,
1107 4286 1180 4342 coire
1198 4289 1292 4340 autem
1311 4303 1372 4340 cum
1391 4285 1441 4340 illa
1459 4303 1514 4340 non
1533 4289 1638 4356 posset,
1656 4285 1678 4339 si
1697 4287 1783 4340 irater
1801 4287 1877 4342 illius

210 4387 236 4428 as
253 4377 304 4430 aut
328 4375 508 4431 consobrinus
534 4377 585 4430 aut
606 4375 761 4430 avunculus
787 4377 838 4430 aut
864 4375 922 4430 ullo
945 4374 1027 4429 modo
1050 4374 1126 4428 intra
1150 4372 1405 4442 consanguinitatis
1429 4372 1595 4428 liniamenta
1620 4373 1876 4442 propinquassem

253 4449 449 4534 consumperat,
468 4462 551 4533 quod,
570 4463 697 4533 quamvis
716 4465 803 4534 nupta
824 4479 882 4518 esse
901 4479 955 4516 noc
974 4460 1100 4532 potuerit
1116 4465 1176 4528 etc.,·
1193 4459 1242 4525 cfr.
1262 4458 1493 4529 Wcsacrsclvlebm,
1511 4459 1637 4528 Bcitrdpc
1649 4477 1678 4529 p.
1699 4460 1756 4515 178.

357 4624 379 4674 1.
416 4622 444 4686 d)
462 4622 598 4674 chrismate
675 4639 780 4690 precra.
795 4621 857 4689 Ray.
936 4619 961 4687 a)
974 4622 1014 4672 vel
1029 4637 1074 4688 pro
1086 4620 1202 4670 balsamo
1215 4618 1277 4670 add.
1290 4617 1388 4669 Bur-clv.
1467 4619 1690 4685 fldlspensatione
1702 4619 1829 4670 donentur
1840 4619 1876 4671 id.

355 4710 378 4762 2.
416 4711 443 4770 al
462 4713 501 4764 De
519 4711 705 4763 claudicatione
723 4712 830 4762 infantie
848 4711 919 4760 rubr.
938 4726 981 4774 cp.
1000 4708 1062 4775 Ray.
1081 4707 1150 4774 App.
1237 4705 1265 4770 b)
1284 4706 1419 4774 prohibere
1436 4705 1471 4756 id.

354 4796 380 4849 4.
415 4797 441 4860 a)
459 4801 499 4850 De
522 4800 572 4850 illia
597 4783 755 4865 coniugatis,
780 4815 888 4864 quorum
913 4798 984 4862 leges
1005 4797 1120 4848 diversas
1143 4803 1211 4846 suut.
1254 4795 1293 4844 Ex
1316 4793 1404 4844 eodem
1429 4791 1474 4855 (sc.
1498 4791 1668 4858 'Il-iburiemr')
1690 4807 1746 4859 cap.
1760 4793 1817 4857 XV,
1835 4794 1876 4845 cui

212 4896 238 4934 to
254 4885 372 4936 interluit
389 4901 434 4937 rex
453 4886 576 4938 Aruolfus
593 4887 665 4938 mehr.
683 4903 725 4952 ap.
745 4885 843 4937 Buccis.
931 4883 959 4950 b>
978 4901 1027 4936 om.
1044 4883 1080 4934 id.
1168 4881 1193 4948 c)
1211 4882 1291 4934 isdem
1309 4880 1345 4932 id.

356 4969 380 5022 5.
417 4969 443 5035 a)
461 4973 500 5021 De
518 4988 612 5038 sponsa
630 4971 722 5036 fratris,
747 4971 768 5022 si
787 4973 864 5022 irater
881 4987 939 5022 eam
958 4970 1098 5021 violaverit.
1145 4971 1185 5019 Ex
1202 4967 1311 5020 concilio
1328 4967 1489 5018 Triburisnsi
1507 4982 1562 5032 cap.
1581 4967 1613 5030 X,
1636 4965 1678 5016 oui
1697 4965 1814 5016 interluit
1831 4982 1876 5018 rex

255 5058 378 5110 Amclfus
395 5058 464 5108 rubr.
484 5073 526 5122 cp.
546 5057 643 5110 Βανά).
746 5056 773 5124 b)
792 5056 854 5108 add.
872 5073 942 5107 marr.
961 5055 1005 5106 alt.
1024 5055 1053 5105 ia
1073 5053 1127 5105 aar.
1215 5052 1240 5116 c)
1258 5069 1290 5105 ea
1307 5071 1354 5104 om.
1374 5069 1435 5105 vero
1453 5051 1550 5103 Burole.
1638 5050 1664 5114 d)
1684 5069 1732 5103 om.
1753 5051 1808 5102 Gar.

357 5144 381 5196 6.
418 5143 446 5207 a)
464 5146 503 5195 De
520 5145 607 5197 adem
625 5162 660 5198 re.
701 5147 741 5196 Ex
759 5145 847 5197 eodem
867 5143 911 5207 (ac.
935 5141 1104 5207 meme)
1121 5141 1191 5192 mbr.
1211 5159 1253 5207 ap.
1272 5139 1345 5206 Repe
1375 5141 1414 5191 Da
1431 5139 1550 5202 muliere,
1575 5155 1634 5189 cnm
1652 5154 1704 5204 qua
1721 5146 1747 5190 et
1763 5145 1834 5204 pater
1852 5145 1877 5190 st

255 5231 324 5284 lilius
347 5233 465 5284 fornicati
486 5239 555 5284 sunt.
597 5233 637 5282 Ex
661 5233 768 5284 concilio
785 5231 948 5283 Triburisnsi
970 5247 1023 5296 cap.
1045 5230 1086 5280 VI.
1104 5227 1175 5278 rubr.
1194 5244 1237 5292 op.
1256 5227 1352 5278 Barcls.
1451 5226 1478 5290 b)
1498 5226 1639 5276 fornicatus
1657 5232 1772 5276 osteum
1790 5224 1877 5290 aliqua

213 5329 237 5368 ts
254 5319 360 5371 muliera
378 5319 421 5370 iid.
509 5318 535 5382 c)
554 5337 603 5371 om.
620 5319 666 5371 iia
753 5319 779 5382 d)
799 5319 904 5370 resciret
922 5317 1018 5368 Burclr.
1112 5313 1138 5378 e)
1156 5316 1222 5367 sorte
1240 5313 1310 5380 Ray,
1331 5312 1428 5364 Burclc.
1523 5309 1701 5378 llicrnicaria
1718 5319 1804 5362 autem
1822 5311 1878 5361 sine

255 5423 299 5473 aps
317 5407 430 5474 coniugii
450 5412 559 5456 maneat.
579 5405 676 5457 Burelr.
763 5403 790 5472 g)
809 5406 948 5456 fornicaria
966 5403 1026 5468 Bag.
1115 5400 1142 5467 h)
1160 5419 1230 5469 grav.
1250 5401 1342 5468 agend.
1361 5400 1396 5450 id.

359 5490 383 5544 7.
418 5493 445 5556 a)
468 5494 532 5544 Item
550 5492 582 5543 do
600 5492 710 5544 incestis.
755 5493 794 5542 Ex
818 5492 907 5544 θοάθιιι
924 5489 971 5554 (sc.
994 5487 1163 5553 lbiburieasi)
1184 5488 1256 5539 mbr.
1280 5505 1323 5554 op.
1347 5485 1423 5552 ΒΨ
1454 5487 1492 5536 De
1516 5486 1604 5537 mem
1628 5501 1662 5537 re.
1708 5485 1747 5535 Ex
1769 5483 1878 5537 concilio

255 5582 402 5638 Meamne
420 5596 474 5646 cap.
485 5581 515 5631 V.
533 5578 604 5629 neda
626 5595 670 5643 cp.
688 5578 785 5630 Buccis.
873 5575 901 5641 bl
918 5593 1061 5642 numquam
1080 5575 1134 5626 dari
1153 5583 1204 5641 pot.
1223 5573 1320 5626 Burcb.
1407 5571 1433 5636 e)
1451 5573 1496 5624 sed
1514 5589 1573 5624 cum
1585 5572 1744 5639 poenitentia
1761 5571 1875 5622 addid.

360 5735 385 5798 1)
404 5732 509 5791 Tamen
528 5731 562 5788 de
581 5734 731 5790 securitate
749 5737 795 5788 etc.
814 5730 926 5786 delendo
944 5747 995 5786 casa
1012 5735 1077 5786 recte
1095 5728 1202 5784 coniecit
1222 5727 1308 5782 Scala}
1325 5728 1342 5779 l.
1355 5743 1391 5793 c.,·
1407 5727 1453 5791 cfr.
1472 5743 1494 5780 c.
1513 5728 1555 5780 36.
