<?xml version="1.0" encoding="UTF-8"?>
<!DOCTYPE html PUBLIC "-//W3C//DTD XHTML 1.0 Transitional//EN"
    "http://www.w3.org/TR/xhtml1/DTD/xhtml1-transitional.dtd">
<html xmlns="http://www.w3.org/1999/xhtml" xml:lang="en" lang="en">
 <head>
  <title>
</title>
<meta http-equiv="Content-Type" content="text/html;charset=utf-8" />
  <meta name='ocr-system' content='tesseract 3.04.00' />
  <meta name='ocr-capabilities' content='ocr_page ocr_carea ocr_par ocr_line ocrx_word'/>
</head>
<body>
  <div class='ocr_page' id='page_1' title='image "./monumentagerman07mittgoog_0147.png"; bbox 0 0 4634 6436; ppageno 0'>
   <div class='ocr_carea' id='block_1_1' title="bbox 458 425 1613 492">
    <p class='ocr_par' dir='ltr' id='par_1_1' title="bbox 458 425 1613 492">
     <span class='ocr_line' id='line_1_1' title="bbox 458 425 1613 492; baseline -0.007 -4"><span class='ocrx_word' id='word_1_1' title='bbox 458 428 516 492; x_wconf 80' lang='grc'>106</span> <span class='ocrx_word' id='word_1_2' title='bbox 914 425 1161 482; x_wconf 81' lang='lat' dir='ltr'><strong>CAPITULARIA</strong></span> <span class='ocrx_word' id='word_1_3' title='bbox 1174 425 1343 481; x_wconf 87' lang='lat' dir='ltr'>WIDONIS.</span> <span class='ocrx_word' id='word_1_4' title='bbox 1362 458 1395 468; x_wconf 95' lang='lat'>-</span> <span class='ocrx_word' id='word_1_5' title='bbox 1413 427 1463 481; x_wconf 83' lang='lat' dir='ltr'>Nr.</span> <span class='ocrx_word' id='word_1_6' title='bbox 1476 426 1534 480; x_wconf 76' lang='lat'>222.</span> <span class='ocrx_word' id='word_1_7' title='bbox 1553 426 1613 481; x_wconf 77' lang='lat'><strong>223.</strong></span> 
     </span>
    </p>
   </div>
   <div class='ocr_carea' id='block_1_2' title="bbox 370 597 2122 2544">
    <p class='ocr_par' dir='ltr' id='par_1_2' title="bbox 370 597 2122 2544">
     <span class='ocr_line' id='line_1_2' title="bbox 370 597 2075 687; baseline 0.001 -27"><span class='ocrx_word' id='word_1_8' title='bbox 370 606 430 660; x_wconf 87' lang='lat'><strong>889.</strong></span> <span class='ocrx_word' id='word_1_9' title='bbox 452 598 614 678; x_wconf 87' lang='lat' dir='ltr'>venerint,</span> <span class='ocrx_word' id='word_1_10' title='bbox 646 618 707 662; x_wconf 92' lang='lat' dir='ltr'>nec</span> <span class='ocrx_word' id='word_1_11' title='bbox 737 597 849 682; x_wconf 89' lang='lat' dir='ltr'>lingua</span> <span class='ocrx_word' id='word_1_12' title='bbox 877 603 986 682; x_wconf 90' lang='lat' dir='ltr'>potest</span> <span class='ocrx_word' id='word_1_13' title='bbox 1014 600 1167 664; x_wconf 81' lang='lat' dir='ltr'>evolvere</span> <span class='ocrx_word' id='word_1_14' title='bbox 1195 621 1257 664; x_wconf 91' lang='lat' dir='ltr'>nec</span> <span class='ocrx_word' id='word_1_15' title='bbox 1284 600 1429 664; x_wconf 90' lang='lat' dir='ltr'>calamus</span> <span class='ocrx_word' id='word_1_16' title='bbox 1459 599 1637 684; x_wconf 85' lang='lat' dir='ltr'>explicare.</span> <span class='ocrx_word' id='word_1_17' title='bbox 1687 600 1772 687; x_wconf 82' lang='lat' dir='ltr'>Ipsis</span> <span class='ocrx_word' id='word_1_18' title='bbox 1795 599 1935 684; x_wconf 89' lang='lat' dir='ltr'>denique</span> <span class='ocrx_word' id='word_1_19' title='bbox 1959 597 2075 663; x_wconf 79' lang='lat' dir='ltr'>diebus</span> 
     </span>
     <span class='ocr_line' id='line_1_3' title="bbox 450 701 2075 789; baseline 0 -22"><span class='ocrx_word' id='word_1_20' title='bbox 450 703 545 786; x_wconf 88' lang='lat' dir='ltr'>quasi</span> <span class='ocrx_word' id='word_1_21' title='bbox 569 701 612 767; x_wconf 95' lang='lat' dir='ltr'>ad</span> <span class='ocrx_word' id='word_1_22' title='bbox 635 706 761 766; x_wconf 89' lang='lat' dir='ltr'>eertum</span> <span class='ocrx_word' id='word_1_23' title='bbox 784 701 911 786; x_wconf 90' lang='lat' dir='ltr'>signum</span> <span class='ocrx_word' id='word_1_24' title='bbox 937 711 1207 788; x_wconf 81' lang='lat' dir='ltr'>supervenerunt,</span> <span class='ocrx_word' id='word_1_25' title='bbox 1231 704 1285 788; x_wconf 91' lang='lat' dir='ltr'>qui</span> <span class='ocrx_word' id='word_1_26' title='bbox 1307 725 1366 789; x_wconf 91' lang='lat' dir='ltr'>pro</span> <span class='ocrx_word' id='word_1_27' title='bbox 1389 704 1450 768; x_wconf 90' lang='lat' dir='ltr'>hoe</span> <span class='ocrx_word' id='word_1_28' title='bbox 1473 723 1587 788; x_wconf 89' lang='lat' dir='ltr'>regno,</span> <span class='ocrx_word' id='word_1_29' title='bbox 1610 710 1646 767; x_wconf 88' lang='lat' dir='ltr'>ut</span> <span class='ocrx_word' id='word_1_30' title='bbox 1667 703 1729 768; x_wconf 93' lang='lat' dir='ltr'>sibi</span> <span class='ocrx_word' id='word_1_31' title='bbox 1744 703 1891 768; x_wconf 86' lang='lat' dir='ltr'>volentes</span> <span class='ocrx_word' id='word_1_32' title='bbox 1907 702 2075 767; x_wconf 88' lang='lat' dir='ltr'>nolentes-</span> 
     </span>
     <span class='ocr_line' id='line_1_4' title="bbox 449 802 2075 889; baseline -0.001 -19"><span class='ocrx_word' id='word_1_33' title='bbox 449 825 513 889; x_wconf 85' lang='lat' dir='ltr'>que</span> <span class='ocrx_word' id='word_1_34' title='bbox 539 804 792 885; x_wconf 79' lang='lat' dir='ltr'>adsentiremus,</span> <span class='ocrx_word' id='word_1_35' title='bbox 818 804 914 868; x_wconf 90' lang='lat' dir='ltr'>minis</span> <span class='ocrx_word' id='word_1_36' title='bbox 938 804 1076 870; x_wconf 84' lang='lat' dir='ltr'>diversis</span> <span class='ocrx_word' id='word_1_37' title='bbox 1100 813 1133 870; x_wconf 92' lang='lat' dir='ltr'>et</span> <span class='ocrx_word' id='word_1_38' title='bbox 1156 807 1363 871; x_wconf 78' lang='lat' dir='ltr'>suasionibus</span> <span class='ocrx_word' id='word_1_39' title='bbox 1387 807 1547 870; x_wconf 75' lang='lat' dir='ltr'>inlectos⁰</span> <span class='ocrx_word' id='word_1_40' title='bbox 1569 806 1690 870; x_wconf 84' lang='lat' dir='ltr'>furtive</span> <span class='ocrx_word' id='word_1_41' title='bbox 1713 827 1751 870; x_wconf 91' lang='lat' dir='ltr'>ac</span> <span class='ocrx_word' id='word_1_42' title='bbox 1773 804 1995 870; x_wconf 78' lang='lat' dir='ltr'>fraudulenter</span> <span class='ocrx_word' id='word_1_43' title='bbox 2017 802 2075 868; x_wconf 90' lang='lat' dir='ltr'>ad·</span> 
     </span>
     <span class='ocr_line' id='line_1_5' title="bbox 452 897 2076 994; baseline -0.002 -21"><span class='ocrx_word' id='word_1_44' title='bbox 452 915 633 973; x_wconf 82' lang='lat' dir='ltr'>traxerunt.</span> <span class='ocrx_word' id='word_1_45' title='bbox 669 907 734 972; x_wconf 84' lang='lat' dir='ltr'>Sed</span> <span class='ocrx_word' id='word_1_46' title='bbox 758 908 834 992; x_wconf 90' lang='lat' dir='ltr'>quia</span> <span class='ocrx_word' id='word_1_47' title='bbox 856 907 903 971; x_wconf 97' lang='lat' dir='ltr'>illi</span> <span class='ocrx_word' id='word_1_48' title='bbox 927 909 1175 993; x_wconf 86' lang='lat' dir='ltr'>superveniente</span> <span class='ocrx_word' id='word_1_49' title='bbox 1199 911 1372 994; x_wconf 89' lang='lat' dir='ltr'>perspicuo</span> <span class='ocrx_word' id='word_1_50' title='bbox 1394 909 1539 994; x_wconf 90' lang='lat' dir='ltr'>principe</span> <span class='ocrx_word' id='word_1_51' title='bbox 1551 907 1695 972; x_wconf 90' lang='lat' dir='ltr'>Widone</span> <span class='ocrx_word' id='word_1_52' title='bbox 1711 906 1762 971; x_wconf 89' lang='lat' dir='ltr'>bis</span> <span class='ocrx_word' id='word_1_53' title='bbox 1783 907 1848 972; x_wconf 90' lang='lat' dir='ltr'>iam</span> <span class='ocrx_word' id='word_1_54' title='bbox 1864 907 1944 992; x_wconf 86' lang='lat' dir='ltr'>fuga</span> <span class='ocrx_word' id='word_1_55' title='bbox 1958 897 2076 992; x_wconf 78' lang='lat' dir='ltr'>lcpsi12</span> 
     </span>
     <span class='ocr_line' id='line_1_6' title="bbox 450 1010 2120 1098; baseline -0.003 -23"><span class='ocrx_word' id='word_1_56' title='bbox 450 1016 488 1075; x_wconf 89' lang='lat' dir='ltr'>ut</span> <span class='ocrx_word' id='word_1_57' title='bbox 516 1011 625 1075; x_wconf 86' lang='lat' dir='ltr'>fumus</span> <span class='ocrx_word' id='word_1_58' title='bbox 655 1017 859 1076; x_wconf 85' lang='lat' dir='ltr'>evanuerunt</span> <span class='ocrx_word' id='word_1_59' title='bbox 890 1031 1015 1095; x_wconf 90' lang='lat' dir='ltr'>nosque</span> <span class='ocrx_word' id='word_1_60' title='bbox 1048 1012 1080 1074; x_wconf 92' lang='lat' dir='ltr'>in</span> <span class='ocrx_word' id='word_1_61' title='bbox 1108 1011 1261 1097; x_wconf 88' lang='lat' dir='ltr'>ambiguo</span> <span class='ocrx_word' id='word_1_62' title='bbox 1289 1013 1493 1098; x_wconf 89' lang='lat' dir='ltr'>reliquerunt</span> <span class='ocrx_word' id='word_1_63' title='bbox 1519 1018 1684 1096; x_wconf 77' lang='lat' dir='ltr'>tamquam</span> <span class='ocrx_word' id='word_1_64' title='bbox 1713 1031 1790 1075; x_wconf 87' lang='lat' dir='ltr'>oves</span> <span class='ocrx_word' id='word_1_65' title='bbox 1824 1030 1889 1075; x_wconf 92' lang='lat' dir='ltr'>non</span> <span class='ocrx_word' id='word_1_66' title='bbox 1918 1010 2076 1076; x_wconf 78' lang='lat' dir='ltr'>habentes</span> <span class='ocrx_word' id='word_1_67' title='bbox 2107 1031 2120 1070; x_wconf 81' lang='grc' dir='ltr'>ι</span> 
     </span>
     <span class='ocr_line' id='line_1_7' title="bbox 452 1114 2077 1200; baseline 0 -20"><span class='ocrx_word' id='word_1_68' title='bbox 452 1121 629 1200; x_wconf 90' lang='lat' dir='ltr'>pastorem,</span> <span class='ocrx_word' id='word_1_69' title='bbox 651 1115 871 1179; x_wconf 87' lang='lat' dir='ltr'>necessarium</span> <span class='ocrx_word' id='word_1_70' title='bbox 893 1115 1044 1180; x_wconf 86' lang='lat' dir='ltr'>duximus</span> <span class='ocrx_word' id='word_1_71' title='bbox 1068 1117 1107 1181; x_wconf 91' lang='lat' dir='ltr'>ad</span> <span class='ocrx_word' id='word_1_72' title='bbox 1132 1123 1279 1182; x_wconf 91' lang='lat' dir='ltr'>mutuum</span> <span class='ocrx_word' id='word_1_73' title='bbox 1302 1116 1498 1200; x_wconf 81' lang='lat' dir='ltr'>colloquium</span> <span class='ocrx_word' id='word_1_74' title='bbox 1516 1115 1617 1199; x_wconf 88' lang='lat' dir='ltr'>Papie</span> <span class='ocrx_word' id='word_1_75' title='bbox 1638 1114 1671 1178; x_wconf 94' lang='lat' dir='ltr'>in</span> <span class='ocrx_word' id='word_1_76' title='bbox 1692 1115 1768 1178; x_wconf 86' lang='lat' dir='ltr'>aula</span> <span class='ocrx_word' id='word_1_77' title='bbox 1786 1115 1876 1198; x_wconf 90' lang='lat' dir='ltr'>regia</span> <span class='ocrx_word' id='word_1_78' title='bbox 1892 1114 2077 1180; x_wconf 87' lang='lat' dir='ltr'>convenire.</span> 
     </span>
     <span class='ocr_line' id='line_1_8' title="bbox 451 1216 2077 1305; baseline 0 -23"><span class='ocrx_word' id='word_1_79' title='bbox 451 1218 567 1303; x_wconf 88' lang='lat' dir='ltr'>Ibique</span> <span class='ocrx_word' id='word_1_80' title='bbox 591 1218 632 1283; x_wconf 90' lang='lat' dir='ltr'>de</span> <span class='ocrx_word' id='word_1_81' title='bbox 657 1219 819 1283; x_wconf 89' lang='lat' dir='ltr'>communi</span> <span class='ocrx_word' id='word_1_82' title='bbox 846 1219 951 1284; x_wconf 86' lang='lat' dir='ltr'>selute</span> <span class='ocrx_word' id='word_1_83' title='bbox 976 1225 1009 1283; x_wconf 91' lang='lat' dir='ltr'>et</span> <span class='ocrx_word' id='word_1_84' title='bbox 1033 1226 1122 1284; x_wconf 88' lang='lat' dir='ltr'>statu</span> <span class='ocrx_word' id='word_1_85' title='bbox 1145 1219 1241 1285; x_wconf 90' lang='lat' dir='ltr'>buius</span> <span class='ocrx_word' id='word_1_86' title='bbox 1264 1220 1357 1305; x_wconf 88' lang='lat' dir='ltr'>regni</span> <span class='ocrx_word' id='word_1_87' title='bbox 1378 1219 1517 1284; x_wconf 86' lang='lat' dir='ltr'>sollicite</span> <span class='ocrx_word' id='word_1_88' title='bbox 1538 1223 1776 1303; x_wconf 82' lang='lat' dir='ltr'>pertractantes</span> <span class='ocrx_word' id='word_1_89' title='bbox 1792 1216 1997 1282; x_wconf 82' lang='lat' dir='ltr'>decrevimus</span> <span class='ocrx_word' id='word_1_90' title='bbox 2012 1238 2077 1282; x_wconf 90' lang='lat' dir='ltr'>nno</span> 
     </span>
     <span class='ocr_line' id='line_1_9' title="bbox 452 1319 2078 1409; baseline -0.001 -22"><span class='ocrx_word' id='word_1_91' title='bbox 452 1323 562 1387; x_wconf 88' lang='lat' dir='ltr'>animo</span> <span class='ocrx_word' id='word_1_92' title='bbox 596 1321 779 1407; x_wconf 89' lang='lat' dir='ltr'>eademque</span> <span class='ocrx_word' id='word_1_93' title='bbox 818 1323 984 1387; x_wconf 88' lang='lat' dir='ltr'>sententia</span> <span class='ocrx_word' id='word_1_94' title='bbox 1020 1323 1204 1409; x_wconf 80' lang='lat' dir='ltr'>praefatum</span> <span class='ocrx_word' id='word_1_95' title='bbox 1238 1323 1482 1409; x_wconf 87' lang='lat' dir='ltr'>magnanimum</span> <span class='ocrx_word' id='word_1_96' title='bbox 1516 1321 1696 1407; x_wconf 89' lang='lat' dir='ltr'>prinoipem</span> <span class='ocrx_word' id='word_1_97' title='bbox 1718 1319 1895 1384; x_wconf 89' lang='lat' dir='ltr'>Widonem</span> <span class='ocrx_word' id='word_1_98' title='bbox 1930 1319 1972 1385; x_wconf 87' lang='lat' dir='ltr'>ad</span> <span class='ocrx_word' id='word_1_99' title='bbox 2003 1341 2078 1406; x_wconf 91' lang='lat' dir='ltr'>pro-</span> 
     </span>
     <span class='ocr_line' id='line_1_10' title="bbox 451 1423 2077 1510; baseline 0 -22"><span class='ocrx_word' id='word_1_100' title='bbox 451 1423 629 1509; x_wconf 86' lang='lat' dir='ltr'>tegendum</span> <span class='ocrx_word' id='word_1_101' title='bbox 659 1431 693 1490; x_wconf 92' lang='lat' dir='ltr'>et</span> <span class='ocrx_word' id='word_1_102' title='bbox 723 1426 878 1510; x_wconf 85' lang='lat' dir='ltr'>regaliter</span> <span class='ocrx_word' id='word_1_103' title='bbox 908 1425 1157 1509; x_wconf 86' lang='lat' dir='ltr'>gubernandum</span> <span class='ocrx_word' id='word_1_104' title='bbox 1188 1447 1247 1491; x_wconf 90' lang='lat' dir='ltr'>nos</span> <span class='ocrx_word' id='word_1_105' title='bbox 1280 1427 1313 1490; x_wconf 94' lang='lat' dir='ltr'>in</span> <span class='ocrx_word' id='word_1_106' title='bbox 1343 1446 1455 1510; x_wconf 87' lang='lat' dir='ltr'>regem</span> <span class='ocrx_word' id='word_1_107' title='bbox 1483 1433 1518 1490; x_wconf 86' lang='lat' dir='ltr'>et</span> <span class='ocrx_word' id='word_1_108' title='bbox 1544 1426 1704 1489; x_wconf 90' lang='lat' dir='ltr'>seniorem</span> <span class='ocrx_word' id='word_1_109' title='bbox 1727 1423 1821 1487; x_wconf 93' lang='lat' dir='ltr'>nobis</span> <span class='ocrx_word' id='word_1_110' title='bbox 1844 1424 1967 1508; x_wconf 81' lang='lat' dir='ltr'>eligere</span> <span class='ocrx_word' id='word_1_111' title='bbox 1991 1430 2023 1489; x_wconf 89' lang='lat' dir='ltr'>et</span> <span class='ocrx_word' id='word_1_112' title='bbox 2045 1424 2077 1488; x_wconf 91' lang='lat' dir='ltr'>in</span> 
     </span>
     <span class='ocr_line' id='line_1_11' title="bbox 451 1526 2122 1615; baseline -0.005 -24"><span class='ocrx_word' id='word_1_113' title='bbox 451 1528 545 1613; x_wconf 90' lang='lat' dir='ltr'>regni</span> <span class='ocrx_word' id='word_1_114' title='bbox 572 1529 738 1614; x_wconf 86' lang='lat' dir='ltr'>fastigium</span> <span class='ocrx_word' id='word_1_115' title='bbox 763 1528 835 1594; x_wconf 91' lang='lat' dir='ltr'>Deo</span> <span class='ocrx_word' id='word_1_116' title='bbox 862 1530 1039 1593; x_wconf 86' lang='lat' dir='ltr'>miserente</span> <span class='ocrx_word' id='word_1_117' title='bbox 1063 1530 1225 1615; x_wconf 87' lang='lat' dir='ltr'>prefigere</span> <span class='ocrx_word' id='word_1_118' title='bbox 1248 1551 1307 1615; x_wconf 90' lang='lat' dir='ltr'>pro</span> <span class='ocrx_word' id='word_1_119' title='bbox 1332 1549 1389 1606; x_wconf 83' lang='lat' dir='ltr'>eo,</span> <span class='ocrx_word' id='word_1_120' title='bbox 1422 1528 1507 1614; x_wconf 94' lang='lat' dir='ltr'>quod</span> <span class='ocrx_word' id='word_1_121' title='bbox 1531 1527 1634 1592; x_wconf 92' lang='lat' dir='ltr'>isdem</span> <span class='ocrx_word' id='word_1_122' title='bbox 1656 1527 1849 1612; x_wconf 86' lang='lat' dir='ltr'>magnificus</span> <span class='ocrx_word' id='word_1_123' title='bbox 1877 1547 1936 1591; x_wconf 86' lang='lat' dir='ltr'>rex</span> <span class='ocrx_word' id='word_1_124' title='bbox 1958 1526 2122 1607; x_wconf 86' lang='lat' dir='ltr'>divino,10</span> 
     </span>
     <span class='ocr_line' id='line_1_12' title="bbox 451 1630 2076 1718; baseline -0.001 -24"><span class='ocrx_word' id='word_1_125' title='bbox 451 1638 487 1695; x_wconf 91' lang='lat' dir='ltr'>ut</span> <span class='ocrx_word' id='word_1_126' title='bbox 511 1631 689 1711; x_wconf 89' lang='lat' dir='ltr'>credimus,</span> <span class='ocrx_word' id='word_1_127' title='bbox 718 1637 884 1716; x_wconf 86' lang='lat' dir='ltr'>protectus</span> <span class='ocrx_word' id='word_1_128' title='bbox 909 1632 1031 1695; x_wconf 83' lang='lat' dir='ltr'>auxilio</span> <span class='ocrx_word' id='word_1_129' title='bbox 1056 1631 1096 1695; x_wconf 91' lang='lat' dir='ltr'>de</span> <span class='ocrx_word' id='word_1_130' title='bbox 1120 1631 1269 1696; x_wconf 86' lang='lat' dir='ltr'>hostibus</span> <span class='ocrx_word' id='word_1_131' title='bbox 1293 1638 1445 1718; x_wconf 86' lang='lat' dir='ltr'>potenter</span> <span class='ocrx_word' id='word_1_132' title='bbox 1467 1630 1680 1717; x_wconf 84' lang='lat' dir='ltr'>triumphavit</span> <span class='ocrx_word' id='word_1_133' title='bbox 1703 1637 1736 1695; x_wconf 89' lang='lat' dir='ltr'>et</span> <span class='ocrx_word' id='word_1_134' title='bbox 1757 1630 1821 1694; x_wconf 91' lang='lat' dir='ltr'>hoc</span> <span class='ocrx_word' id='word_1_135' title='bbox 1843 1651 1907 1693; x_wconf 93' lang='lat' dir='ltr'>non</span> <span class='ocrx_word' id='word_1_136' title='bbox 1931 1650 1989 1694; x_wconf 89' lang='lat' dir='ltr'>sue</span> <span class='ocrx_word' id='word_1_137' title='bbox 2011 1631 2076 1693; x_wconf 81' lang='lat' dir='ltr'>vir-</span> 
     </span>
     <span class='ocr_line' id='line_1_13' title="bbox 452 1733 2077 1821; baseline -0.001 -23"><span class='ocrx_word' id='word_1_138' title='bbox 452 1734 561 1814; x_wconf 67' lang='lat' dir='ltr'>tutisd,</span> <span class='ocrx_word' id='word_1_139' title='bbox 586 1734 644 1800; x_wconf 91' lang='lat' dir='ltr'>sed</span> <span class='ocrx_word' id='word_1_140' title='bbox 668 1741 771 1798; x_wconf 93' lang='lat' dir='ltr'>totum</span> <span class='ocrx_word' id='word_1_141' title='bbox 796 1734 925 1800; x_wconf 87' lang='lat' dir='ltr'>divinae</span> <span class='ocrx_word' id='word_1_142' title='bbox 949 1736 1188 1800; x_wconf 83' lang='lat' dir='ltr'>miserationis⁰</span> <span class='ocrx_word' id='word_1_143' title='bbox 1211 1733 1454 1821; x_wconf 77' lang='lat' dir='ltr'>providentiaer</span> <span class='ocrx_word' id='word_1_144' title='bbox 1473 1734 1641 1809; x_wconf 81' lang='lat' dir='ltr'>adtribuit,</span> <span class='ocrx_word' id='word_1_145' title='bbox 1664 1734 1798 1819; x_wconf 86' lang='lat' dir='ltr'>insuper</span> <span class='ocrx_word' id='word_1_146' title='bbox 1817 1733 1914 1816; x_wconf 88' lang='lat' dir='ltr'>etiam</span> <span class='ocrx_word' id='word_1_147' title='bbox 1932 1740 2077 1797; x_wconf 85' lang='lat' dir='ltr'>sanctam</span> 
     </span>
     <span class='ocr_line' id='line_1_14' title="bbox 452 1835 2077 1923; baseline -0.002 -21"><span class='ocrx_word' id='word_1_148' title='bbox 452 1838 632 1902; x_wconf 89' lang='lat' dir='ltr'>Romanam</span> <span class='ocrx_word' id='word_1_149' title='bbox 656 1838 831 1903; x_wconf 88' lang='lat' dir='ltr'>ecclesiam</span> <span class='ocrx_word' id='word_1_150' title='bbox 855 1858 896 1901; x_wconf 85' lang='lat' dir='ltr'>ex</span> <span class='ocrx_word' id='word_1_151' title='bbox 921 1837 1019 1902; x_wconf 88' lang='lat' dir='ltr'>corde</span> <span class='ocrx_word' id='word_1_152' title='bbox 1044 1859 1079 1901; x_wconf 92' lang='lat' dir='ltr'>sc</span> <span class='ocrx_word' id='word_1_153' title='bbox 1103 1838 1237 1923; x_wconf 90' lang='lat' dir='ltr'>diligere</span> <span class='ocrx_word' id='word_1_154' title='bbox 1261 1844 1294 1903; x_wconf 90' lang='lat' dir='ltr'>ct</span> <span class='ocrx_word' id='word_1_155' title='bbox 1314 1838 1460 1902; x_wconf 85' lang='lat' dir='ltr'>exaltare</span> <span class='ocrx_word' id='word_1_156' title='bbox 1485 1841 1517 1901; x_wconf 92' lang='lat' dir='ltr'>et</span> <span class='ocrx_word' id='word_1_157' title='bbox 1540 1835 1766 1900; x_wconf 86' lang='lat' dir='ltr'>ecclesiastica</span> <span class='ocrx_word' id='word_1_158' title='bbox 1788 1836 1860 1900; x_wconf 85' lang='lat' dir='ltr'>iure</span> <span class='ocrx_word' id='word_1_159' title='bbox 1879 1835 1911 1899; x_wconf 90' lang='lat' dir='ltr'>in</span> <span class='ocrx_word' id='word_1_160' title='bbox 1928 1835 2077 1900; x_wconf 88' lang='lat' dir='ltr'>omnibus</span> 
     </span>
     <span class='ocr_line' id='line_1_15' title="bbox 452 1938 2078 2026; baseline -0.001 -22"><span class='ocrx_word' id='word_1_161' title='bbox 452 1940 628 2005; x_wconf 84' lang='lat' dir='ltr'>observare</span> <span class='ocrx_word' id='word_1_162' title='bbox 660 1948 694 2006; x_wconf 91' lang='lat' dir='ltr'>et</span> <span class='ocrx_word' id='word_1_163' title='bbox 721 1942 811 2026; x_wconf 89' lang='lat' dir='ltr'>leges</span> <span class='ocrx_word' id='word_1_164' title='bbox 839 1941 985 2026; x_wconf 90' lang='lat' dir='ltr'>proprias</span> <span class='ocrx_word' id='word_1_165' title='bbox 1016 1940 1153 2025; x_wconf 92' lang='lat' dir='ltr'>singulis</span> <span class='ocrx_word' id='word_1_166' title='bbox 1177 1941 1356 2026; x_wconf 91' lang='lat' dir='ltr'>quibusque</span> <span class='ocrx_word' id='word_1_167' title='bbox 1385 1941 1444 2004; x_wconf 90' lang='lat' dir='ltr'>sub</span> <span class='ocrx_word' id='word_1_168' title='bbox 1475 1961 1535 2004; x_wconf 89' lang='lat' dir='ltr'>sua</span> <span class='ocrx_word' id='word_1_169' title='bbox 1558 1939 1681 2003; x_wconf 86' lang='lat' dir='ltr'>ditione</span> <span class='ocrx_word' id='word_1_170' title='bbox 1704 1939 1817 2024; x_wconf 88' lang='lat' dir='ltr'>positis</span> <span class='ocrx_word' id='word_1_171' title='bbox 1842 1938 2020 2003; x_wconf 88' lang='lat' dir='ltr'>concedere</span> <span class='ocrx_word' id='word_1_172' title='bbox 2045 1945 2078 2003; x_wconf 92' lang='lat' dir='ltr'>et</span> 
     </span>
     <span class='ocr_line' id='line_1_16' title="bbox 453 2040 2120 2129; baseline -0.004 -23"><span class='ocrx_word' id='word_1_173' title='bbox 453 2042 583 2129; x_wconf 90' lang='lat' dir='ltr'>rapinas</span> <span class='ocrx_word' id='word_1_174' title='bbox 612 2042 652 2107; x_wconf 93' lang='lat' dir='ltr'>de</span> <span class='ocrx_word' id='word_1_175' title='bbox 684 2064 741 2108; x_wconf 91' lang='lat' dir='ltr'>suo</span> <span class='ocrx_word' id='word_1_176' title='bbox 773 2063 874 2128; x_wconf 87' lang='lat' dir='ltr'>regno</span> <span class='ocrx_word' id='word_1_177' title='bbox 904 2043 1034 2127; x_wconf 88' lang='lat' dir='ltr'>penitus</span> <span class='ocrx_word' id='word_1_178' title='bbox 1062 2043 1226 2128; x_wconf 83' lang='lat' dir='ltr'>extirpare</span> <span class='ocrx_word' id='word_1_179' title='bbox 1259 2050 1292 2107; x_wconf 91' lang='lat' dir='ltr'>et</span> <span class='ocrx_word' id='word_1_180' title='bbox 1319 2063 1434 2128; x_wconf 88' lang='lat' dir='ltr'>paoem</span> <span class='ocrx_word' id='word_1_181' title='bbox 1464 2043 1641 2106; x_wconf 85' lang='lat' dir='ltr'>reformare</span> <span class='ocrx_word' id='word_1_182' title='bbox 1671 2049 1703 2106; x_wconf 88' lang='lat' dir='ltr'>et</span> <span class='ocrx_word' id='word_1_183' title='bbox 1732 2040 1897 2105; x_wconf 86' lang='lat' dir='ltr'>custodire</span> <span class='ocrx_word' id='word_1_184' title='bbox 1927 2063 1963 2106; x_wconf 91' lang='lat' dir='ltr'>se</span> <span class='ocrx_word' id='word_1_185' title='bbox 1993 2041 2075 2105; x_wconf 83' lang='lat' dir='ltr'>velle</span> <span class='ocrx_word' id='word_1_186' title='bbox 2096 2061 2120 2100; x_wconf 81' lang='lat' dir='ltr'>rs</span> 
     </span>
     <span class='ocr_line' id='line_1_17' title="bbox 452 2143 2077 2232; baseline -0.001 -23"><span class='ocrx_word' id='word_1_187' title='bbox 452 2144 525 2209; x_wconf 91' lang='lat' dir='ltr'>Deo</span> <span class='ocrx_word' id='word_1_188' title='bbox 552 2150 638 2211; x_wconf 89' lang='lat' dir='ltr'>teste</span> <span class='ocrx_word' id='word_1_189' title='bbox 666 2147 834 2232; x_wconf 86' lang='lat' dir='ltr'>professus</span> <span class='ocrx_word' id='word_1_190' title='bbox 864 2151 924 2209; x_wconf 89' lang='lat' dir='ltr'>est.</span> <span class='ocrx_word' id='word_1_191' title='bbox 969 2144 1034 2210; x_wconf 93' lang='lat' dir='ltr'>Pro</span> <span class='ocrx_word' id='word_1_192' title='bbox 1061 2145 1111 2209; x_wconf 92' lang='lat' dir='ltr'>his</span> <span class='ocrx_word' id='word_1_193' title='bbox 1140 2166 1218 2230; x_wconf 89' lang='lat' dir='ltr'>ergo</span> <span class='ocrx_word' id='word_1_194' title='bbox 1243 2151 1276 2210; x_wconf 89' lang='lat' dir='ltr'>et</span> <span class='ocrx_word' id='word_1_195' title='bbox 1299 2145 1370 2208; x_wconf 87' lang='lat' dir='ltr'>aliis</span> <span class='ocrx_word' id='word_1_196' title='bbox 1396 2144 1506 2208; x_wconf 90' lang='lat' dir='ltr'>multis</span> <span class='ocrx_word' id='word_1_197' title='bbox 1530 2146 1600 2210; x_wconf 91' lang='lat' dir='ltr'>eius</span> <span class='ocrx_word' id='word_1_198' title='bbox 1625 2143 1730 2208; x_wconf 89' lang='lat' dir='ltr'>bonae</span> <span class='ocrx_word' id='word_1_199' title='bbox 1753 2144 1931 2208; x_wconf 81' lang='lat' dir='ltr'>voluntatis</span> <span class='ocrx_word' id='word_1_200' title='bbox 1955 2144 2077 2208; x_wconf 91' lang='lat' dir='ltr'>inditiis</span> 
     </span>
     <span class='ocr_line' id='line_1_18' title="bbox 452 2247 2079 2334; baseline 0.001 -23"><span class='ocrx_word' id='word_1_201' title='bbox 452 2247 575 2334; x_wconf 90' lang='lat' dir='ltr'>ipsum,</span> <span class='ocrx_word' id='word_1_202' title='bbox 609 2254 645 2313; x_wconf 93' lang='lat' dir='ltr'>ut</span> <span class='ocrx_word' id='word_1_203' title='bbox 675 2248 925 2333; x_wconf 90' lang='lat' dir='ltr'>prelibavimus,</span> <span class='ocrx_word' id='word_1_204' title='bbox 958 2247 1000 2311; x_wconf 85' lang='lat' dir='ltr'>ad</span> <span class='ocrx_word' id='word_1_205' title='bbox 1027 2249 1120 2334; x_wconf 91' lang='lat' dir='ltr'>regni</span> <span class='ocrx_word' id='word_1_206' title='bbox 1148 2249 1244 2314; x_wconf 90' lang='lat' dir='ltr'>huius</span> <span class='ocrx_word' id='word_1_207' title='bbox 1276 2249 1498 2334; x_wconf 88' lang='lat' dir='ltr'>gubernacula</span> <span class='ocrx_word' id='word_1_208' title='bbox 1525 2250 1717 2327; x_wconf 82' lang='lat' dir='ltr'>ascivimus,</span> <span class='ocrx_word' id='word_1_209' title='bbox 1748 2248 1844 2334; x_wconf 89' lang='lat' dir='ltr'>eique</span> <span class='ocrx_word' id='word_1_210' title='bbox 1867 2255 1936 2313; x_wconf 90' lang='lat' dir='ltr'>toto</span> <span class='ocrx_word' id='word_1_211' title='bbox 1960 2249 2079 2314; x_wconf 90' lang='lat' dir='ltr'>mentis</span> 
     </span>
     <span class='ocr_line' id='line_1_19' title="bbox 454 2352 2079 2439; baseline 0 -23"><span class='ocrx_word' id='word_1_212' title='bbox 454 2354 528 2418; x_wconf 91' lang='lat' dir='ltr'>nisu</span> <span class='ocrx_word' id='word_1_213' title='bbox 549 2352 737 2418; x_wconf 86' lang='lat' dir='ltr'>adhesimus</span> <span class='ocrx_word' id='word_1_214' title='bbox 761 2353 921 2418; x_wconf 89' lang='lat' dir='ltr'>seniorem</span> <span class='ocrx_word' id='word_1_215' title='bbox 944 2353 1125 2438; x_wconf 89' lang='lat' dir='ltr'>piissimum</span> <span class='ocrx_word' id='word_1_216' title='bbox 1148 2361 1182 2418; x_wconf 91' lang='lat' dir='ltr'>et</span> <span class='ocrx_word' id='word_1_217' title='bbox 1204 2375 1314 2439; x_wconf 90' lang='lat' dir='ltr'>regem</span> <span class='ocrx_word' id='word_1_218' title='bbox 1335 2353 1652 2421; x_wconf 66' lang='lat' dir='ltr'>excellentissimum,</span> <span class='ocrx_word' id='word_1_219' title='bbox 1667 2352 1738 2438; x_wconf 83' lang='lat' dir='ltr'>peri</span> <span class='ocrx_word' id='word_1_220' title='bbox 1759 2371 1921 2416; x_wconf 90' lang='lat' dir='ltr'>consensu</span> <span class='ocrx_word' id='word_1_221' title='bbox 1942 2373 1984 2417; x_wconf 86' lang='lat' dir='ltr'>ex</span> <span class='ocrx_word' id='word_1_222' title='bbox 2006 2352 2079 2417; x_wconf 88' lang='lat' dir='ltr'>hinc</span> 
     </span>
     <span class='ocr_line' id='line_1_20' title="bbox 454 2456 985 2544; baseline 0 -23"><span class='ocrx_word' id='word_1_223' title='bbox 454 2462 488 2521; x_wconf 89' lang='lat' dir='ltr'>et</span> <span class='ocrx_word' id='word_1_224' title='bbox 510 2457 544 2520; x_wconf 90' lang='lat' dir='ltr'>in</span> <span class='ocrx_word' id='word_1_225' title='bbox 566 2463 734 2544; x_wconf 89' lang='lat' dir='ltr'>posterum</span> <span class='ocrx_word' id='word_1_226' title='bbox 757 2456 985 2522; x_wconf 89' lang='lat' dir='ltr'>decernentes.</span> 
     </span>
    </p>
   </div>
   <div class='ocr_carea' id='block_1_3' title="bbox 557 2643 2123 2713">
    <p class='ocr_par' dir='ltr' id='par_1_3' title="bbox 557 2643 2123 2713">
     <span class='ocr_line' id='line_1_21' title="bbox 557 2643 2123 2713; baseline -0.002 -16"><span class='ocrx_word' id='word_1_227' title='bbox 557 2643 581 2708; x_wconf 84' lang='lat' dir='ltr'>e)</span> <span class='ocrx_word' id='word_1_228' title='bbox 599 2645 715 2696; x_wconf 85' lang='lat' dir='ltr'>inretitos</span> <span class='ocrx_word' id='word_1_229' title='bbox 734 2645 795 2696; x_wconf 78' lang='lat' dir='ltr'>Ant.</span> <span class='ocrx_word' id='word_1_230' title='bbox 874 2645 900 2708; x_wconf 87' lang='lat' dir='ltr'>d)</span> <span class='ocrx_word' id='word_1_231' title='bbox 919 2647 1009 2698; x_wconf 83' lang='lat' dir='ltr'>virtuti</span> <span class='ocrx_word' id='word_1_232' title='bbox 1027 2647 1088 2697; x_wconf 77' lang='lat' dir='ltr'>Ant.</span> <span class='ocrx_word' id='word_1_233' title='bbox 1170 2646 1194 2711; x_wconf 87' lang='lat' dir='ltr'>e)</span> <span class='ocrx_word' id='word_1_234' title='bbox 1213 2646 1400 2698; x_wconf 84' lang='lat' dir='ltr'>misericordias</span> <span class='ocrx_word' id='word_1_235' title='bbox 1419 2645 1479 2697; x_wconf 78' lang='lat' dir='ltr'>Ant.</span> <span class='ocrx_word' id='word_1_236' title='bbox 1560 2645 1582 2710; x_wconf 79' lang='lat' dir='ltr'>s)</span> <span class='ocrx_word' id='word_1_237' title='bbox 1600 2646 1738 2713; x_wconf 85' lang='lat' dir='ltr'>prudenter</span> <span class='ocrx_word' id='word_1_238' title='bbox 1756 2645 1831 2708; x_wconf 79' lang='lat' dir='ltr'>Aat.,·</span> <span class='ocrx_word' id='word_1_239' title='bbox 1852 2645 2009 2713; x_wconf 83' lang='lat' dir='ltr'>providentis</span> <span class='ocrx_word' id='word_1_240' title='bbox 2028 2643 2080 2697; x_wconf 76' lang='lat' dir='ltr'>SS.</span> <span class='ocrx_word' id='word_1_241' title='bbox 2098 2654 2123 2694; x_wconf 75' lang='lat' dir='ltr'>uo</span> 
     </span>
    </p>
   </div>
   <div class='ocr_carea' id='block_1_4' title="bbox 454 2813 2080 2986">
    <p class='ocr_par' dir='ltr' id='par_1_4' title="bbox 454 2813 2080 2986">
     <span class='ocr_line' id='line_1_22' title="bbox 559 2813 2080 2884; baseline 0.001 -17"><span class='ocrx_word' id='word_1_242' title='bbox 559 2814 602 2880; x_wconf 75' lang='lat'>12)</span> <span class='ocrx_word' id='word_1_243' title='bbox 623 2813 747 2868; x_wconf 79' lang='lat' dir='ltr'>Primam</span> <span class='ocrx_word' id='word_1_244' title='bbox 770 2813 807 2866; x_wconf 86' lang='lat' dir='ltr'>ad</span> <span class='ocrx_word' id='word_1_245' title='bbox 824 2815 950 2869; x_wconf 72' lang='lat' dir='ltr'>Brixiam</span> <span class='ocrx_word' id='word_1_246' title='bbox 973 2833 999 2870; x_wconf 89' lang='lat' dir='ltr'>a.</span> <span class='ocrx_word' id='word_1_247' title='bbox 1014 2817 1074 2869; x_wconf 70' lang='lat'><strong>888.</strong></span> <span class='ocrx_word' id='word_1_248' title='bbox 1093 2833 1126 2870; x_wconf 85' lang='lat' dir='ltr'>m.</span> <span class='ocrx_word' id='word_1_249' title='bbox 1141 2816 1211 2881; x_wconf 86' lang='lat' dir='ltr'>Oct.,·</span> <span class='ocrx_word' id='word_1_250' title='bbox 1239 2819 1295 2869; x_wconf 77' lang='lat' dir='ltr'>tam</span> <span class='ocrx_word' id='word_1_251' title='bbox 1315 2816 1431 2882; x_wconf 77' lang='lat' dir='ltr'>sortasse</span> <span class='ocrx_word' id='word_1_252' title='bbox 1454 2815 1490 2869; x_wconf 80' lang='lat' dir='ltr'>od</span> <span class='ocrx_word' id='word_1_253' title='bbox 1511 2814 1632 2868; x_wconf 81' lang='lat' dir='ltr'>Trebiam</span> <span class='ocrx_word' id='word_1_254' title='bbox 1652 2817 1766 2884; x_wconf 74' lang='lat' dir='ltr'>[lamam</span> <span class='ocrx_word' id='word_1_255' title='bbox 1786 2835 1812 2872; x_wconf 89' lang='lat' dir='ltr'>o.</span> <span class='ocrx_word' id='word_1_256' title='bbox 1829 2815 1888 2869; x_wconf 86' lang='lat'>889.</span> <span class='ocrx_word' id='word_1_257' title='bbox 1910 2814 2005 2879; x_wconf 56' lang='lat' dir='ltr'>irritem</span> <span class='ocrx_word' id='word_1_258' title='bbox 2031 2814 2080 2879; x_wconf 74' lang='lat' dir='ltr'>cfr.</span> 
     </span>
     <span class='ocr_line' id='line_1_23' title="bbox 454 2915 1102 2986; baseline -0.003 -16"><span class='ocrx_word' id='word_1_259' title='bbox 454 2915 600 2983; x_wconf 59' lang='lat' dir='ltr'>Dslmmlm</span> <span class='ocrx_word' id='word_1_260' title='bbox 618 2916 634 2969; x_wconf 89' lang='lat' dir='ltr'>l.</span> <span class='ocrx_word' id='word_1_261' title='bbox 654 2932 675 2968; x_wconf 80' lang='lat' dir='ltr'>e</span> <span class='ocrx_word' id='word_1_262' title='bbox 694 2915 772 2984; x_wconf 85' lang='lat'>111¹,</span> <span class='ocrx_word' id='word_1_263' title='bbox 786 2933 815 2984; x_wconf 78' lang='lat' dir='ltr'>p.</span> <span class='ocrx_word' id='word_1_264' title='bbox 828 2916 880 2970; x_wconf 79' lang='lat'>3⁴24</span> <span class='ocrx_word' id='word_1_265' title='bbox 891 2933 943 2986; x_wconf 80' lang='lat' dir='ltr'>sq.,·</span> <span class='ocrx_word' id='word_1_266' title='bbox 960 2934 989 2984; x_wconf 84' lang='lat' dir='ltr'>p.</span> <span class='ocrx_word' id='word_1_267' title='bbox 1001 2918 1053 2971; x_wconf 85' lang='grc'>365</span> <span class='ocrx_word' id='word_1_268' title='bbox 1064 2933 1102 2984; x_wconf 78' lang='lat' dir='ltr'>sq.</span> 
     </span>
    </p>
   </div>
   <div class='ocr_carea' id='block_1_5' title="bbox 455 3403 2081 3518">
    <p class='ocr_par' dir='ltr' id='par_1_5' title="bbox 455 3403 2081 3518">
     <span class='ocr_line' id='line_1_24' title="bbox 455 3403 2081 3518; baseline 0.001 -3"><span class='ocrx_word' id='word_1_269' title='bbox 455 3412 555 3516; x_wconf 82' lang='lat'><strong>223.</strong></span> <span class='ocrx_word' id='word_1_270' title='bbox 594 3403 959 3516; x_wconf 80' lang='lat' dir='ltr'>WlDONlS</span> <span class='ocrx_word' id='word_1_271' title='bbox 995 3403 1244 3514; x_wconf 82' lang='lat' dir='ltr'><strong>REGIS</strong></span> <span class='ocrx_word' id='word_1_272' title='bbox 1282 3405 1753 3517; x_wconf 80' lang='lat' dir='ltr'>CAPITULUM</span> <span class='ocrx_word' id='word_1_273' title='bbox 1791 3407 2081 3518; x_wconf 81' lang='lat' dir='ltr'><strong>SINGIL·</strong></span> 
     </span>
    </p>
   </div>
   <div class='ocr_carea' id='block_1_6' title="bbox 893 3561 2123 3824">
    <p class='ocr_par' dir='ltr' id='par_1_6' title="bbox 893 3561 2123 3824">
     <span class='ocr_line' id='line_1_25' title="bbox 893 3561 1644 3672; baseline 0 -2"><span class='ocrx_word' id='word_1_274' title='bbox 893 3561 1160 3670; x_wconf 84' lang='lat' dir='ltr'>LATlM</span> <span class='ocrx_word' id='word_1_275' title='bbox 1202 3561 1644 3672; x_wconf 84' lang='lat' dir='ltr'><strong>TRADITUM.</strong></span> 
     </span>
     <span class='ocr_line' id='line_1_26' title="bbox 1004 3711 2123 3824; baseline 0 -2"><span class='ocrx_word' id='word_1_276' title='bbox 1004 3741 1101 3823; x_wconf 77' lang='lat'><strong>889.</strong></span> <span class='ocrx_word' id='word_1_277' title='bbox 1129 3743 1404 3824; x_wconf 64' lang='lat' dir='ltr'>reos-891.</span> <span class='ocrx_word' id='word_1_278' title='bbox 1431 3749 1538 3824; x_wconf 77' lang='lat' dir='ltr'>reor.</span> <span class='ocrx_word' id='word_1_279' title='bbox 1936 3711 1962 3762; x_wconf 73' lang='lat'><strong><em>⁹</em></strong></span> <span class='ocrx_word' id='word_1_280' title='bbox 2099 3780 2123 3822; x_wconf 65' lang='lat' dir='ltr'>a</span> 
     </span>
    </p>
   </div>
   <div class='ocr_carea' id='block_1_7' title="bbox 456 3917 2127 4534">
    <p class='ocr_par' dir='ltr' id='par_1_7' title="bbox 456 3917 2127 4427">
     <span class='ocr_line' id='line_1_27' title="bbox 559 3917 2084 4013; baseline 0.002 -17"><span class='ocrx_word' id='word_1_281' title='bbox 559 3917 686 3996; x_wconf 78' lang='lat' dir='ltr'>Primo</span> <span class='ocrx_word' id='word_1_282' title='bbox 713 3933 750 3996; x_wconf 79' lang='lat' dir='ltr'>ln</span> <span class='ocrx_word' id='word_1_283' title='bbox 772 3931 871 3996; x_wconf 83' lang='lat' dir='ltr'>lucem</span> <span class='ocrx_word' id='word_1_284' title='bbox 893 3931 1058 4013; x_wconf 79' lang='lat' dir='ltr'>prolatam</span> <span class='ocrx_word' id='word_1_285' title='bbox 1084 3933 1123 3996; x_wconf 77' lang='lat' dir='ltr'>ab</span> <span class='ocrx_word' id='word_1_286' title='bbox 1145 3930 1278 4011; x_wconf 76' lang='lat' dir='ltr'>Alfrcdo</span> <span class='ocrx_word' id='word_1_287' title='bbox 1300 3931 1445 4010; x_wconf 81' lang='lat' dir='ltr'>Boretc&#39;o,</span> <span class='ocrx_word' id='word_1_288' title='bbox 1470 3933 1538 3997; x_wconf 87' lang='lat' dir='ltr'>LL.</span> <span class='ocrx_word' id='word_1_289' title='bbox 1563 3932 1623 4010; x_wconf 89' lang='lat' dir='ltr'>IV,</span> <span class='ocrx_word' id='word_1_290' title='bbox 1641 3955 1677 4013; x_wconf 80' lang='lat' dir='ltr'>p.</span> <span class='ocrx_word' id='word_1_291' title='bbox 1695 3936 1772 4010; x_wconf 84' lang='lat'>205,</span> <span class='ocrx_word' id='word_1_292' title='bbox 1800 3954 1830 3998; x_wconf 82' lang='lat' dir='ltr'>n.</span> <span class='ocrx_word' id='word_1_293' title='bbox 1850 3936 1879 4011; x_wconf 83' lang='lat'>2,</span> <span class='ocrx_word' id='word_1_294' title='bbox 1902 3955 1941 3998; x_wconf 79' lang='lat' dir='ltr'>ec</span> <span class='ocrx_word' id='word_1_295' title='bbox 1962 3934 2084 3999; x_wconf 75' lang='lat' dir='ltr'>schedis</span> 
     </span>
     <span class='ocr_line' id='line_1_28' title="bbox 456 4035 2084 4117; baseline 0 -17"><span class='ocrx_word' id='word_1_296' title='bbox 456 4035 612 4101; x_wconf 77' lang='lat' dir='ltr'>Iohannis</span> <span class='ocrx_word' id='word_1_297' title='bbox 634 4035 757 4099; x_wconf 78' lang='lat' dir='ltr'>Merlcel</span> <span class='ocrx_word' id='word_1_298' title='bbox 783 4035 809 4099; x_wconf 89' lang='lat' dir='ltr'>b.</span> <span class='ocrx_word' id='word_1_299' title='bbox 838 4056 893 4112; x_wconf 90' lang='lat' dir='ltr'>m.,</span> <span class='ocrx_word' id='word_1_300' title='bbox 931 4035 1046 4117; x_wconf 61' lang='lat' dir='ltr'>labitur</span> <span class='ocrx_word' id='word_1_301' title='bbox 1079 4035 1254 4116; x_wconf 73' lang='lat' dir='ltr'>capitulum</span> <span class='ocrx_word' id='word_1_302' title='bbox 1288 4037 1323 4100; x_wconf 84' lang='grc' dir='ltr'>ιἰι</span> <span class='ocrx_word' id='word_1_303' title='bbox 1355 4037 1532 4101; x_wconf 80' lang='lat' dir='ltr'>codicibus:</span> <span class='ocrx_word' id='word_1_304' title='bbox 1574 4039 1603 4116; x_wconf 77' lang='grc'>1)</span> <span class='ocrx_word' id='word_1_305' title='bbox 1635 4037 1735 4101; x_wconf 82' lang='lat' dir='ltr'>Vctc&#39;c.</span> <span class='ocrx_word' id='word_1_306' title='bbox 1763 4039 1844 4101; x_wconf 87' lang='grc'>1339</span> <span class='ocrx_word' id='word_1_307' title='bbox 1874 4037 1927 4117; x_wconf 76' lang='lat' dir='ltr'>fol.</span> <span class='ocrx_word' id='word_1_308' title='bbox 1953 4041 2022 4101; x_wconf 83' lang='lat'>142.</span> <span class='ocrx_word' id='word_1_309' title='bbox 2054 4044 2084 4102; x_wconf 83' lang='lat' dir='ltr'>et</span> 
     </span>
     <span class='ocr_line' id='line_1_29' title="bbox 457 4136 2084 4223; baseline 0.002 -21"><span class='ocrx_word' id='word_1_310' title='bbox 457 4139 491 4223; x_wconf 86' lang='lat'>2)</span> <span class='ocrx_word' id='word_1_311' title='bbox 525 4138 625 4201; x_wconf 74' lang='lat' dir='ltr'>Valle.</span> <span class='ocrx_word' id='word_1_312' title='bbox 650 4140 733 4200; x_wconf 80' lang='lat'>4979</span> <span class='ocrx_word' id='word_1_313' title='bbox 765 4137 818 4217; x_wconf 76' lang='lat' dir='ltr'>fol.</span> <span class='ocrx_word' id='word_1_314' title='bbox 841 4143 890 4202; x_wconf 79' lang='lat' dir='ltr'>ll.</span> <span class='ocrx_word' id='word_1_315' title='bbox 931 4139 966 4201; x_wconf 80' lang='lat' dir='ltr'>io</span> <span class='ocrx_word' id='word_1_316' title='bbox 1003 4136 1177 4202; x_wconf 78' lang='lat' dir='ltr'>colbertiocc</span> <span class='ocrx_word' id='word_1_317' title='bbox 1216 4139 1357 4219; x_wconf 77' lang='lat' dir='ltr'>quodam</span> <span class='ocrx_word' id='word_1_318' title='bbox 1395 4160 1552 4204; x_wconf 74' lang='lat' dir='ltr'>eamcam</span> <span class='ocrx_word' id='word_1_319' title='bbox 1585 4139 1637 4206; x_wconf 84' lang='lat' dir='ltr'>lib.</span> <span class='ocrx_word' id='word_1_320' title='bbox 1659 4141 1730 4216; x_wconf 89' lang='lat' dir='ltr'>III,</span> <span class='ocrx_word' id='word_1_321' title='bbox 1764 4161 1789 4203; x_wconf 86' lang='lat' dir='ltr'>o.</span> <span class='ocrx_word' id='word_1_322' title='bbox 1816 4142 1886 4204; x_wconf 85' lang='grc'>195.</span> <span class='ocrx_word' id='word_1_323' title='bbox 1942 4140 1985 4204; x_wconf 81' lang='lat' dir='ltr'>Ia</span> <span class='ocrx_word' id='word_1_324' title='bbox 2018 4162 2084 4223; x_wconf 79' lang='lat' dir='ltr'>quc</span> 
     </span>
     <span class='ocr_line' id='line_1_30' title="bbox 465 4240 2084 4326; baseline 0.001 -19"><span class='ocrx_word' id='word_1_325' title='bbox 465 4241 594 4307; x_wconf 79' lang='lat' dir='ltr'>Widoai</span> <span class='ocrx_word' id='word_1_326' title='bbox 620 4240 686 4322; x_wconf 79' lang='lat' dir='ltr'>repc&#39;</span> <span class='ocrx_word' id='word_1_327' title='bbox 712 4240 892 4304; x_wconf 73' lang='lat' dir='ltr'>addicitur:</span> <span class='ocrx_word' id='word_1_328' title='bbox 926 4245 1035 4304; x_wconf 79' lang='lat' dir='ltr'>etrum</span> <span class='ocrx_word' id='word_1_329' title='bbox 1059 4246 1154 4319; x_wconf 83' lang='lat' dir='ltr'>recte,</span> <span class='ocrx_word' id='word_1_330' title='bbox 1184 4263 1228 4305; x_wconf 85' lang='lat' dir='ltr'>on</span> <span class='ocrx_word' id='word_1_331' title='bbox 1250 4263 1327 4318; x_wconf 81' lang='lat' dir='ltr'>non,</span> <span class='ocrx_word' id='word_1_332' title='bbox 1357 4244 1512 4306; x_wconf 74' lang='lat' dir='ltr'>imertum</span> <span class='ocrx_word' id='word_1_333' title='bbox 1533 4244 1685 4326; x_wconf 81' lang='lat' dir='ltr'>relinquo.</span> <span class='ocrx_word' id='word_1_334' title='bbox 1731 4245 1773 4307; x_wconf 78' lang='lat' dir='ltr'>Io</span> <span class='ocrx_word' id='word_1_335' title='bbox 1793 4243 1938 4308; x_wconf 81' lang='lat' dir='ltr'>Widom&#39;s</span> <span class='ocrx_word' id='word_1_336' title='bbox 1958 4245 2084 4325; x_wconf 81' lang='lat' dir='ltr'>quidem</span> 
     </span>
     <span class='ocr_line' id='line_1_31' title="bbox 457 4343 2127 4427; baseline 0.004 -19"><span class='ocrx_word' id='word_1_337' title='bbox 457 4344 573 4426; x_wconf 70' lang='lat' dir='ltr'>opibus</span> <span class='ocrx_word' id='word_1_338' title='bbox 595 4343 724 4408; x_wconf 82' lang='lat' dir='ltr'>minime</span> <span class='ocrx_word' id='word_1_339' title='bbox 745 4344 899 4420; x_wconf 76' lang='lat' dir='ltr'>invenias,</span> <span class='ocrx_word' id='word_1_340' title='bbox 921 4345 1006 4424; x_wconf 84' lang='lat' dir='ltr'>quod</span> <span class='ocrx_word' id='word_1_341' title='bbox 1027 4345 1071 4407; x_wconf 84' lang='lat' dir='ltr'>ad</span> <span class='ocrx_word' id='word_1_342' title='bbox 1091 4349 1234 4408; x_wconf 80' lang='lat' dir='ltr'>nostrum</span> <span class='ocrx_word' id='word_1_343' title='bbox 1257 4345 1434 4426; x_wconf 77' lang='lat' dir='ltr'>capitulum</span> <span class='ocrx_word' id='word_1_344' title='bbox 1455 4347 1614 4427; x_wconf 79' lang='lat' dir='ltr'>respiciat.</span> <span class='ocrx_word' id='word_1_345' title='bbox 2102 4375 2127 4414; x_wconf 80' lang='lat' dir='ltr'>so</span> 
     </span>
    </p>

    <p class='ocr_par' dir='ltr' id='par_1_8' title="bbox 1620 4450 1981 4534">
     <span class='ocr_line' id='line_1_32' title="bbox 1620 4450 1981 4534; baseline -0.003 -19"><span class='ocrx_word' id='word_1_346' title='bbox 1620 4451 1678 4533; x_wconf 91' lang='lat' dir='ltr'>(B.</span> <span class='ocrx_word' id='word_1_347' title='bbox 1695 4451 1796 4528; x_wconf 50' lang='lat' dir='ltr'>dces&amp;</span> <span class='ocrx_word' id='word_1_348' title='bbox 1818 4450 1856 4515; x_wconf 93' lang='lat' dir='ltr'>P.</span> <span class='ocrx_word' id='word_1_349' title='bbox 1873 4451 1981 4534; x_wconf 81' lang='lat' dir='ltr'>deest.)</span> 
     </span>
    </p>
   </div>
   <div class='ocr_carea' id='block_1_8' title="bbox 458 4622 2127 5064">
    <p class='ocr_par' dir='ltr' id='par_1_9' title="bbox 458 4622 2127 5064">
     <span class='ocr_line' id='line_1_33' title="bbox 562 4622 2084 4760; baseline 0.005 -28"><span class='ocrx_word' id='word_1_350' title='bbox 562 4622 624 4734; x_wconf 76' lang='lat' dir='ltr'>De</span> <span class='ocrx_word' id='word_1_351' title='bbox 655 4669 797 4750; x_wconf 88' lang='lat' dir='ltr'>clericis,</span> <span class='ocrx_word' id='word_1_352' title='bbox 832 4669 887 4755; x_wconf 91' lang='lat' dir='ltr'>qui</span> <span class='ocrx_word' id='word_1_353' title='bbox 919 4671 951 4733; x_wconf 93' lang='lat' dir='ltr'>in</span> <span class='ocrx_word' id='word_1_354' title='bbox 983 4692 1187 4757; x_wconf 85' lang='lat' dir='ltr'>quecumque</span> <span class='ocrx_word' id='word_1_355' title='bbox 1220 4672 1380 4738; x_wconf 89' lang='lat' dir='ltr'>seditione</span> <span class='ocrx_word' id='word_1_356' title='bbox 1411 4696 1502 4739; x_wconf 89' lang='lat' dir='ltr'>arma</span> <span class='ocrx_word' id='word_1_357' title='bbox 1530 4675 1742 4760; x_wconf 79' lang='lat' dir='ltr'>susceperint,</span> <span class='ocrx_word' id='word_1_358' title='bbox 1788 4672 1887 4737; x_wconf 90' lang='lat' dir='ltr'>Wido</span> <span class='ocrx_word' id='word_1_359' title='bbox 1919 4696 1986 4739; x_wconf 84' lang='lat' dir='ltr'>rex.</span> <span class='ocrx_word' id='word_1_360' title='bbox 2032 4675 2084 4741; x_wconf 91' lang='lat' dir='ltr'>De</span> 
     </span>
     <span class='ocr_line' id='line_1_34' title="bbox 458 4771 2084 4860; baseline 0.002 -22"><span class='ocrx_word' id='word_1_361' title='bbox 458 4773 602 4852; x_wconf 88' lang='lat' dir='ltr'>clericis,</span> <span class='ocrx_word' id='word_1_362' title='bbox 626 4773 682 4857; x_wconf 93' lang='lat' dir='ltr'>qui</span> <span class='ocrx_word' id='word_1_363' title='bbox 705 4793 796 4836; x_wconf 86' lang='lat' dir='ltr'>arms</span> <span class='ocrx_word' id='word_1_364' title='bbox 818 4771 987 4836; x_wconf 83' lang='lat' dir='ltr'>baiulent·</span> <span class='ocrx_word' id='word_1_365' title='bbox 1009 4781 1042 4838; x_wconf 89' lang='lat' dir='ltr'>et</span> <span class='ocrx_word' id='word_1_366' title='bbox 1063 4774 1096 4837; x_wconf 92' lang='lat' dir='ltr'>in</span> <span class='ocrx_word' id='word_1_367' title='bbox 1121 4775 1187 4838; x_wconf 90' lang='lat' dir='ltr'>suis</span> <span class='ocrx_word' id='word_1_368' title='bbox 1212 4776 1352 4860; x_wconf 91' lang='lat' dir='ltr'>propriis</span> <span class='ocrx_word' id='word_1_369' title='bbox 1377 4777 1523 4841; x_wconf 88' lang='lat' dir='ltr'>resident</span> <span class='ocrx_word' id='word_1_370' title='bbox 1547 4778 1583 4860; x_wconf 86' lang='lat' dir='ltr'>(i.</span> <span class='ocrx_word' id='word_1_371' title='bbox 1602 4799 1631 4841; x_wconf 93' lang='lat' dir='ltr'>e.</span> <span class='ocrx_word' id='word_1_372' title='bbox 1648 4776 1822 4860; x_wconf 79' lang='lat' dir='ltr'>habitant),</span> <span class='ocrx_word' id='word_1_373' title='bbox 1846 4776 1886 4840; x_wconf 90' lang='lat' dir='ltr'>ed</span> <span class='ocrx_word' id='word_1_374' title='bbox 1911 4777 2084 4842; x_wconf 87' lang='lat' dir='ltr'>ecclesiam</span> 
     </span>
     <span class='ocr_line' id='line_1_35' title="bbox 460 4875 2085 4966; baseline 0.002 -26"><span class='ocrx_word' id='word_1_375' title='bbox 460 4897 519 4940; x_wconf 89' lang='lat' dir='ltr'>seu</span> <span class='ocrx_word' id='word_1_376' title='bbox 549 4875 590 4939; x_wconf 87' lang='lat' dir='ltr'>ed</span> <span class='ocrx_word' id='word_1_377' title='bbox 619 4875 808 4960; x_wconf 89' lang='lat' dir='ltr'>episcopum</span> <span class='ocrx_word' id='word_1_378' title='bbox 839 4896 902 4938; x_wconf 92' lang='lat' dir='ltr'>non</span> <span class='ocrx_word' id='word_1_379' title='bbox 934 4876 1092 4956; x_wconf 86' lang='lat' dir='ltr'>militant,</span> <span class='ocrx_word' id='word_1_380' title='bbox 1128 4878 1261 4962; x_wconf 87' lang='lat' dir='ltr'>negotia</span> <span class='ocrx_word' id='word_1_381' title='bbox 1289 4879 1450 4944; x_wconf 87' lang='lat' dir='ltr'>secularia</span> <span class='ocrx_word' id='word_1_382' title='bbox 1476 4887 1594 4966; x_wconf 88' lang='lat' dir='ltr'>agunt,</span> <span class='ocrx_word' id='word_1_383' title='bbox 1629 4881 1661 4943; x_wconf 91' lang='lat' dir='ltr'>in</span> <span class='ocrx_word' id='word_1_384' title='bbox 1690 4880 1763 4964; x_wconf 88' lang='lat' dir='ltr'>lege</span> <span class='ocrx_word' id='word_1_385' title='bbox 1792 4881 1905 4944; x_wconf 85' lang='lat' dir='ltr'>vivant</span> <span class='ocrx_word' id='word_1_386' title='bbox 1940 4881 2022 4944; x_wconf 89' lang='lat' dir='ltr'>sicut</span> <span class='ocrx_word' id='word_1_387' title='bbox 2052 4887 2085 4944; x_wconf 91' lang='lat' dir='ltr'>et</span> 
     </span>
     <span class='ocr_line' id='line_1_36' title="bbox 460 4976 2127 5064; baseline 0.005 -20"><span class='ocrx_word' id='word_1_388' title='bbox 460 4978 563 5044; x_wconf 89' lang='lat' dir='ltr'>ceteri</span> <span class='ocrx_word' id='word_1_389' title='bbox 587 4976 808 5061; x_wconf 88' lang='lat' dir='ltr'>Langobardi,</span> <span class='ocrx_word' id='word_1_390' title='bbox 832 4983 899 5042; x_wconf 90' lang='lat' dir='ltr'>tam</span> <span class='ocrx_word' id='word_1_391' title='bbox 922 4979 984 5064; x_wconf 92' lang='lat' dir='ltr'>ipsi</span> <span class='ocrx_word' id='word_1_392' title='bbox 1008 5000 1105 5064; x_wconf 89' lang='lat' dir='ltr'>quam</span> <span class='ocrx_word' id='word_1_393' title='bbox 1129 4987 1163 5045; x_wconf 91' lang='lat' dir='ltr'>et</span> <span class='ocrx_word' id='word_1_394' title='bbox 1185 4980 1243 5044; x_wconf 89' lang='lat' dir='ltr'>filii</span> <span class='ocrx_word' id='word_1_395' title='bbox 1267 5001 1389 5045; x_wconf 91' lang='lat' dir='ltr'>eorum.</span> <span class='ocrx_word' id='word_1_396' title='bbox 2103 5012 2127 5052; x_wconf 83' lang='lat' dir='ltr'>ss</span> 
     </span>
    </p>
   </div>
   <div class='ocr_carea' id='block_1_9' title="bbox 561 5156 761 5233">
    <p class='ocr_par' dir='ltr' id='par_1_10' title="bbox 561 5156 761 5233">
     <span class='ocr_line' id='line_1_37' title="bbox 561 5156 761 5233; baseline -0.005 -13"><span class='ocrx_word' id='word_1_397' title='bbox 561 5166 589 5233; x_wconf 84' lang='lat' dir='ltr'>a)</span> <span class='ocrx_word' id='word_1_398' title='bbox 608 5156 723 5220; x_wconf 78' lang='lat' dir='ltr'>bairilant</span> <span class='ocrx_word' id='word_1_399' title='bbox 740 5185 761 5219; x_wconf 85' lang='lat' dir='ltr'>c.</span> 
     </span>
    </p>
   </div>
   <div class='ocr_carea' id='block_1_10' title="bbox 0 0 2334 6436">
    <p class='ocr_par' dir='ltr' id='par_1_11' title="bbox 0 0 2334 6436">
     <span class='ocr_line' id='line_1_38' title="bbox 0 0 2334 6436; baseline 0 0"><span class='ocrx_word' id='word_1_400' title='bbox 0 0 2334 6436; x_wconf 95' lang='lat' dir='ltr'> </span> 
     </span>
    </p>
   </div>
  </div>
 </body>
</html>
