4590 6428
423 439 443 500 8
856 432 1068 490 HLUDOWICI
1087 433 1136 487 PII
1155 432 1411 488 CAPITULARIA.
1432 463 1464 471 -
1484 433 1533 486 Nr.
1549 432 1605 485 187.
1632 473 1633 476 η

346 611 405 666 829.
425 608 524 671 etiam
541 606 638 671 aliam
655 607 858 671 intellectum
875 606 1034 672 habemus
1052 607 1294 691 neglegentiam
1312 627 1354 670 ex
1370 606 1469 691 priori
1485 605 1657 671 occasione
1674 611 1796 684 natam,
1821 603 1852 669 id
1870 609 1930 683 est,
1954 595 2053 688 quod¹

425 712 498 797 ipsa
520 710 641 794 legatio
666 731 731 774 non
762 710 808 774 ita
830 716 963 795 peracta
987 710 1058 792 luit,
1082 711 1166 774 sicut
1189 711 1260 796 ipsa
1282 711 1461 774 necessitas
1485 710 1656 796 deposcat3
1679 730 1875 794 quamquam
1898 729 1940 772 ex
1963 712 2056 793 parte

425 836 483 880 vos
508 814 623 878 dicatis
653 834 713 878 nos
738 815 908 878 materiam
937 815 970 877 in
1000 835 1039 878 eo
1063 813 1210 895 dedisse,
1241 813 1326 900 quod
1352 834 1416 878 non
1439 835 1499 899 per
1521 815 1629 878 omnia
1652 812 1693 877 ad
1716 812 1801 877 hanc
1825 812 2055 876 necessitatem

424 915 652 1003 inquirendam
683 917 813 1004 plenam
838 917 930 981 vobis
960 917 1163 982 dedissemus
1194 917 1382 982 iussionem.
1427 916 1507 981 Ideo
1532 937 1740 1002 summopere
1764 913 1970 980 tractandum
1994 919 2055 993 est,

424 1019 585 1107 quomodo
608 1019 749 1086 Domino
773 1020 949 1086 adiuvante
973 1027 1007 1086 et
1029 1021 1063 1084 in
1086 1020 1251 1105 praesenti
1267 1020 1307 1084 de
1327 1021 1387 1100 his,
1411 1040 1495 1105 quae
1512 1041 1571 1106 per
1586 1020 1830 1105 neglegentiam
1847 1025 1881 1083 et
1895 1018 2053 1083 incuriam
2086 1042 2098 1079 s

424 1126 604 1213 depravata
628 1132 713 1206 sunt,
737 1126 943 1212 corrigantur
966 1133 1010 1204 et,
1033 1147 1073 1189 ne
1098 1125 1182 1190 ultra
1206 1126 1285 1189 talia
1307 1126 1398 1206 liant,
1423 1124 1560 1189 sollicite
1584 1129 1748 1189 caveatur.

527 1227 625 1293 Post
653 1229 754 1294 haec
784 1222 907 1294 soeii²
931 1229 1216 1294 denominandi
1241 1236 1391 1294 suntet
1418 1235 1528 1308 tunc,
1561 1228 1692 1313 qualis
1715 1227 1862 1292 debeat
1885 1247 1979 1290 esse
2001 1227 2055 1290 le-

423 1334 549 1418 gatio,
574 1332 824 1418 iniungenda
847 1339 919 1398 est.
1894 1343 1896 1348 ’

527 1435 639 1500 Primo
662 1435 895 1521 iniungendum
920 1442 971 1500 est
994 1436 1118 1514 missis,
1142 1440 1178 1498 ut
1202 1434 1262 1499 hoo
1285 1434 1477 1498 omnimodis
1501 1440 1654 1512 caveant,
1678 1455 1718 1498 ne
1742 1433 1865 1518 populo
1888 1433 1922 1496 in
1945 1453 2056 1498 eorum

405 1538 626 1624 'proiectione
651 1540 740 1602 oneri
764 1541 839 1620 sint,
864 1539 1014 1603 neforto
1039 1537 1155 1623 quibus
1180 1539 1356 1602 subvenire
1380 1537 1552 1602 debuerint
1575 1536 1794 1602 adflictionem
1818 1527 1989 1600 inierant3.
2075 1560 2100 1598 ro
2179 1551 2182 1558 *

527 1641 573 1706 Ut
597 1643 699 1730 primo
724 1650 867 1708 nostram
892 1644 1012 1730 populo
1030 1643 1231 1706 voluntatem
1255 1649 1288 1706 et
1312 1640 1454 1706 studium
1475 1647 1517 1720 et,
1542 1661 1606 1725 qua
1629 1642 1809 1705 intentione
1833 1663 1852 1704 a
1875 1640 1968 1704 nobis
1991 1639 2058 1705 sint

425 1745 551 1825 directi,
575 1767 633 1831 per
657 1753 803 1810 nostrum
827 1737 1002 1830 scriptum⁴
1027 1737 1206 1809 annuenti.

529 1850 762 1915 [astruendi
785 1851 904 1915 etiam
929 1850 1151 1935 sunt,.quid
1175 1850 1394 1934 inquirant.

528 1952 565 2018 In
587 1953 701 2039 primis
726 1955 786 2018 hoe
809 1955 950 2018 maxime
974 1953 1148 2037 inquirant,
1166 1951 1327 2036 quomodo
1351 1951 1392 2031 hi,
1417 1951 1471 2035 qui
1495 1950 1650 2036 populum
1669 1971 1782 2034 rogere
1800 1949 1933 2030 debent,
1958 1973 2055 2016 unus-

426 2057 563 2142 quisque
587 2058 620 2120 in
644 2078 703 2121 suo
728 2058 908 2122 ministerio
937 2079 971 2121 so
996 2055 1193 2119 custoditum
1216 2055 1353 2135 habeat,
1383 2062 1419 2118 ut
1442 2055 1496 2139 qui
1519 2053 1602 2117 bene
1627 2052 1776 2116 faciendo
1799 2055 1977 2137 gratiarum
2000 2077 2054 2119 ac·
2076 2078 2099 2116 rs

425 2161 514 2225 tione
545 2160 634 2246 digni
667 2168 743 2225 sunt
771 2181 1026 2246 cognoscamus,
1058 2160 1215 2245 quivero
1244 2159 1480 2223 correctionem
1510 2164 1544 2221 et
1574 2157 1832 2242 increpationem
1862 2178 1920 2242 pro
1946 2178 2056 2222 eorum

425 2265 645 2349 neglegentiis
669 2272 836 2330 merentur
859 2263 1050 2329 omnimodis
1074 2263 1169 2327 nobis
1193 2261 1360 2326 manifesti
1382 2253 1489 2325 liant‘l

530 2368 746 2454 Inquisitio
771 2374 908 2433 autem
932 2368 1001 2432 hoo
1025 2367 1139 2432 modo
1161 2367 1247 2433 fiat.

529 2465 723 2557 Eligantur7
746 2494 805 2558 per
828 2472 974 2557 singulos
998 2471 1170 2537 comitatus
1194 2472 1248 2556 qui
1270 2471 1424 2535 meliores
1448 2476 1481 2535 et
1496 2469 1675 2534 veratiores
1692 2474 1776 2533 sunt.
1823 2467 1866 2532 ut
1889 2469 1917 2533 si
1939 2469 2056 2554 aliquis

425 2577 577 2640 inventus
601 2577 699 2641 fuerit
722 2576 763 2641 de
786 2577 877 2662 ipsis,
902 2577 957 2662 qui
978 2575 1168 2640 fidelitatem
1194 2576 1384 2660 promissam
1406 2573 1511 2637 adhuc
1528 2571 1623 2635 nobis
1641 2592 1705 2635 non
1722 2572 1853 2651 habeat,
1878 2573 2057 2657 promittat.
2076 2595 2101 2633 no

426 2679 469 2743 Et
494 2685 571 2743 tuno
598 2679 780 2743 instruendi
804 2685 894 2756 sunt,
924 2681 1065 2764 qualiter
1087 2681 1192 2766 ipsam
1215 2679 1313 2743 fidem
1337 2700 1415 2763 erga
1443 2699 1502 2741 nos
1528 2677 1654 2740 salvare
1677 2676 1835 2750 debeaut;
1867 2676 1991 2757 idest,
2022 2683 2058 2741 ut

425 2784 619 2869 quicumque
644 2805 687 2847 ex
710 2783 761 2847 his
785 2784 883 2848 talem
909 2805 1041 2848 oausam
1065 2788 1126 2848 scit
1150 2785 1181 2847 in
1206 2783 1271 2846 illis
1294 2781 1475 2846 rectoribus
1499 2787 1532 2846 et
1555 2779 1694 2844 divorsis
1719 2780 1890 2858 ministris,
1920 2778 1974 2864 qui
1998 2799 2055 2864 po·

425 2887 537 2971 pulum
560 2907 676 2970 regere
700 2892 734 2951 et
757 2907 887 2950 servaro
912 2885 1042 2966 debent,
1066 2887 1106 2952 de
1131 2887 1248 2972 quibus
1271 2886 1465 2970 interrogati
1488 2884 1619 2960 fuerint,
1644 2905 1727 2970 quae
1751 2883 1792 2948 ad
1816 2882 1927 2969 populi
1943 2882 2057 2967 damp-

426 3011 503 3053 num
534 2995 567 3053 et
589 2988 820 3053 detrimontum
843 2991 998 3075 pertinet,
1028 2996 1060 3054 et
1083 2998 1217 3076 propter
1240 2991 1301 3054 hoc
1325 2989 1420 3053 nobis
1443 2987 1623 3073 periculum
1649 2988 1777 3051 animae
1802 2987 1931 3051 evenire
1955 2985 2058 3070 possit

427 3100 461 3157 et
485 3091 723 3172 inhonoratiob,
748 3093 890 3172 omnino,
915 3093 941 3156 si
964 3095 1086 3158 salvam
1104 3095 1243 3158 voluerit
1260 3115 1350 3157 suam
1369 3093 1466 3158 tidem
1484 3099 1517 3156 et
1533 3092 1782 3178 promissionem
1799 3089 1933 3170 habere,
1957 3091 2059 3153 mani·
2076 3111 2101 3150 as

426 3195 546 3258 festum
576 3194 683 3258 iaciat.
729 3195 773 3258 Et
804 3196 830 3258 si
862 3203 936 3281 post
968 3196 1067 3260 talem
1096 3198 1363 3261 ammonitionem
1387 3203 1420 3260 et
1444 3196 1736 3260 contestationem⁰
1762 3195 1867 3275 aliter,
1896 3214 1991 3278 quam
2022 3213 2057 3257 se

428 3297 548 3362 veritas
576 3297 710 3377 habeat,
747 3297 871 3363 dixisse
900 3299 1017 3383 aliquis
1047 3299 1272 3385 deprehensus
1302 3299 1413 3380 luerit,
1446 3300 1527 3363 sciat
1561 3320 1597 3364 se
1627 3297 1712 3360 inter
1733 3297 1881 3362 infideles
1906 3319 1980 3362 esse
2003 3321 2057 3364 re-

427 3398 617 3486 putandum.

575 3625 687 3689 Haec
712 3633 803 3690 sunt
827 3626 1028 3712 capitula,
1057 3647 1157 3710 quae
1180 3627 1362 3690 volumus
1386 3633 1427 3690 ut
1450 3627 1669 3712 diligenter
1695 3627 1910 3713 inquirant.

531 3753 639 3818 Primo
662 3753 703 3818 de
728 3755 906 3840 episcopis,
939 3755 1100 3841 quomodo
1125 3776 1219 3820 suum
1242 3756 1459 3820 ministerium
1484 3758 1655 3842 expleant,
1680 3765 1713 3822 et
1739 3760 1843 3843 qualis
1866 3762 1908 3824 sit
1930 3762 2057 3826 illorum
2076 3787 2102 3825 ao

428 3858 641 3936 conversatio,
665 3857 718 3922 vel
742 3859 902 3942 quomodo
926 3859 1082 3923 ecclesias
1105 3865 1138 3922 et
1161 3859 1282 3923 clerum
1300 3860 1361 3924 sibi
1380 3861 1585 3925 commissum
1603 3861 1785 3926 ordinatum
1801 3863 1944 3928 habeant
1960 3872 2058 3951 atque

427 3960 638 4046 dispositum,
672 3963 725 4025 vel
758 3963 792 4026 in
818 3963 935 4048 quibus
964 3963 1061 4027 rebus
1089 3964 1232 4028 maxime
1264 3963 1434 4044 studeant,
1470 3964 1503 4028 in
1534 3966 1733 4051 spiritalibus
1756 3966 1911 4032 videlicet
1940 3975 1996 4032 eut
2025 3969 2057 4032 in

429 4063 652 4129 saecularibus
676 4067 827 4150 negotiis.

531 4175 672 4258 Deinde,
697 4179 809 4262 quales
834 4179 899 4242 sint
921 4177 1088 4243 adiutores
1109 4179 1279 4243 ministerii
1296 4201 1418 4260 eorum,
1441 4179 1553 4244 idest:
1578 4182 1814 4269 corepiscopid,
1838 4183 2058 4250 archidiaconi

429 4285 462 4341 ct
484 4277 664 4342 vicedomni
693 4285 727 4343 et
754 4281 937 4366 presbyteri
967 4277 1025 4367 per
1051 4282 1238 4366 parrochias
1268 4303 1394 4361 ecrurn,
1425 4285 1520 4367 quale
1545 4284 1668 4350 seilicet
1693 4285 1834 4350 studium
1859 4287 2001 4353 habeant
2024 4290 2057 4354 in
2076 4309 2101 4350 aa

429 4380 588 4460 doctrina,
612 4382 664 4445 vel
688 4383 817 4467 qualem
841 4383 959 4447 famam
983 4384 1126 4448 habeant
1150 4385 1330 4449 secundum
1352 4387 1524 4451 veritatem
1549 4389 1582 4451 in
1605 4389 1735 4475 populo.

534 4492 689 4558 Similiter
720 4492 761 4559 de
790 4495 940 4559 omnibus
971 4497 1177 4560 monasteriis
1208 4497 1371 4580 inquirant
1403 4499 1495 4563 iuxta
1522 4501 1777 4586 uniuscuiusque
1806 4503 1995 4587 qualitatem
2027 4510 2060 4568 et

429 4596 680 4680 professionem.

534 4709 693 4775 Similiter
716 4715 749 4775 et
770 4710 811 4776 de
835 4712 952 4776 ceteris
977 4712 1124 4777 ecclesiis
1148 4716 1478 4781 nostraauctoritate
1501 4715 1534 4778 in
1557 4716 1717 4782 beneficio
1741 4717 1836 4782 datis.

534 4916 562 4984 b)
588 4919 698 4970 inoratio
718 4917 741 4970 l.
837 4919 861 4981 a)
888 4920 926 4970 ua
949 4920 1053 4972 coemat
1075 4919 1169 4982 Strata
1195 4923 1403 4974 constitutionem
1426 4923 1449 4976 l.
1462 4921 1487 4974 ‘2-
1597 4925 1624 4989 d)
1651 4927 1875 4994 archypresbyteri
1898 4928 1960 4978 ada
1980 4926 2058 4978 Siras.
2077 4941 2103 4980 to

532 5124 560 5193 1)
578 5123 703 5178 siimilaier
719 5125 750 5177 in
767 5125 905 5194 &potionis
919 5123 1040 5192 Capitale
1057 5130 1116 5179 tom.
1131 5127 1155 5192 I,
1172 5144 1198 5194 p.
1212 5128 1272 5182 309.
1351 5129 1379 5198 2)
1399 5130 1437 5182 Iu
1454 5129 1563 5197 singula
1581 5129 1715 5184 mesatica
1727 5129 1873 5200 dekpnndi.
1953 5133 1980 5196 3)
2002 5131 2058 5198 Osr.

432 5225 644 5280 (lemmemoratio
663 5226 748 5280 anissis
765 5225 830 5279 data
842 5226 901 5292 825,
921 5231 982 5280 tom.
996 5227 1022 5294 I,
1035 5245 1065 5296 p.
1080 5229 1140 5296 309,
1156 5245 1177 5282 c.
1190 5231 1223 5296 2,·
1242 5229 1462 5299 capannule,
1476 5233 1492 5285 l.
1505 5249 1525 5286 o.
1540 5249 1568 5300 p.
1582 5235 1641 5301 291,
1659 5250 1680 5289 a.
1693 5235 1735 5289 24.
1815 5233 1842 5302 4)
1857 5235 1911 5288 Per
1922 5235 2060 5303 motam

427 5330 572 5399 permutem
584 5345 668 5398 supra
680 5329 797 5384 editam?
866 5331 892 5394 5)
908 5328 960 5394 Ofr.
976 5329 1190 5385 Commanmatio
1201 5331 1364 5387 mumadam
1376 5335 1435 5403 825,
1454 5342 1515 5389 torn.
1529 5337 1553 5403 I,
1566 5338 1662 5405 pauc,
1675 5338 1733 5391 ei.
1753 5336 1820 5407 [K]
1890 5339 1917 5406 6)
1931 5337 2061 5407 Episcopi

428 5434 461 5486 in
481 5433 582 5504 syrwdo
598 5435 745 5489 Parim'ersei
767 5449 860 5510 amasc-
874 5435 957 5488 Iunio
979 5435 1048 5488 anai
1065 5436 1124 5491 829.
1147 5437 1183 5489 od
1202 5436 1394 5492 Hladoaor'cum
1416 5439 1511 5494 dieunt
1533 5441 1642 5507 (blansi
1662 5440 1744 5509 XIV,
1763 5443 1809 5495 ool.
1826 5443 1903 5510 593):
1936 5459 2059 5511 congrua

430 5537 556 5607 capitula
578 5538 713 5592 serenitas
735 5539 828 5592 vestra
852 5537 971 5608 digessit
996 5538 1160 5608 legatosque
1186 5542 1312 5595 strenuos
1334 5541 1488 5612 delegavit,
1517 5547 1549 5598 ut
1571 5562 1620 5615 pm
1642 5545 1738 5599 carlom
1758 5545 1884 5614 capitula
1901 5549 1931 5599 et
1948 5544 2059 5616 flagitia
2076 5579 2101 5619 45

430 5644 566 5698 malorum
589 5643 733 5698 hominum
756 5642 890 5712 punirent
913 5645 941 5698 et
959 5642 1093 5699 bonorum
1111 5645 1222 5700 laudem
1242 5647 1351 5700 vestrae
1370 5647 1530 5702 celsitudini
1549 5652 1732 5706 notescerent.
1838 5649 1863 5718 7)
1885 5649 1942 5718 Csr.
1962 5649 2058 5719 Wartz,

436 5747 495 5801 VG.
513 5748 589 5817 ΠΡ,
603 5765 632 5816 p.
643 5749 703 5803 468.
731 5747 799 5818 [Κ]
