4582 6428
414 443 476 504 440
523 437 789 492 ADDITAMENTA
808 437 857 494 AD
875 437 991 492 cAPIT.
1010 437 1093 493 Rue.
1112 437 1297 493 Fatuclus
1316 436 1506 492 occinunt.
1527 437 1676 506 (unuani
1693 438 1740 507 ll).
1756 467 1789 476 -
1807 437 1855 492 Nr.
1869 438 1929 493 997.

326 622 385 676 858.
413 619 447 676 et
468 619 653 679 sanctorum
674 613 889 694 invocatione,
915 614 976 678 nisi
993 614 1086 693 lorte,
1111 613 1196 698 quod
1221 613 1315 694 absit,
1339 620 1451 678 contra
1466 634 1540 677 eum
1557 612 1748 677 scandalum
1764 611 1919 676 acciderit
1934 614 2040 678 eccle-

413 717 483 782 siae
507 737 603 790 suae;
633 722 667 781 et
689 716 764 782 inde
789 718 833 782 sic
857 724 1079 803 temperanter
1102 723 1189 802 agat,
1214 717 1297 781 sicut
1321 717 1462 781 Domino
1486 716 1623 781 docente
1642 717 1882 781 constituerunt
1897 723 2041 781 rectores

413 820 573 884 ecclesiae
605 820 753 906 synodali
784 821 930 886 consilio.
986 821 1029 886 ut
1057 821 1083 886 si
1112 820 1310 904 aliquando¹¹
1339 827 1545 886 sacramenta
1576 820 1617 885 ab
1647 819 1810 906 episcopis
1841 825 1959 884 exacta
1986 827 2043 884 aut

413 923 502 987 facta
524 923 657 988 luerunt
680 930 794 988 contre
817 925 923 989 Deum
948 930 981 990 et
1003 924 1248 988 ecclesiasticas
1271 925 1419 1008 regulas,
1450 945 1534 1009 quae
1559 922 1682 1009 Spiritu
1706 930 1819 987 sancto
1843 922 1985 988 dictatae
2009 931 2043 988 et

414 1026 537 1092 Christi
560 1033 635 1092 sunt
659 1029 818 1112 sanguine
843 1028 1064 1108 confirmatae,
1086 1027 1198 1092 irrita'
1221 1035 1355 1094 sanctae
1380 1029 1560 1114 scripturae
1584 1027 1711 1114 paginis
1734 1027 1985 1107 declarantur',
2010 1034 2042 1093 et
2073 1047 2085 1086 s

415 1133 587 1216 exigentes
610 1140 708 1216 atque
731 1133 891 1197 facientes
915 1132 1152 1198 medicamento
1177 1132 1297 1197 exinde
1321 1133 1474 1197 salutaris
1490 1132 1712 1217 poenitentiae
1736 1131 1893 1216 indigent.
1938 1131 2041 1218 Prop-

415 1241 506 1300 terea
535 1242 729 1321 expectate,
759 1235 905 1316 domine,
934 1237 1098 1322 patienter
1125 1237 1209 1301 sicut
1237 1238 1389 1324 princepe
1417 1237 1614 1300 christianus
1646 1241 1679 1300 et
1706 1235 1868 1300 ecclesiae
1896 1236 1980 1300 filius
2010 1242 2043 1300 et

415 1338 572 1402 honorate
598 1339 756 1403 ecclesiae
780 1345 912 1403 sanctae
937 1346 1091 1419 rectores,
1115 1349 1150 1403 ut
1174 1361 1231 1404 vos
1249 1340 1394 1419 honoret,
1419 1341 1475 1425 qul
1498 1338 1594 1403 nobis
1611 1338 1708 1403 dixit:
1734 1331 1845 1413 ‘Qui92
1869 1361 1925 1403 vos
1942 1338 2043 1419 audit,

415 1463 467 1506 me
491 1441 596 1516 audit;
625 1449 658 1507 et
686 1443 740 1528 qui
764 1464 821 1506 vos
847 1443 971 1528 spernit
1002 1466 1053 1509 mc
1078 1443 1225 1530 spernit',
1257 1451 1291 1508 et
1314 1435 1560 1508 ‘honorantasffi
1584 1465 1635 1508 me
1659 1443 1843 1518 honorabc;
1876 1451 1909 1507 et
1931 1443 1964 1508 hi
1989 1445 2043 1530 qui

415 1552 566 1610 temnunt
589 1568 658 1626 me,
689 1554 783 1611 erunt
813 1546 996 1632 ignobiles’,
1020 1555 1054 1612 et
1076 1539 1176 1633 ‘qui94
1200 1569 1258 1612 ros
1283 1549 1404 1632 tangit,
1428 1547 1533 1631 tangit
1556 1547 1713 1633 pupillam
1736 1548 1821 1612 oculi
1845 1544 1930 1622 mei’,
1955 1554 1988 1611 et
2010 1549 2042 1611 in
2062 1570 2088 1609 ro

415 1650 554 1735 psalmo:
584 1642 741 1714 ‘Nolite95
765 1656 898 1735 tangere
920 1651 1058 1716 christos
1075 1672 1177 1733 meos,
1202 1659 1235 1717 ct
1257 1654 1289 1717 in
1314 1652 1492 1738 prophetas
1517 1672 1608 1716 meos
1631 1652 1733 1716 nolite
1757 1650 1940 1737 malignari,
1965 1673 2042 1737 quo-

415 1745 573 1828 niam¹⁹⁶‚
607 1755 661 1838 qui
696 1753 935 1840 malignantur',
971 1756 1002 1819 id
1038 1762 1089 1820 est
1123 1757 1287 1841 maligna¹
1324 1763 1440 1841 agunt,
1475 1755 1808 1836 ‘exterminabuntnr,
1845 1754 2044 1820 sustinentes

416 1863 526 1921 autem
551 1856 728 1922 Dominum
752 1858 814 1944 ipsi
839 1858 1092 1924 haereditabunt
1114 1859 1256 1939 terram',
1280 1860 1342 1924 hoc
1366 1867 1417 1926 est
1440 1881 1575 1944 regnum
1600 1858 1673 1924 Dei.

525 1961 568 2025 Et
591 1983 663 2025 cum
686 1963 815 2028 venerit
838 1970 968 2049 tempus
992 1971 1025 2028 et
1049 1965 1148 2042 locus,
1173 1966 1258 2029 sicut
1279 1965 1430 2050 superius
1454 1964 1606 2042 diximus,
1631 1963 1801 2047 loquemur
1824 1984 1897 2026 cum
1921 1963 2042 2026 nostris

417 2067 645 2146 confratribus,
670 2072 713 2145 et,
737 2067 821 2131 sicut
844 2066 975 2132 Domini
1004 2069 1098 2132 iustis
1128 2068 1396 2154 dispositionibus
1420 2069 1612 2148 viderimus,
1645 2067 1714 2132 sine
1744 2066 1843 2131 dubio
1871 2068 2040 2131 iaciemus.
2061 2083 2086 2124 1⁵

376 2195 377 2198 ¹
416 2170 459 2234 ut
481 2191 544 2234 non
569 2175 618 2233 cst
641 2169 844 2235 rationabilis
868 2191 976 2251 causa,
1000 2193 1084 2257 quae
1109 2178 1224 2237 contra
1247 2172 1322 2252 hoc,
1348 2171 1434 2258 quod
1456 2172 1613 2257 petimus,
1637 2192 1693 2234 vos
1716 2169 1837 2234 debeat
1860 2170 2044 2244 stimularc;

416 2275 578 2360 quianon
603 2294 715 2338 sumus
739 2273 924 2338 huiuamodi
947 2275 1110 2352 homines,
1134 2283 1186 2354 ut,
1211 2297 1283 2341 oum
1308 2277 1558 2360 cognoverimus
1583 2277 1783 2340 voluntatem
1808 2274 1941 2352 domini,
1966 2274 2044 2338 veli-

417 2399 488 2444 mus
512 2383 570 2442 aut
591 2376 771 2442 debeamus
795 2378 1024 2463 quoquomodo
1047 2379 1209 2444 resultare
1235 2379 1307 2444 vely
1336 2381 1424 2444 rixas
1455 2386 1488 2444 et
1518 2378 1737 2444 dissensiones
1768 2399 1826 2442 seu
1854 2378 2046 2457 seditiones,

418 2504 499 2569 quos
523 2481 640 2566 vulgus
665 2473 837 2544 werras¹⁰⁷
868 2481 1025 2562 nominat,
1056 2483 1234 2548 debeamus
1259 2494 1496 2562 commovere⁸,
1526 2504 1697 2548 conserere
1726 2482 1778 2546 vel
1805 2488 1933 2560 tenere,
1964 2502 2045 2567 quos

417 2587 576 2651 Dominus
603 2585 693 2671 pacis
727 2584 967 2670 praedicatores
999 2593 1032 2650 et
1062 2593 1240 2652 sectatores
1271 2587 1372 2652 voluit
1402 2586 1553 2651 ordinare
1584 2592 1617 2650 et
1644 2591 1780 2671 peccata
1809 2591 1919 2649 nostra
1947 2591 2045 2670 atque
2065 2606 2091 2646 ao

379 2771 388 2786 ,
417 2691 511 2755 nobis
535 2687 803 2753 commissorumb
828 2695 861 2752 et
883 2690 981 2753 etiam
1012 2692 1112 2756 totius
1136 2693 1249 2777 populi
1277 2692 1446 2756 constituit
1472 2691 1628 2777 plangere
1659 2695 1692 2755 et
1721 2711 1832 2754 curare
1861 2697 1894 2754 et
1925 2690 2046 2754 bellum

418 2814 491 2858 cunr
515 2793 601 2856 vitiis
625 2798 677 2856 ct⁰
700 2813 814 2877 pacem
836 2814 909 2856 cum
935 2794 1090 2859 iratribus
1111 2796 1207 2860 iussit
1224 2795 1357 2860 habere.
1403 2794 1470 2859 Nos
1486 2794 1542 2858 et‘1
1561 2795 1691 2880 quidem
1711 2815 1826 2879 pacem
1843 2799 1876 2858 et
1892 2792 2051 2878 quietem,

418 2919 481 2961 non
505 2897 594 2960 rixas
618 2903 651 2959 et
675 2895 782 2960 belia⁰
806 2903 957 2981 optamus
986 2904 1019 2962 et
1041 2899 1244 2983 quaerimus,
1274 2899 1366 2983 quia,
1397 2899 1482 2962 sicut
1505 2897 1602 2962 dicit‘
1622 2897 1802 2983 apostolus,
1835 2888 1947 2960 ‘non⁹⁸
1971 2902 2047 2960 sunt

418 3001 511 3066 nobis
544 2999 688 3065 carnalia
720 3021 824 3080 arma,
859 3001 916 3065 sed
952 2999 1135 3088 spiritualia
1168 3010 1221 3067 et⁰
1251 3004 1400 3089 potentia
1433 3001 1525 3081 Deo',
1560 3001 1699 3088 quibue⁸
1726 3021 1838 3066 sumus
1872 2993 2047 3065 ‘calciati-‘⁴⁹

419 3104 519 3191 pedes
537 3106 568 3166 in
586 3104 837 3190 praeparatione
854 3105 1014 3190 evangelii
1033 3107 1132 3191 pacis,
1156 3106 1259 3172 induti
1283 3106 1403 3171 loricah
1426 3106 1568 3170 iustitiae
1585 3110 1619 3170 et
1634 3105 1731 3189 galea
1746 3104 1886 3184 salutisl,
1910 3105 2048 3168 accincti
2065 3124 2090 3164 aa

419 3209 549 3273 lumbos
578 3209 610 3272 in
641 3209 792 3286 veritate,
820 3208 980 3274 habentes
1010 3216 1136 3275 scutum
1166 3211 1241 3277 fidei
1271 3218 1305 3276 et
1327 3210 1469 3296 gladium
1495 3210 1636 3296 Spiritus
1659 3211 1780 3291 sancti,
1811 3210 1972 3294 quianon
1998 3215 2048 3272 eet

420 3313 515 3377 nobis
540 3312 738 3376 conluctatio
761 3312 920 3377 adversus
944 3335 1076 3378 caruem
1100 3321 1134 3378 ct
1150 3315 1355 3399 sanguinem,
1379 3314 1435 3380 sed
1453 3313 1611 3378 adversus
1627 3314 1789 3400 principes
1805 3320 1839 3378 ct
1855 3318 2048 3398 potestates,

421 3417 579 3481 adversus
608 3423 754 3481 rectores
778 3418 987 3482 tenebrarum
1011 3418 1127 3482 horum
1156 3426 1269 3483 contra
1292 3419 1474 3504 spiritualia
1496 3418 1661 3504 nequitiae
1686 3418 1718 3482 in
1741 3414 1960 3482 caelestibue‘.
2005 3415 2049 3479 Et

420 3543 483 3585 non
511 3521 689 3584 militamus
721 3525 852 3584 terreno
880 3523 965 3606 regi,
996 3521 1054 3586 sed
1085 3523 1222 3587 caelesti
1251 3545 1308 3609 pro
1341 3523 1448 3586 salute
1480 3529 1513 3586 et
1547 3528 1657 3586 nostra
1690 3526 1723 3584 et
1752 3521 1871 3584 terreni
1899 3521 1984 3604 regis
2015 3525 2048 3584 et

420 3626 518 3690 totius
542 3625 653 3710 populi
677 3624 771 3688 nobis
795 3626 968 3704 commissi,
992 3647 1129 3711 quorum
1154 3627 1296 3692 officium
1318 3633 1369 3691 est
1391 3625 1473 3690 nulli
1503 3646 1637 3702 nocere,
1668 3630 1783 3688 contra
1811 3624 1974 3688 neminem
1998 3624 2046 3687 in·
2066 3643 2091 3682 sc

421 3729 563 3794 fideliter
586 3748 697 3812 agere,
721 3727 872 3792 omnibus
896 3735 1007 3794 autem
1032 3730 1117 3794 velle
1141 3730 1310 3816 prodesse.

529 3831 696 3914 Tandem,
727 3832 858 3897 domine
888 3832 1001 3898 nobisk
1031 3855 1109 3914 rex,
1146 3841 1259 3898 contra
1289 3833 1397 3902 Deum
1428 3839 1461 3898 et
1494 3839 1607 3897 contra
1641 3833 1782 3897 animam
1813 3839 1956 3896 vestram
1986 3852 2048 3895 non

422 3937 564 4002 audiatis
589 3937 674 4014 illos,
698 3937 753 4021 qui
776 3936 927 4017 dixerint,
951 3937 978 4000 si
1002 3939 1086 4002 forte
1110 3938 1202 4002 vobis
1222 3921 1381 4003 dixerint:
1410 3938 1484 4002 Non
1508 3938 1566 4002 tibi
1590 3938 1633 4002 sit
1657 3959 1764 4016 curae,
1788 3959 1857 4016 rex,
1881 3957 1964 4021 quae
1989 3935 2048 4000 tibi

423 4042 569 4107 referunt
591 4039 638 4103 illi
662 4039 800 4103 fellones
824 4046 921 4125 atque
939 4041 1117 4125 ignobiles;
1141 4041 1201 4106 hoc
1218 4042 1279 4121 fac,
1304 4041 1391 4127 quod
1411 4041 1470 4106 tibi
1487 4041 1648 4123 dicimus¹,
1672 4042 1824 4127 quoniam
1841 4062 1912 4106 cum
1931 4041 2048 4104 nostris

423 4149 544 4209 elnon
568 4165 641 4208 cum
670 4144 806 4207 istorum
837 4145 1027 4228 parentibus
1056 4151 1232 4210 tenuerunt
1264 4150 1419 4231 parentes
1451 4147 1497 4210 tui
1528 4167 1674 4230 regnum.
1724 4145 1794 4210 Nos
1818 4151 1928 4210 autem
1951 4143 2046 4209 obse·
2066 4157 2091 4196 ³⁵

423 4269 550 4313 cramus
574 4245 828 4311 dominationem
844 4253 996 4327 vestram,
1021 4247 1188 4314 adtendite
1212 4250 1331 4335 potius,
1354 4251 1381 4313 si
1405 4250 1599 4314 christianus
1622 4271 1681 4314 rex
1705 4250 1803 4328 estis,
1819 4250 1902 4314 sicut
1926 4256 1959 4315 et
1974 4250 2048 4315 Deo

424 4353 544 4437 gratias
568 4352 665 4432 estis,
692 4351 787 4416 etin
811 4351 901 4416 illum
925 4352 1058 4418 creditis
1083 4362 1117 4418 et
1139 4375 1198 4441 per
1225 4355 1316 4419 illurn
1348 4375 1484 4440 regnare
1509 4354 1644 4434 vultam,
1673 4345 1795 4439 ‘per¹⁰⁰
1818 4352 1935 4440 quem',
1966 4355 2049 4418 sicut

424 4457 580 4541 scriptum
604 4461 685 4534 earn,
709 4459 814 4541 ‘reges
830 4454 978 4540 regnant‘
1002 4463 1052 4520 et⁰
1075 4458 1166 4521 cuius
1189 4450 1267 4523 ‘est¹
1293 4479 1440 4544 rognum,
1464 4459 1560 4522 immo
1584 4458 1670 4522 orbis
1695 4464 1801 4523 terrae
1825 4467 1858 4524 ct
1881 4459 2049 4546 plenitudo

425 4559 518 4642 eius’,
543 4561 617 4645 quia
640 4560 725 4624 idem
750 4559 841 4624 Deus
865 4561 896 4624 in
921 4583 1017 4626 cerne
1042 4563 1188 4643 veniens,
1212 4563 1268 4648 qui
1291 4563 1380 4626 solus
1404 4583 1464 4627 rox
1486 4562 1556 4626 fieri
1580 4563 1689 4647 potuit
1712 4569 1745 4626 et
1769 4563 1935 4642 sacerdos,
1960 4569 1993 4626 et
2016 4563 2048 4626 in

424 4665 550 4729 caelum
574 4665 758 4728 ascendens
784 4686 877 4728 suum
901 4686 1049 4750 regnum,
1072 4664 1105 4728 id
1128 4672 1179 4728 eet
1202 4666 1392 4744 eeclesiam,
1416 4667 1500 4730 inter
1522 4667 1741 4752 pontificalem
1765 4666 1993 4729 anctoritatem
2016 4673 2048 4730 et
2067 4679 2093 4717 ⁴⁰

423 4767 547 4853 regiam
571 4774 767 4854 potestatem
797 4768 1046 4853 gubernandum
1070 4770 1230 4856 disposuit
1254 4777 1306 4834 et⁰
1329 4791 1394 4834 non
1418 4771 1538 4857 elegit⁰
1562 4771 1602 4834 ad
1632 4771 1693 4835 hoc
1716 4769 1834 4834 divites
1858 4776 1891 4834 et
1912 4768 2048 4850 nobiles,

424 4871 482 4937 sod
506 4893 668 4958 pauperes
693 4879 726 4936 et
750 4872 930 4956 piscatores
955 4879 998 4954 et,
1022 4875 1105 4938 sicut
1122 4874 1276 4958 scriptum
1301 4880 1363 4954 est,
1386 4865 1578 4960 ‘ignobilia2
1601 4881 1634 4939 et
1657 4873 1915 4958 contemptibilia
1937 4873 2049 4937 mundi

527 5063 555 5129 ιι)
573 5065 677 5130 quando
694 5062 718 5114 5.
794 5064 821 5128 v)
839 5073 913 5116 actas
931 5062 955 5114 9.
1031 5063 1066 5128 w)
1084 5065 1230 5117 declaratur
1247 5066 1271 5116 2.
1344 5065 1372 5133 x)
1391 5073 1418 5118 et
1435 5067 1481 5131 qui
1498 5067 1612 5133 maligna
1630 5066 1654 5117 5.
1726 5063 1753 5132 y)
1772 5082 1820 5117 orn.
1839 5065 1864 5118 5.
1935 5065 1958 5129 a)
1977 5066 2051 5118 modo

424 5169 531 5220 guerras
549 5151 611 5203 odd.
625 5152 648 5202 5.
719 5152 745 5214 a)
765 5159 791 5202 et
809 5151 870 5202 cdd.
883 5150 908 5203 5.
984 5149 1012 5216 h)
1030 5153 1166 5217 commissi,
1185 5171 1232 5204 om.
1246 5159 1279 5215 et,
1298 5151 1322 5204 5.
1399 5151 1424 5216 c)
1444 5170 1491 5203 om.
1510 5150 1535 5204 5.
1605 5152 1632 5215 d)
1650 5152 1768 5218 equidem
1781 5149 1806 5201 5.
1875 5151 1899 5214 e)
1917 5153 2013 5205 bollum
2026 5151 2051 5205 5.

425 5239 450 5304 l)
469 5241 534 5290 dixit
545 5237 569 5290 5.
645 5233 673 5304 g)
692 5237 779 5303 quib.
850 5237 878 5301 h)
896 5238 1002 5290 loricam
1020 5235 1044 5288 5.
1114 5239 1135 5300 il
1153 5240 1214 5290 tecti
1231 5238 1256 5290 5.
1326 5237 1356 5305 lx)
1374 5245 1460 5290 nostru
1478 5237 1502 5289 5.
1573 5237 1593 5301 l)
1612 5240 1724 5290 diximus
1743 5235 1767 5289 5.
1848 5235 1884 5302 nr)
1902 5245 1929 5290 et
1946 5239 2008 5292 odd.
2025 5238 2050 5290 9.
2068 5247 2094 5286 tt

424 5327 453 5388 n)
472 5343 517 5393 per
535 5343 574 5376 me
592 5324 655 5374 odd.
673 5323 698 5376 5.
786 5322 812 5392 ο)
831 5326 937 5392 elegerit
955 5325 984 5388 53
1002 5327 1100 5377 adhoc
1118 5343 1167 5377 om.
1185 5325 1210 5378 2.

528 5497 573 5562 99)
591 5494 659 5550 Imc.
674 5494 765 5562 10‚16.
836 5497 881 5563 93)
901 5493 1000 5562 Utro.
1013 5497 1038 5560 9,
1048 5495 1090 5548 30.
1160 5493 1206 5563 94)
1225 5495 1408 5561 Zortror.2,8.
1478 5494 1523 5562 95)
1543 5493 1642 5549 Psatm.
1658 5493 1764 5561 104,15.
1835 5494 1879 5556 96)
1894 5492 2049 5561 mineat.

425 5598 470 5664 97)
490 5597 544 5662 Ofr.
557 5614 644 5666 sopra
657 5615 687 5666 p.
700 5599 760 5664 998,
777 5604 831 5653 aot.
847 5601 886 5654 10.
956 5599 1000 5664 98)
1015 5599 1039 5650 9.
1053 5596 1172 5651 Corinth.
1187 5598 1259 5665 10,4.
1325 5597 1370 5667 99)
1383 5597 1517 5665 diplicet,
1530 5596 1638 5651 14-17.
1659 5599 1698 5651 19.
1768 5597 1828 5664 100)
1843 5597 1963 5650 Procerh.
1976 5597 2049 5663 8,15.

426 5703 454 5771 1)
467 5701 566 5756 Paolm.
577 5702 673 5770 91,99,·
690 5701 731 5769 93,
746 5705 766 5755 l.
853 5705 879 5768 9)
901 5703 921 5754 l.
939 5699 1056 5754 Corium.
1078 5700 1100 5767 1,
1110 5701 1152 5753 97.
1171 5701 1213 5754 98.
