4590 6420
371 431 637 488 nuurrhnssurn
657 434 706 488 Al)
724 434 840 490 CAPIT.
859 433 943 490 aba.
963 435 1146 490 FRANOIAE
1165 438 1354 493 oculatur.
1373 439 1521 508 (KAROLI
1533 440 1580 510 ΙΙ).
1600 472 1633 482 -
1651 441 1700 496 Νι.
1712 443 1771 497 293.
1821 448 1882 508 407

368 611 418 671 35.
454 605 519 672 Utb
543 609 678 694 quisque
708 610 880 696 episeopus
911 610 1030 675 talem⁰
1059 611 1151 676 iuxta
1179 635 1214 677 se
1246 635 1304 699 pro
1328 613 1450 679 viribus
1482 614 1604 681 habere
1632 615 1797 697 decertet,
1828 619 1882 703 qui
1900 622 1960 677 815.

257 713 352 776 iuxta
376 713 630 777 sincerissimum
663 721 696 778 et
725 715 935 800 purissimum
962 735 1097 780 sensum
1128 716 1362 781 catholicorum
1385 724 1514 804 patrum
1538 717 1602 783 ded
1626 720 1689 785 lide
1713 727 1747 786 et
1770 721 1884 786 obser-

256 817 406 881 vatione⁰
429 814 655 880 mandatorum
672 818 735 882 Dei
760 841 819 883 seu
843 818 893 883 et‘
914 819 1166 905 praedicationis
1183 821 1353 886 doctrina⁸
1376 823 1576 908 presbiteros
1592 825 1736 910 plebium
1753 826 1884 891 assidue

256 919 442 984 instruanth
465 927 498 983 et
527 919 733 999 informenth,
757 922 812 987 nei
836 923 951 987 domus
975 923 1040 988 Dei
1062 924 1145 1004 vivi,
1168 945 1252 1009 quae
1276 931 1328 989 est
1350 926 1505 1006 eeclesia,
1537 927 1607 992 sine
1637 927 1772 992 lucerna
1795 928 1886 993 verbi

229 1024 360 1088 sdivini
383 1030 567 1098 remaneat3
600 1024 658 1089 sed
689 1023 744 1089 et¹¹
767 1025 888 1091 isdem¹
911 1027 986 1091 talis
1010 1028 1146 1104 existat,
1178 1049 1274 1113 quem
1306 1049 1397 1092 amor
1424 1031 1583 1116 pecuniae
1613 1052 1676 1095 non
1700 1038 1800 1096 vexet
1830 1039 1887 1096 aut

260 1128 418 1213 reprobi¹¹¹
441 1149 548 1192 mores
574 1134 607 1192 et
631 1130 836 1194 conversatio
860 1129 1154 1216 reprehensibilis*
1178 1131 1362 1216 periculose
1386 1131 1548 1201 devastet.

368 1235 418 1295 36.
456 1230 521 1296 Ut¹¹
550 1232 725 1318 presbiteri
755 1233 941 1297 nullatenus
971 1233 1167 1319 ubicumque
1196 1233 1357 1320 hospitari
1388 1235 1539 1302 sinantur
1568 1244 1625 1302 aut
1652 1238 1760 1324 aliquo
1789 1238 1886 1302 modo

259 1338 320 1424 ipsi
343 1343 570 1424 praesumunt,
603 1336 660 1400 sed
685 1336 817 1400 assidue
847 1336 934 1422 apud
962 1358 1038 1401 suas
1071 1337 1230 1402 eeclesias
1255 1359 1329 1402 esee
1354 1338 1508 1404 studeant
1532 1347 1666 1426 proptor
1689 1352 1802 1406 saera⁰
1826 1343 1884 1405 mi-

260 1441 381 1506 steria1'
406 1440 459 1504 vel
483 1440 666 1504 ministeria
688 1439 839 1504 fidelibus
864 1439 1060 1506 exhibenda.
1111 1440 1180 1506 Nec
1210 1441 1330 1506 etiam‘¹
1361 1441 1438 1505 alibi
1468 1443 1616 1509 habitare
1649 1446 1886 1530 permittantur,

218 1565 242 1602 1⁰
260 1555 383 1631 nequer
407 1544 561 1608 mulieres
584 1564 823 1629 quamcumque
848 1545 1161 1629 frequentationem⁸
1184 1544 1329 1610 habeant
1352 1545 1384 1608 in
1409 1545 1507 1626 loeis,
1530 1548 1562 1610 in
1579 1547 1696 1633 quibus
1713 1548 1887 1634 presbiteri

261 1650 401 1736 aliquem
414 1668 581 1712 recursum
598 1646 812 1712 habuerintft.
849 1646 992 1720 Quodsiu
1008 1648 1180 1712 observare
1197 1648 1472 1735 parvipenderint,
1495 1650 1561 1715 ita<l
1576 1658 1613 1715 ut
1628 1658 1886 1738 transgressores

261 1760 293 1818 ct
317 1753 371 1838 qui
394 1759 507 1816 contra
529 1751 701 1816 interdieta
724 1751 883 1816 fecerintl
907 1751 1101 1816 iudicentur.

369 1859 421 1922 37.
454 1855 535 1935 Utw,
559 1855 755 1943 quicumque
779 1877 822 1920 ex
845 1856 932 1920 clero
961 1877 1035 1920 esse
1060 1856 1228 1936 videntur,
1264 1877 1355 1922 arma
1383 1857 1560 1921 militaria¹t
1584 1879 1648 1922 non
1673 1865 1802 1924 sumant
1826 1881 1887 1924 nee

262 1962 378 2026 armati
407 1958 575 2039 incedant,
612 1958 670 2024 sed
704 1960 920 2047 professionis
953 1981 1032 2024 suae
1065 1961 1259 2025 vocabulum
1290 1962 1452 2047 religiosis
1488 1961 1631 2026 moribus
1665 1970 1698 2027 et
1733 1963 1887 2048 religioso

219 2087 243 2124 u
262 2066 375 2131 habitu
403 2064 640 2150 praebeantwt.
696 2063 820 2137 Quodsi
851 2065 1122 2149 contempserint,
1156 2070 1341 2150 tamquam¹
1369 2076 1555 2130 sacrorum·
1583 2059 1780 2131 carosium*82
1808 2088 1886 2130 eon-

261 2175 444 2254 temptores
468 2167 522 2232 etb
550 2168 794 2233 ecclesiastieae
824 2169 1007 2233 sanctitatis
1037 2170 1263 2257 profanatores
1293 2171 1416 2257 proprii
1446 2169 1565 2254 gradus
1595 2172 1771 2236 amissione
1802 2171 1886 2235 mul-

262 2281 381 2354 tentur,
405 2273 481 2359 quia
504 2294 569 2337 non
592 2280 730 2358 possunt
754 2273 850 2338 simul
874 2273 947 2339 Deo
971 2281 1004 2338 et
1027 2274 1158 2339 saeculo
1182 2274 1334 2340 militare.

370 2379 421 2442 38.
456 2368 555 2442 Ut⁰83
578 2377 686 2442 nullus
703 2376 859 2464 deinceps
877 2379 1025 2444 veritatis
1041 2380 1214 2466 episeopus
1230 2379 1323 2443 solito
1341 2399 1440 2465 super
1456 2400 1548 2443 sacra
1563 2379 1671 2442 iurare
1687 2386 1888 2465 praesumat,

261 2482 347 2566 quod
371 2479 540 2568 mysterii‘l
563 2502 662 2546 eausa
687 2483 791 2546 saneti
814 2483 1034 2568 quaesierint⁰
1058 2482 1263 2571 patriarchae
1287 2489 1320 2546 et
1342 2482 1506 2548 fecerint‘.
1552 2481 1625 2546 Non
1642 2483 1728 2546 enim
1751 2483 1784 2547 in
1809 2483 1885 2547 hae-

219 2607 245 2646 re
263 2586 415 2650 sitatione
439 2591 472 2652 et
495 2585 618 2650 malitia
641 2585 837 2670 exigentisss,
864 2586 922 2651 sed
951 2587 984 2651 in
1014 2588 1151 2652 caritate
1178 2608 1241 2650 non
1269 2586 1344 2651 fieta
1372 2587 1475 2652 fides¹¹
1505 2591 1663 2650 servatur.
1709 2586 1804 2660 Quod
1833 2586 1888 2672 qni

261 2689 442 2776 transgredi
478 2712 560 2756 ausu
594 2690 768 2756 temerario
803 2693 1061 2778 praesumpserit
1094 2691 1239 2776 quolibet
1265 2689 1361 2754 modo
1392 2689 1556 2770 inlectus¹,
1592 2711 1750 2755 censurae
1781 2690 1886 2756 eecle-

263 2795 416 2860 siastieae
440 2796 511 2859 sine
533 2793 784 2859 retractationelt
809 2793 988 2859 subiaceat.

371 2901 423 2964 39.
456 2898 503 2962 Ut
530 2896 703 2982 multiplex
729 2898 984 2963 iuramentorum
1014 2905 1047 2962 et
1075 2897 1307 2984 periuriorum¹
1330 2898 1492 2978 confusio,
1523 2919 1582 2984 per
1610 2907 1736 2982 quarnm
1765 2899 1887 2963 multae

262 3004 406 3068 fidelium
430 3003 560 3068 animae
583 3003 615 3066 in
639 3007 708 3066 toto
732 3001 795 3066 hee
818 3024 920 3088 regno
945 3003 1092 3090 perditae
1117 3024 1192 3067 esse
1217 3009 1426 3082 noscunturn,
1450 3022 1547 3088 quam
1571 3001 1614 3064 sit
1637 3000 1833 3066 detestanda
1856 3009 1889 3066 et

221 3129 246 3168 es
266 3106 337 3172 Deo
366 3107 513 3188 odibilis,
543 3105 709 3170 adtentius
740 3107 890 3170 omnibus
918 3109 1145 3183 annuntietur,
1179 3107 1264 3171 sient
1293 3107 1363 3192 ipse
1395 3105 1554 3170 Dominus
1586 3105 1728 3170 ostendit
1758 3104 1886 3171 dicens:

263 3202 382 3276 ι11οιιὸ4
405 3210 589 3297 periurabis
605 3210 638 3274 in
661 3210 791 3273 nomine
814 3231 895 3290 mco,
920 3221 1001 3275 neo⁰
1024 3209 1152 3297 pollues
1175 3231 1291 3275 nornen
1315 3209 1378 3274 Dei
1402 3210 1463 3274 tui:
1488 3229 1549 3294 ego
1573 3205 1754 3274 Dominus’.
1799 3209 1886 3274 Tan-

264 3321 333 3380 tum
355 3336 496 3402 namque
519 3315 582 3379 hoc
606 3314 727 3378 malum
751 3319 811 3392 est,
835 3318 872 3376 ut
895 3313 937 3377 ad
961 3312 1149 3377 sanctuaria
1171 3318 1360 3398 martyrum,
1384 3311 1440 3376 ubi
1459 3310 1663 3376 diversorum
1686 3313 1887 3398 egritudines

265 3426 435 3499 sanantur,
466 3419 512 3485 ibi
541 3418 680 3507 periuri,
713 3417 791 3482 lieet
826 3417 1000 3482 manifeste
1034 3416 1197 3482 interdum
1229 3417 1344 3482 vexari
1376 3426 1460 3481 nen1’
1489 3414 1675 3497 rideantur,
1710 3418 1795 3480 iusto
1825 3416 1888 3481 Dei

369 3610 395 3674 ¹⁴)
417 3607 571 3676 12110ρί1.-
590 3607 830 3678 contemptibilem
850 3606 978 3660 reddant.
1015 3607 1087 3660 Hine
1105 3609 1155 3670 est,
1174 3605 1257 3676 quod,
1276 3623 1338 3660 cum
1351 3605 1441 3660 Moses
1460 3606 1601 3674 querelam
1620 3605 1649 3660 in
1669 3607 1819 3674 conspeetu
1837 3603 1888 3658 Dei

222 3705 247 3743 ³⁰
265 3695 424 3764 deponeret,
443 3711 499 3749 non
518 3711 546 3748 se
560 3711 639 3764 posse
653 3697 765 3764 portare
784 3695 895 3748 tanturn
914 3710 992 3757 onus,
1011 3693 1085 3762 quod
1105 3692 1130 3747 ei
1144 3693 1242 3746 fuerat
1260 3691 1432 3762 impositum,
1451 3692 1562 3748 audivit
1579 3710 1597 3746 a
1614 3693 1684 3747 Deo:
1704 3691 1889 3762 Ὀοιιςιιιςιϋὓ

265 3781 335 3835 nrihi
353 3780 537 3851 septuaginta
554 3779 628 3836 viros
651 3781 686 3834 de
709 3780 865 3835 senioribus
883 3779 981 3840 Israel,
1005 3797 1074 3847 quoa
1094 3782 1126 3832 tu
1145 3779 1234 3842 nosti,
1257 3779 1332 3847 qued
1351 3796 1429 3834 senes
1448 3779 1546 3850 populi
1565 3779 1607 3833 tni
1626 3779 1733 3834 sintae
1751 3778 1889 3849 magistri,

266 3871 295 3922 et
312 3869 435 3923 anferam
455 3869 489 3922 de
508 3868 609 3938 spiritu
629 3873 678 3923 tuo
697 3868 862 3937 tradamque
881 3867 929 3933 eis,
948 3869 981 3920 nt
999 3869 1158 3921 sustentent
1176 3869 1268 3921 tecum
1287 3883 1356 3921 onus
1375 3866 1472 3936 populi
1491 3869 1520 3920 et
1538 3884 1593 3921 non
1612 3870 1644 3920 tu
1663 3866 1738 3920 solus
1750 3863 1890 3936 graveris.¹

266 3955 339 4022 Quid
358 3955 387 4009 in
406 3955 495 4018 Mose,
519 3956 572 4010 nisi
595 3973 732 4010 summurn
757 3954 962 4010 sacerdotium?
990 3954 1062 4019 Quid
1081 3954 1111 4007 in
1129 3953 1202 4008 LXX
1221 3953 1302 4017 viris,
1329 3953 1383 4008 nisi
1408 3953 1584 4023 presbyteros
1610 3951 1782 4024 accipimus?
1810 3951 1890 4018 Quod

265 4047 361 4098 autern
378 4043 512 4098 Dominus
530 4044 623 4098 aufert
641 4043 675 4097 de
693 4043 795 4114 spiritu
813 4043 904 4112 Moysi
923 4042 1066 4111 traditque
1089 4042 1142 4106 eis,
1165 4043 1295 4112 patenter
1316 4040 1451 4104 ostendit,
1477 4040 1551 4110 quod
1570 4040 1614 4104 hi,
1638 4039 1686 4108 qni
1706 4039 1741 4093 ab
1762 4039 1891 4109 episeopo

223 4147 247 4188 es
266 4131 295 4185 in
313 4132 464 4202 conspectu
482 4129 532 4184 Dei
552 4130 643 4185 vocati
663 4133 743 4191 sunt.
767 4134 915 4186 ntaecnm
940 4146 1010 4183 onus
1028 4128 1126 4198 populi
1152 4131 1322 4192 sustentent,
1347 4127 1442 4182 eadem
1466 4143 1538 4195 qnae
1557 4126 1682 4182 Christus
1705 4125 1809 4180 debent
1831 4141 1891 4178 sen·

266 4219 328 4282 tire,
347 4218 443 4272 eadem
462 4217 534 4272 velle
553 4221 582 4272 et
604 4217 750 4288 impartito
775 4217 827 4271 sibi
853 4233 936 4271 onere
962 4217 1029 4271 totis
1053 4215 1160 4270 viribus
1184 4214 1335 4285 cooperari.
1377 4215 1436 4269 Hoc
1461 4214 1534 4268 enim
1560 4213 1713 4283 siguificat,
1739 4211 1813 4281 quod
1836 4228 1892 4265 non

266 4305 362 4370 alium,
381 4305 429 4360 sed
448 4304 565 4359 eundem
585 4304 674 4374 Moysi
694 4302 824 4373 spiritum
842 4301 996 4372 accipiunt.

370 4481 397 4544 h)
416 4481 525 4546 Qualem
549 4480 693 4531 ministrum
715 4481 850 4548 episeopus
873 4481 948 4531 iuxta
970 4497 997 4531 se
1020 4480 1114 4531 habere
1135 4479 1227 4530 debeat
1243 4480 1315 4531 mbr.
1333 4479 1362 4528 iu
1382 4475 1421 4528 12.
1511 4475 1536 4539 o)
1556 4476 1620 4528 talos
1632 4473 1657 4528 9.
1745 4475 1772 4540 d)
1789 4473 1893 4525 om.12.

266 4567 291 4633 a)
310 4569 458 4636 operatione
471 4565 494 4619 1.
593 4565 618 4632 1)
637 4567 668 4619 de
686 4567 749 4618 edd.
768 4565 797 4626 1;
815 4567 892 4619 etiarn
911 4564 950 4618 12.
1051 4564 1079 4632 g)
1099 4565 1228 4616 doctrinae
1246 4562 1271 4615 2.
1292 4563 1317 4615 4.
1417 4561 1444 4627 h)
1463 4564 1573 4614 instruat
1590 4569 1616 4613 et
1633 4563 1751 4613 informet
1769 4561 1794 4612 5.
1807 4559 1832 4611 6.
1852 4559 1892 4612 12.

224 4668 249 4706 to
267 4654 286 4723 ἱ)
305 4672 353 4706 nee
372 4654 395 4707 1.
483 4653 511 4717 k)
531 4669 578 4704 orn.
598 4651 676 4705 912.
764 4653 785 4718 1)
804 4651 955 4705 idaminb.
975 4651 1015 4704 12.
1104 4649 1140 4717 ιιι)
1159 4653 1278 4718 reprobet
1295 4649 1319 4702 3.
1408 4649 1436 4716 n)
1456 4653 1491 4701 Ut
1507 4650 1649 4716 presbyteri
1668 4649 1816 4716 nullatenus
1835 4647 1894 4700 nbi·

267 4759 318 4806 qne
336 4740 458 4808 hospitari
477 4741 595 4792 sinantur
612 4741 683 4790 rubr.
700 4741 728 4791 r'n
748 4738 792 4804 12;
810 4743 858 4808 cfr.
878 4757 959 4805 sup-ro
977 4755 1006 4804 p.
1025 4737 1090 4802 392,
1109 4757 1128 4790 c.
1143 4736 1184 4791 36.
1278 4737 1304 4803 ο)
1323 4755 1370 4790 aua
1388 4735 1411 4787 3.
1506 4735 1532 4802 p)
1553 4754 1600 4787 om.
1620 4734 1661 4787 ll.
1755 4732 1782 4800 q)
1801 4752 1849 4786 ora.
1862 4733 1891 4796 9;

265 4828 328 4880 alibi
346 4827 422 4879 etiarn
440 4825 465 4879 4.
561 4824 585 4892 ι)
604 4843 686 4893 neque
772 4828 911 4878 habuerint
928 4842 977 4878 om.
998 4824 1027 4890 93
1044 4825 1113 4877 enim
1131 4824 1193 4875 edd.
1214 4823 1236 4876 1.
1333 4823 1357 4887 a)
1375 4822 1559 4874 habitationem
1579 4819 1620 4872 12.
1714 4818 1735 4885 t)
1756 4821 1851 4872 habent
1870 4819 1892 4871 l.

266 4912 295 4978 ιι)
313 4914 357 4964 sed
376 4914 397 4964 si
416 4912 440 4964 1.
539 4912 566 4976 v)
586 4914 702 4964 fecerunt
719 4909 743 4963 2.
762 4910 786 4963 9.
886 4909 921 4978 w)
941 4915 976 4964 Ut
994 4911 1081 4963 clerici
1099 4912 1193 4962 armati
1211 4928 1263 4960 nen
1282 4911 1403 4961 incedant
1422 4909 1493 4958 rubr.
1511 4907 1540 4957 ia
1556 4904 1581 4958 2.
1599 4903 1625 4958 4.
1644 4904 1674 4966 9;
1703 4907 1737 4958 Ut
1822 4923 1893 4974 prae-

267 5001 409 5051 beantom.
428 4997 457 5062 93
477 5001 510 5050 Ut
529 5015 576 5048 ene
596 4994 636 5048 12.
737 4998 832 5062 x)om.
853 4995 1020 5050 1.7.8.10.
1042 4995 1082 5048 11.
1182 4995 1209 5063 y)
1229 4997 1338 5064 prebent
1357 4994 1379 5046 1.
1479 4993 1503 5058 z)
1520 5003 1573 5044 tam
1591 4991 1617 5043 9.
1717 4990 1743 5058 a)
1761 5009 1893 5044 sacrarum

225 5099 250 5137 tt
269 5103 379 5138 canones
397 5084 422 5138 l.
504 5083 531 5150 b)
550 5101 597 5136 om.
617 5082 693 5137 2-4.
711 5083 735 5135 9.
817 5083 840 5144 cl
859 5085 1045 5152 Ut·episeopns
1063 5100 1141 5149 super
1158 5081 1218 5146 (ont.
1231 5080 1260 5147 4)
1278 5099 1351 5134 saera
1368 5083 1452 5134 iurare
1470 5097 1522 5131 non
1535 5085 1684 5146 praesumat
1696 5079 1765 5129 rubr.
1785 5079 1811 5130 iu
1831 5077 1855 5130 2.
1868 5077 1894 5130 4.

270 5173 297 5236 d)
316 5174 478 5240 mysterium,
497 5190 546 5225 one.
564 5189 649 5237 causa,
668 5171 697 5236 9;
719 5173 853 5225 ministerii
872 5172 894 5223 1.
914 5169 955 5225 11.
1047 5173 1071 5235 a)
1089 5171 1238 5237 quesierunt
1259 5169 1283 5221 1.
1371 5168 1397 5234 f)
1416 5171 1533 5220 feceruut
1553 5166 1574 5218 1.
1671 5164 1700 5233 g)
1719 5167 1851 5233 exigentes
1872 5166 1893 5217 1.

269 5257 297 5326 h)
316 5261 365 5312 fide
383 5257 406 5311 9.
477 5259 498 5324 i)
516 5259 623 5311 inlectos
643 5258 670 5322 1;
689 5277 736 5310 aar.
757 5257 798 5311 10.
812 5258 853 5310 11.
924 5256 953 5324 Ιι)
972 5258 1126 5310 retractione
1143 5255 1167 5309 2.
1185 5253 1209 5307 3.
1281 5251 1582 5324 l)periuriurn10.11.
1653 5253 1688 5318 m)
1707 5251 1837 5318 qnem10.
1854 5251 1893 5304 ll.

268 5344 297 5415 n)
315 5353 515 5416 cognoscuntur,
533 5362 581 5397 em.
600 5361 663 5410 esse,
682 5345 705 5397 ὃ.
719 5344 744 5398 6.
831 5344 857 5411 ο)
875 5363 927 5397 uon
947 5345 969 5397 1.
1057 5343 1084 5412 p)
1103 5361 1151 5394 orn.
1170 5340 1195 5394 4.

371 5515 416 5586 82)
438 5515 493 5582 Osr.
514 5514 592 5570 Gerre.
612 5515 685 5585 Moy.
704 5516 764 5583 813,
781 5532 802 5570 c.
818 5517 859 5584 17,
878 5514 975 5569 Monet
988 5512 1073 5580 XIV,
1091 5513 1139 5568 eol.
1152 5513 1199 5577 10,-
1218 5512 1283 5580 Gap.
1295 5511 1365 5567 maa.
1379 5512 1438 5580 802,
1458 5513 1553 5581 tonnI,
1569 5529 1599 5582 p.
1612 5511 1655 5580 94,
1674 5528 1695 5566 e.
1710 5511 1742 5565 17
1748 5531 1758 5579 ,·
1777 5509 1892 5565 Koreto-

226 5637 252 5676 se
270 5620 365 5676 rimant
386 5619 451 5690 Gap.
466 5619 524 5688 142,
544 5621 560 5674 1.
574 5637 595 5675 c.
610 5637 639 5688 p.
651 5619 693 5687 25,
711 5635 731 5674 c.
744 5620 774 5685 2,·
793 5619 872 5674 Coae.
890 5619 995 5674 Latum
1013 5617 1171 5684 673-675,
1188 5631 1209 5670 e.
1221 5617 1247 5684 2,
1267 5615 1328 5670 DL.
1349 5615 1425 5671 Cone.
1439 5616 1462 5684 Ι,
1477 5633 1508 5686 p.
1521 5617 1580 5672 218.
1667 5615 1711 5682 83)
1732 5613 1789 5682 Otr.
1810 5612 1890 5669 conc.

274 5725 379 5779 Tuber.
392 5725 453 5792 895,
470 5741 558 5794 supra
573 5741 603 5795 p.
616 5724 676 5791 224,
694 5741 716 5778 c.
729 5724 770 5779 21.
858 5725 903 5796 84)
923 5723 1005 5778 Lcrit.
1026 5722 1067 5789 19,
1079 5722 1117 5777 12,
1204 5722 1250 5782 85)
1271 5724 1293 5776 l.
1307 5721 1389 5775 Nam.
1409 5723 1449 5788 ll,
1463 5721 1502 5776 16.
1525 5722 1563 5776 ll.
