4560 6426
415 449 659 503 CAPITULARIA
678 449 804 505 REGUM
824 448 1007 503 FRANCIAE
1031 447 1293 503 ocolnanrnnls
1312 447 1460 514 (KAROLI
1473 449 1518 516 11).
1537 478 1568 486 -
1589 448 1637 502 Nr.
1652 449 1711 502 266.
1810 451 1870 514 287

165 647 174 663 ι·
251 617 363 704 regial
387 622 579 686 ernendare⁰
602 629 735 708 cogetur
764 631 796 687 et
819 622 998 687 secundum
1022 621 1175 686 iudicium
1199 621 1341 685 fidelium
1371 629 1553 687 nostrorum
1578 622 1772 706 condignam
1796 624 1862 685 vin·
1884 625 1942 679 857.

149 783 152 792 .
251 725 369 789 dictam
395 728 568 812 suscipiet·
1225 785 1227 790 .

360 834 390 893 5.
424 828 467 893 nt
490 831 517 893 si
543 831 616 894 talis
641 852 780 915 persona
803 833 911 908 fuerit,
935 839 971 895 ut
992 830 1137 917 episcopi
1161 829 1212 893 vel
1236 830 1328 892 missi
1349 831 1449 895 nostri
1473 851 1510 894 ac
1527 831 1662 894 comites
1686 832 1718 894 in
1741 830 1867 893 illorum

251 934 448 1010 ministeriis,
466 933 551 1018 quod
564 955 697 1020 pravum
711 943 819 999 actum
833 936 940 1014 fuerit,
958 933 1123 1020 potuerint
1135 931 1319 1012 emendare,
1336 933 1513 997 secundum
1526 933 1727 1018 praefixumd
1740 931 1868 997 rncdum

220 1059 231 1095 a
251 1036 330 1101 illud
354 1037 526 1102 emendare
551 1037 713 1118 studeant,
737 1046 793 1103 aut
817 1061 875 1124 per
897 1038 1105 1102 fideiussores
1129 1034 1169 1100 ad
1193 1042 1335 1099 nostram
1359 1036 1577 1120 praesentiam
1601 1036 1714 1100 venire
1738 1037 1868 1100 faciant.

358 1145 386 1204 b'.
423 1139 456 1203 si
481 1149 590 1205 autem
614 1143 732 1226 aliquis
756 1144 967 1229 quiscumque
989 1140 1200 1206 inoboediens
1224 1141 1386 1219 extiterit,
1418 1162 1489 1205 cum
1515 1163 1640 1206 summa
1658 1141 1866 1206 festinatione

249 1245 344 1308 nobis
378 1252 488 1309 notum
518 1247 623 1310 lacere
661 1254 787 1324 curent,
824 1253 859 1311 ut
892 1246 1099 1331 quantotius⁰
1131 1243 1171 1308 ad
1205 1250 1346 1308 nostram
1380 1246 1598 1331 praesentiam
1633 1245 1722 1310 illum
1758 1245 1868 1309 venire

248 1348 427 1428 iubeamus,
451 1357 484 1413 et
506 1349 636 1434 dignam
658 1351 814 1416 ultionem
839 1349 1016 1414 secundum
1039 1349 1194 1413 iudicium
1217 1347 1359 1414 fidelium
1383 1357 1566 1414 nostrorum
1590 1350 1759 1414 sustineat.

359 1455 386 1517 7.
423 1451 483 1516 Etf
503 1453 539 1532 si,
564 1453 648 1538 quod
670 1456 765 1536 absit,
788 1457 862 1520 talis
879 1457 1056 1534 emerserit,
1080 1456 1134 1541 qui
1150 1455 1213 1519 Dei
1230 1455 1377 1518 timorem
1394 1458 1566 1539 postponat
1589 1461 1642 1518 et⁸
1665 1451 1864 1516 ecclesiasti·

208 1577 232 1614 ιο
252 1577 322 1618 cam
355 1557 580 1621 auctoritatem
608 1565 817 1645 contempnat
845 1567 879 1625 et
901 1563 1023 1646 regiam
1046 1567 1241 1647 potestatem
1265 1559 1418 1644 refugiat,
1449 1558 1540 1636 sciat,
1575 1559 1784 1643 quiscumque
1810 1556 1865 1620 illc

249 1658 364 1738 fuerit,
388 1661 462 1743 quia
485 1666 518 1725 et
541 1662 717 1726 secundum
742 1665 929 1729 canonicam
962 1665 1188 1729 auctoritatem
1214 1663 1255 1726 ab
1279 1663 1421 1726 omnium
1445 1661 1693 1726 christianorum
1717 1666 1811 1723 coetu
1835 1666 1867 1721 et

249 1761 291 1825 ιιΙΙ
322 1770 452 1828 sanctae
483 1765 644 1830 ecclesiae
673 1769 836 1832 consortio
866 1774 900 1832 et
934 1769 966 1831 in
1000 1768 1093 1832 coelo
1123 1775 1156 1830 et
1185 1767 1217 1831 in
1248 1775 1335 1830 terra
1363 1766 1489 1830 alienus
1520 1763 1678 1829 efficietur
1706 1771 1739 1828 et
1766 1762 1867 1848 regali

252 1871 411 1951 potestate
440 1875 537 1953 atque
566 1870 708 1934 omnium
736 1871 829 1956 regni
852 1871 995 1935 fidelium
1025 1871 1238 1935 unanimitate
1269 1871 1352 1933 siout
1381 1869 1444 1934 Dei
1472 1874 1505 1932 et
1533 1865 1691 1932 ecclesiae
1714 1865 1865 1930 inimicus

250 1979 284 2034 et
307 1971 397 2055 regni
422 1969 610 2036 devastator
633 1983 857 2061 persequetur,
881 1997 984 2062 usque
1008 1974 1083 2039 dum
1108 1996 1127 2038 a
1149 1989 1249 2058 regno
1273 1974 1518 2038 exterminetur.

207 2096 231 2135 n
357 2075 385 2137 8.
421 2073 513 2138 Etsi
537 2076 653 2160 aliquis
677 2079 921 2156 comesluerit,
955 2079 1009 2163 qui
1033 2079 1147 2142 hocin
1173 2077 1409 2142 suocomitatu
1433 2075 1692 2140 leceritautibi
1716 2075 1794 2139 talia
1818 2075 1865 2138 in-

249 2197 397 2241 crescere
426 2181 624 2263 permiserit,
656 2180 702 2244 ut¹
726 2189 782 2246 aut
813 2183 882 2268 ipse
910 2182 966 2246 illa
995 2202 1058 2246 non
1090 2181 1242 2247 emendet
1269 2187 1326 2246 aut
1354 2180 1448 2245 nobis
1476 2187 1554 2244 nota
1583 2201 1646 2243 non
1670 2179 1797 2256 lecerit,
1831 2185 1866 2243 ut

248 2287 359 2345 nostra
382 2284 558 2348 auctoritas
582 2285 661 2348 talia
685 2287 840 2370 corrigat,
872 2287 969 2364 sciat,
1001 2287 1076 2371 quia
1108 2285 1206 2350 talem
1237 2285 1431 2350 sententiam
1460 2282 1534 2348 inde
1563 2282 1750 2360 sunonebit,
1782 2282 1866 2346 sicut

247 2392 394 2470 tempore
418 2393 658 2452 antecessorum
682 2395 863 2454 nostrorum
888 2389 1087 2454 consuetudo
1110 2381 1214 2453 luitw.

356 2493 385 2555 9.
420 2489 507 2554 Etsi
524 2491 622 2577 aliqui
639 2493 817 2558 iterantes*
829 2492 1101 2578 depraedationes
1119 2501 1152 2558 et
1167 2494 1298 2578 rapinas
1311 2512 1370 2576 per
1387 2511 1521 2574 regnum
1538 2496 1681 2552 nostrum
1699 2480 1861 2553 fecerint1¹

205 2613 231 2654 ao
251 2599 285 2659 et
307 2593 450 2679 episcopi
473 2616 510 2658 ac
532 2597 622 2660 missi
647 2598 697 2659 vel
721 2598 854 2662 comites
879 2597 940 2660 hoc
963 2597 1138 2662 emendare
1167 2617 1232 2660 non
1262 2594 1440 2681 potuerint,
1471 2613 1567 2678 quam
1597 2591 1691 2655 citius
1718 2598 1864 2675 possunt,

248 2695 341 2761 nobis
364 2703 476 2761 notum
505 2699 613 2762 lacere
637 2707 766 2778 curent,
790 2705 826 2763 ut
849 2699 1019 2763 iubeamus
1043 2699 1131 2783 ipsos
1154 2697 1408 2783 depraedatores
1436 2717 1494 2781 per
1523 2693 1660 2761 eandem
1683 2694 1766 2757 viam
1791 2713 1863 2756 cum

246 2801 348 2864 misso
377 2807 486 2865 nostro
510 2801 616 2867 redire
640 2808 673 2866 et
694 2802 750 2866 illa
773 2803 896 2882 onmia,
919 2823 1002 2887 quae
1025 2802 1124 2866 male¹
1149 2808 1300 2887 egerant,
1331 2801 1482 2886 legaliter
1505 2798 1679 2864 emendare
1708 2805 1742 2862 et
1764 2797 1863 2861 talem

247 2894 549 2982 harmiscarammffl,
578 2906 661 2969 sicut
684 2905 777 2970 nobis
802 2906 927 2970 viaum¹²
948 2905 1068 2984 luerit,
1087 2911 1143 2968 aut
1166 2904 1335 2984 iudicium,
1367 2904 1451 2968 sicut
1474 2922 1547 2967 cum
1570 2901 1720 2967 fidelibus
1744 2901 1864 2965 nostris

248 3007 575 3088 consideraverimus,
599 3010 770 3074 sustinere.

203 3128 227 3166 ιι
360 3115 404 3175 10.
441 3111 474 3176 Si
496 3119 606 3178 autem
630 3113 740 3178 dilecti
765 3114 874 3178 fratris
899 3117 1000 3178 nostri
1024 3121 1080 3178 aut
1103 3122 1256 3200 nepotum
1279 3119 1461 3178 nostrorum
1483 3110 1630 3175 homines
1654 3108 1784 3188 fuerint,
1809 3112 1863 3196 qui

245 3215 323 3280 talia
346 3217 483 3300 egerint,
507 3223 540 3280 et
563 3217 624 3282 hoc
640 3217 731 3282 nobis
755 3219 989 3298 innotescant⁰,
1012 3227 1048 3282 ut
1070 3218 1134 3282 illis
1158 3223 1288 3283 notump
1310 3207 1512 3296 faciamusffl,
1535 3219 1569 3278 et
1591 3212 1636 3277 illi
1660 3233 1735 3277 suos
1758 3213 1861 3277 homi·

245 3339 315 3400 nes,
339 3321 424 3384 sicut
447 3320 511 3384 illis
529 3321 644 3386 melius
662 3322 766 3386 visum
783 3321 889 3400 luerit,
913 3321 954 3386 de
971 3322 1091 3386 talibus
1108 3322 1270 3406 castigare
1287 3324 1471 3406 procurent,
1496 3318 1581 3382 sicut
1604 3322 1636 3380 et
1658 3337 1717 3379 nos
1733 3325 1862 3382 nostros

245 3423 392 3490 homines
409 3425 571 3510 castigare
587 3425 748 3498 volumus,
772 3426 797 3488 si
821 3425 852 3489 in
876 3426 1003 3490 illorum
1019 3427 1127 3510 regnis
1143 3424 1327 3489 indecentia
1350 3429 1383 3486 et
1405 3423 1514 3507 aliqua
1534 3422 1642 3500 noxia,
1665 3420 1751 3506 quod
1767 3422 1862 3501 absit,

245 3528 354 3593 faeere
376 3529 664 3616 praesumpserint.

202 3803 228 3842 a
924 3771 1180 3834 admonitam.

355 3894 510 3957 Sanctusr
541 3893 719 3977 Gregorius
751 3893 783 3956 in
814 3892 895 3956 libro
924 3892 1078 3977 pastorali
1108 3891 1215 3955 dicio:
1252 3881 1514 3955 ‘ammonendill
1549 3895 1639 3970 sunt,
1671 3889 1725 3974 qui
1755 3889 1863 3953 aliena

245 4017 360 4082 rapere
394 3995 606 4078 contendunt,
641 4001 677 4060 ut
705 3995 843 4061 sollicite
878 3994 1024 4072 audiant,
1059 3993 1155 4081 quid·
1186 3995 1318 4059 veniens
1353 3995 1385 4058 in
1418 3993 1538 4058 iudicio
1571 3993 1729 4058 Dominus
1761 3992 1862 4057 dicat:

246 4092 429 4164 “Esurivill
468 4099 587 4178 enimi,
623 4108 656 4163 et
692 4120 755 4163 non
791 4099 927 4164 dedistis
961 4098 1039 4162 mihi
1074 4095 1303 4176 manducare”,
1344 4105 1376 4160 et
1409 4103 1549 4162 caetera.
1607 4095 1734 4169 Quibus
1771 4095 1861 4160 dicit:

248 4197 470 4268 “Disceditell
493 4225 512 4267 a
535 4225 602 4280 me,
633 4202 807 4278 maledicti,
837 4205 868 4267 in
891 4205 1000 4288 ignem
1023 4211 1203 4280 aeternum,
1227 4203 1282 4288 qui
1305 4206 1438 4288 paratus
1462 4207 1514 4265 est
1536 4200 1666 4264 diabolo
1690 4207 1724 4263 et
1739 4199 1863 4283 angelis

204 4334 228 4373 aa
248 4305 351 4373 eius.''
396 4307 482 4371 Hinc
511 4328 588 4392 ergo
617 4306 833 4392 colligendum
864 4313 926 4386 eat,
959 4313 1079 4391 quanta
1109 4305 1339 4391 dampnatione
1368 4303 1531 4391 plectendi
1555 4309 1647 4383 aunt,
1679 4301 1734 4388 qui
1756 4302 1862 4367 aliena

245 4412 384 4498 rapiunt,
409 4412 435 4476 si
459 4418 551 4474 tanta
574 4411 857 4476 animadversione
873 4411 1043 4491 feriuntur,
1067 4413 1122 4497 qui
1145 4431 1204 4475 sua
1220 4410 1395 4476 indiscrete
1412 4414 1597 4475 tenuerunt.
1640 4406 1860 4494 Perpendant,

244 4537 306 4602 quo
330 4537 386 4580 eoa
410 4515 548 4599 obligett
571 4520 663 4578 reatu
686 4536 738 4580 res
761 4522 885 4601 raptal,
920 4515 946 4580 si
976 4514 1033 4579 tali
1061 4514 1180 4580 subicit
1209 4525 1358 4600 poenaev
1380 4534 1445 4578 non
1467 4511 1598 4578 tradita.
1642 4510 1861 4598 Perpendant,

244 4619 348 4705 quidw
371 4626 515 4684 meretur
538 4619 696 4683 iniustitia
718 4619 835 4700 inlata,
869 4621 896 4684 si
928 4625 1019 4684 tanta
1051 4619 1261 4705 percussione
1289 4617 1388 4704 digna
1415 4623 1465 4682 est
1493 4619 1598 4704 pietas
1626 4637 1690 4682 uon
1715 4617 1860 4702 inpensa.

347 4795 372 4857 o)
390 4795 522 4846 emendari
540 4793 565 4844 o.
579 4791 602 4844 7.
690 4793 716 4856 d)
735 4796 849 4860 praefixa
867 4797 962 4846 monita
981 4795 1005 4846 6.
1025 4791 1048 4845 7.
1136 4794 1160 4855 a)
1179 4801 1274 4858 quanto
1292 4795 1368 4844 citius
1386 4791 1410 4844 6.
1430 4791 1444 4842 7
1522 4792 1544 4856 s)
1563 4795 1602 4844 De
1619 4794 1667 4858 his,
1685 4793 1729 4859 qui
1747 4794 1862 4844 timorem

201 4895 226 4934 so
244 4883 291 4934 Dei
315 4887 467 4948 postponant
490 4881 518 4930 ia
540 4897 622 4946 nsary.
642 4881 665 4930 ⁶2.
753 4881 780 4946 gl
800 4899 848 4934 orn.
866 4881 889 4931 2.
983 4881 1010 4946 Ιι)
1029 4899 1076 4931 oni.
1096 4879 1120 4931 7.
1214 4880 1233 4944 1)
1252 4888 1285 4946 et,
1304 4897 1352 4931 om,
1370 4887 1423 4944 cut,
1441 4878 1465 4930 6.
1484 4877 1508 4929 7.
1582 4878 1611 4943 1ι)
1629 4879 1777 4930 itinerantes
1794 4878 1818 4930 6.
1838 4878 1861 4931 7.

242 4969 263 5033 l)
280 4969 346 5020 mala
367 4967 393 5028 1;
415 4967 460 5018 alii
481 4973 590 5032 egerunt
608 4965 632 5017 6.
652 4963 674 5016 7.
770 4965 805 5030 rn)
826 4969 995 5019 lrarnrscaram
1015 4966 1045 5029 1;
1062 4967 1228 5018 armiscaram
1245 4963 1270 5018 2.
1288 4964 1375 5018 5-1.
1466 4965 1495 5029 ιι)
1513 4967 1611 5018 iussum
1629 4961 1653 5016 6.
1672 4962 1696 5016 7.
1779 4963 1805 5027 o)
1824 4965 1862 5014 io·

242 5062 360 5107 notescat
371 5051 395 5104 6.
409 5051 433 5103 7.
538 5052 565 5120 p)
583 5061 644 5104 nota
669 5053 690 5104 l.
709 5052 768 5104 at.
881 5053 909 5120 q)
928 5054 1049 5106 Collectio
1071 5054 1102 5105 de
1126 5053 1271 5120 raptoribus
1290 5051 1320 5116 13
1346 5055 1394 5119 csr.
1413 5052 1493 5102 NA.
1508 5049 1619 5102 XVIII.
1643 5067 1670 5116 p.
1686 5047 1749 5114 303,
1773 5058 1823 5100 not.
1839 5048 1860 5100 1.

242 5143 265 5206 r)
284 5145 457 5195 Sancnrsom.
473 5142 499 5200 1;
521 5142 629 5192 &nctus
711 5140 773 5190 dicit
790 5157 838 5190 cna.
856 5139 879 5190 6.
893 5136 917 5190 l.
998 5139 1021 5204 a)
1039 5140 1107 5206 quod
1124 5137 1149 5190 2.
1168 5137 1192 5190 7.
1279 5138 1300 5203 t)
1312 5138 1428 5204 obligant
1439 5134 1464 5188 2.
1550 5135 1578 5200 u)
1596 5143 1684 5202 raptae
1700 5133 1731 5197 2;
1749 5133 1862 5201 capta‘i.

150 5219 152 5224 ’
242 5227 270 5295 v)
288 5245 371 5296 poena
389 5225 413 5278 2.
502 5226 536 5291 w)
555 5243 605 5292 quo
624 5226 766 5276 demeretur
783 5223 807 5276 7.

199 5417 224 5454 ιι
345 5399 372 5464 9)
392 5398 446 5464 0)).
466 5396 541 5462 iassro
555 5395 656 5463 aem,
680 5413 702 5448 c.
721 5396 815 5449 s-11
930 5397 972 5462 10)
999 5395 1055 5460 Osr.
1080 5393 1222 5461 Caputtdat.
1247 5393 1364 5458 dcmrt
1387 5391 1862 5460 swam-790‚aa.1,p.7o,

242 5503 325 5565 c.24,·
342 5501 480 5568 Bramacr,
500 5499 561 5556 Ro.
580 5499 620 5566 II,
635 5501 713 5568 pl&
730 5515 768 5568 eq.
857 5502 899 5566 11)
920 5498 975 5566 Osa
995 5498 1060 5568 Gap.
1077 5497 1244 5565 elimasa,
1262 5511 1348 5564 supro
1362 5496 1469 5565 mid,
1485 5511 1506 5550 c
1521 5495 1559 5550 12.
1645 5495 1688 5562 12)
1709 5494 1862 5564 Osrarprc

239 5607 341 5675 plsstl,
359 5611 412 5659 not.
428 5604 466 5657 ll.
539 5603 582 5670 13)
596 5601 650 5669 Osa.
664 5601 729 5671 (lap.
747 5603 911 5670 saumata,
929 5617 1015 5669 sopra
1028 5617 1056 5669 p.
1070 5601 1129 5669 273,
1148 5619 1170 5655 c.
1183 5602 1207 5655 8.
1279 5601 1321 5666 11)
1344 5597 1692 5668 &spedistamma
1712 5598 1806 5665 111,c
1819 5599 1862 5662 20,

245 5709 332 5780 Οριτα
346 5707 385 5774 II,
401 5709 448 5762 ml.
466 5709 564 5777 sesa,-
587 5723 641 5759 noa
658 5705 694 5760 od
713 5705 818 5761 carbasa
835 5705 954 5774 repetito,
972 5704 1017 5758 aad
1034 5709 1164 5772 wespa,
1254 5705 1298 5770 15)
1319 5701 1416 5756 Maca.
1434 5702 1528 5770 Μ.
1617 5703 1658 5768 16)
1678 5701 1749 5756 Ibid.
1767 5701 1809 5768 25,
1820 5701 1862 5756 41.
