4590 6428
418 435 458 496 48
680 429 949 484 ΑΒΒΙΤΑΜΕΝΤΑ
969 430 1016 483 AD
1035 428 1245 484 HLUDOWIOI
1264 429 1312 482 Pll
1331 429 1586 484 capitolinum.
1607 460 1638 470 -
1658 430 1781 484 155136.

337 615 396 669 829.
416 625 505 688 ergo,
528 625 635 688 reges,
660 611 693 668 et
716 603 911 688 intellegite;
943 603 1069 680 discite,
1092 601 1216 667 iudices
1239 603 1350 666 linium
1375 609 1497 678 terrae;
1527 602 1685 688 praebete
1709 624 1805 668 aures
1828 607 1964 682 vestras,
1988 603 2043 687 qui

416 708 587 772 continetis
617 706 860 788 multitudines,
894 714 927 771 et
956 706 1091 793 placetis
1122 706 1213 770 vobis
1246 706 1279 769 in
1309 706 1412 770 turbis
1442 707 1625 785 nationum,
1661 706 1813 790 quoniam
1840 705 1918 770 data
1945 712 1996 771 est
2023 726 2042 768 a

416 810 554 875 Domino
586 815 733 896 potestas
757 810 848 873 vobis
879 816 912 874 et
941 810 1044 874 virtus
1073 809 1113 872 ab
1144 809 1312 874 altissimo.
1360 808 1424 883 Qui
1453 831 1517 873 non
1545 810 1734 874 custodistis
1762 810 1868 894 legem
1898 807 2040 874 iustitiae

415 933 521 999 neque
543 913 721 978 secundum
736 914 936 977 voluntatem
958 912 1021 977 Dei
1038 913 1241 994 ambulastis,
1266 913 1428 978 horrende
1445 922 1479 978 et
1495 915 1558 979 cito
1575 914 1748 1002 apparebit
1763 915 1856 978 vobis
1868 912 2041 992 Dominus,

416 1018 570 1104 quoniam
596 1017 745 1082 iuditium
776 1017 985 1082 durissimum
1012 1018 1046 1081 in
1074 1018 1141 1098 his,
1184 1019 1239 1103 qui
1266 1026 1415 1103 presunt,
1453 1019 1520 1084 flet.
1577 1017 1708 1104 Exiguo
1739 1019 1824 1083 enim
1852 1017 2043 1082 conceditur
2073 1043 2084 1080 s

416 1120 654 1196 misericordia,
684 1128 836 1207 potentes
863 1121 949 1186 enim
975 1129 1127 1208 potenter
1150 1129 1312 1187 tormenta
1335 1123 1516 1209 paciuntur.
1561 1123 1634 1188 Non
1659 1123 1745 1188 enim
1770 1121 1941 1187 subtrahet
1964 1143 2040 1206 per-

416 1246 530 1291 sonam
569 1227 762 1312 cuiusquam
796 1225 954 1291 Dominus
993 1248 1053 1291 nec
1093 1226 1297 1292 reverebitur
1331 1228 1522 1313 cuiusquam
1557 1225 1823 1311 magnitudinem.
1881 1223 2043 1298 Quoniam

417 1329 569 1415 pusillum
594 1335 627 1393 et
649 1349 803 1414 magnum
826 1329 896 1414 ipse
918 1330 998 1392 fecit
1026 1337 1059 1393 et
1083 1331 1264 1415 aequaliter
1285 1352 1344 1416 pro
1369 1331 1519 1395 omnibus
1543 1351 1621 1395 cura
1643 1335 1694 1393 eat
1715 1327 1782 1394 illi’
1827 1320 1988 1393 Eutant80
2010 1337 2044 1396 et

416 1433 481 1496 alia
502 1432 673 1497 innumera
695 1440 881 1496 sanctarum
905 1433 1153 1518 scripturarumr
1176 1435 1363 1499 testimonia
1381 1436 1470 1520 regio
1488 1434 1611 1499 nomini
1628 1434 1786 1499 55555555
1803 1431 2041 1512 convenientia,

417 1556 516 1622 super
540 1535 657 1622 quibus
680 1535 873 1620 colligendis
898 1543 1008 1600 vestra
1031 1545 1144 1600 sancta
1167 1537 1296 1601 devotio
1320 1537 1440 1602 idcirco
1463 1558 1618 1623 magnum
1636 1537 1730 1601 nobis
1746 1537 1868 1602 ademit
1882 1535 2040 1617 laborem,
2060 1558 2085 1597 ro
2131 1595 2139 1610 ,

417 1660 456 1704 55
480 1637 566 1725 quod
595 1637 706 1702 divina
734 1639 838 1724 gratia
866 1639 948 1703 adeo
976 1645 1024 1703 tot
1047 1640 1201 1704 virtutum
1230 1642 1447 1726 prerogativis
1472 1647 1616 1705 restrum
1641 1641 1817 1726 repleverit
1840 1639 1984 1704 animum
2008 1645 2042 1704 et

417 1743 580 1806 ornaverit
603 1741 810 1826 dignitatem,
841 1749 963 1806 utnon
988 1743 1030 1806 ait
1052 1765 1189 1809 necesse
1214 1744 1441 1809 sacerdotibus
1466 1744 1597 1809 Domini
1620 1743 1857 1829 copiosioribus
1882 1742 2041 1829 exemplis

417 1867 456 1912 ac
479 1845 623 1932 qualibet
647 1848 900 1932 exaggeratione
918 1855 1062 1912 vestrum
1085 1849 1227 1912 animum
1251 1871 1397 1915 onerare.
1437 1849 1564 1924 Quare⁸
1586 1847 1659 1912 Deo
1684 1847 1899 1933 omnipotenti
1919 1843 2042 1930 gratias

417 1950 598 2014 uberrimas
621 1971 659 2014 ac
678 1951 876 2036 multiplices
894 1951 1075 2030 referimus,
1099 1953 1154 2036 qui
1170 1952 1216 2016 555
1232 1974 1288 2015 vos
1305 1953 1360 2038 pia
1376 1953 1545 2038 religione,
1570 1958 1684 2016 sancta
1700 1951 1884 2028 devotione,
1900 1949 2044 2034 benigna

416 2053 616 2133 humilitate,
645 2073 754 2117 amore
776 2054 936 2134 iustitiae,
961 2053 1113 2140 operibus
1138 2054 1379 2119 misericordiae
1405 2061 1652 2141 ceterarumque
1676 2060 1861 2119 sanctarum
1885 2053 2041 2116 virtutum
2061 2077 2084 2116 u

416 2156 617 2241 perfectione
649 2177 708 2220 sua
737 2157 880 2240 gratuita
909 2158 1033 2243 pietate
1064 2157 1193 2238 ditarit,
1226 2167 1263 2221 ut
1292 2159 1408 2223 merito
1438 2159 1479 2222 ab
1507 2159 1657 2223 omnibus
1685 2157 1815 2222 amandi
1840 2161 1873 2221 et
1894 2153 2043 2219 imitandi

418 2262 498 2326 sitis.
533 2253 689 2326 Verum⁸¹
716 2261 802 2346 quod
826 2283 893 2338 nos,
919 2263 946 2325 si
971 2263 1052 2327 haec
1070 2262 1163 2326 vobis
1188 2263 1324 2327 caelitus
1347 2262 1504 2326 attributa
1527 2284 1591 2326 non
1607 2262 1757 2340 luissent,
1781 2281 1855 2324 cum
1871 2258 2043 2345 temporali

416 2365 561 2450 periculo
584 2373 720 2450 propter
743 2367 972 2429 auctoritatem
996 2365 1167 2429 ministerii
1190 2366 1293 2429 nostri
1310 2387 1369 2429 vos
1393 2365 1433 2430 sd
1458 2387 1499 2430 ea
1522 2363 1711 2450 peragenda
1733 2363 1920 2440 admonere,
1944 2361 2041 2425 immo

417 2466 622 2532 admonendo
647 2468 780 2552 exigere
804 2468 931 2532 avobis
956 2468 1103 2554 quolibet
1125 2467 1220 2532 modo
1245 2469 1473 2547 debueramus,
1497 2489 1555 2532 vos
1580 2490 1597 2532 e
1620 2474 1732 2532 contra
1747 2473 1880 2553 propter
1896 2464 2040 2529 divinum

417 2591 561 2636 amorem
582 2577 616 2636 et
636 2561 831 2634 honorem⁸2
846 2571 934 2658 pium
950 2579 1210 2657 oportunumque
1226 2571 1420 2636 adiutorium
1439 2563 1565 2636 nobis8²
1581 2565 1668 2636 ferre
1685 2569 1893 2635 devotissime
1910 2569 2041 2632 curatis.
2060 2591 2085 2631 ac

416 2673 557 2739 Proinde
586 2673 772 2738 humillimis
801 2675 953 2759 precibus
984 2676 1170 2761 specialiter
1198 2675 1314 2760 pietati
1336 2681 1446 2740 vestre
1475 2675 1697 2760 suggerimus,
1730 2680 1766 2737 ut
1791 2672 1927 2751 bonum,
1956 2670 2042 2756 quod

417 2779 564 2864 cepistis,
587 2775 658 2841 Deo
682 2779 863 2862 opitulante
887 2761 1112 2844 indesinenter
1133 2780 1293 2865 perficere
1318 2802 1380 2845 non
1405 2781 1585 2866 gravemini
1603 2785 1636 2844 et
1652 2780 1684 2843 in
1702 2777 1917 2864 adimplendis
1934 2777 2042 2862 operi-

416 2882 478 2947 bus
500 2880 644 2946 iustitise
669 2888 702 2946 ct
726 2883 855 2968 pietatis
880 2905 917 2948 55
941 2883 1182 2949 misericordiae
1207 2885 1394 2949 nullatenus
1410 2885 1586 2957 deficiatis;
1611 2883 1763 2969 quoniam
1780 2903 1844 2946 non
1860 2881 2043 2946 inchoanti·

416 2984 492 3066 bus,
532 2984 591 3050 sed
620 2985 906 3070 perseverantibus
942 2988 1103 3072 premium
1139 2993 1293 3052 aeternae
1323 2989 1410 3052 vitae
1442 2987 1538 3051 datur
1568 2993 1601 3051 et
1635 2985 1727 3050 iuxta
1754 2985 1901 3049 veritatis
1930 3005 2044 3049 vocem

418 3078 519 3172 ι55583
540 3089 802 3173 perseveraverit
824 3108 927 3173 usque
950 3091 983 3153 in
1006 3090 1114 3165 finem,
1139 3090 1190 3154 hic
1214 3092 1324 3155 salvus
1349 3089 1433 3156 erit'.
2063 3107 2087 3146 ²³

527 3190 607 3275 (57.)
643 3190 722 3276 (lap.
740 3191 785 3258 ΙΙ.
819 3184 978 3262 Iterum84
1009 3193 1170 3258 monendo
1200 3193 1416 3280 magnitudini
1447 3201 1576 3258 vestrae
1606 3192 1798 3279 suppliciter
1827 3189 2044 3274 suggerimus,

418 3299 455 3357 55
477 3293 632 3379 deinceps
659 3295 691 3358 in
719 3295 812 3359 bonis
835 3296 1020 3380 pastoribus
1044 3296 1289 3382 rectoribusque
1315 3298 1347 3361 in
1372 3297 1520 3362 ecclesiis
1543 3296 1605 3360 Dei
1631 3292 1868 3360 constituendis
1891 3313 2044 3379 magnum

419 3397 561 3461 studium
584 3403 682 3482 atque
706 3398 964 3463 sollertissimam
989 3399 1173 3464 adhibeatis
1199 3421 1324 3464 curam:
1355 3401 1441 3486 quia,
1465 3401 1493 3465 si
1517 3400 1613 3465 aliter
1635 3399 1757 3463 factum
1780 3398 1888 3479 fuerit,
1912 3405 1945 3463 et
1967 3396 2045 3462 ordo

418 3501 662 3567 ecclesiasticus
687 3523 779 3567 suam
803 3523 867 3566 non
891 3503 1026 3567 habebit
1043 3503 1235 3588 dignitatem
1253 3511 1285 3570 55
1300 3505 1416 3589 religio
1434 3503 1611 3568 christiana
1627 3503 1659 3566 in
1675 3498 2046 3566 55515551515555555555ι

419 3604 560 3691 dampna
591 3605 776 3670 detrimenti
807 3608 856 3670 sui
886 3608 1029 3693 patietur
1059 3615 1093 3671 et
1121 3607 1249 3672 animae
1273 3613 1419 3686 vestrae,
1455 3606 1541 3692 quod
1569 3628 1634 3672 non
1659 3610 1829 3690 optamus,
1864 3602 2044 3689 periculum
2064 3633 2089 3670 :ro

419 3709 640 3795 generabitur.

528 3813 609 3898 (58.)
645 3813 803 3900 OapIII.
840 3806 1034 3879 8555515555ὃὸ
1057 3812 1281 3900 deposcimus,
1312 3823 1348 3877 ut
1376 3815 1409 3877 in
1438 3813 1614 3879 abbatissis
1638 3811 1876 3877 constituendis
1900 3817 2045 3875 vestrum

420 3917 564 3980 caveatis
591 3918 787 4002 periculum;
823 3917 907 3981 sicut
935 3915 1026 3981 robis
1056 3938 1134 4003 sepe
1165 3903 1217 3981 est
1244 3909 1480 3981 admonitum⁸⁶
1508 3924 1541 3982 et
1568 3938 1626 4003 per
1649 3916 1791 3980 divinam
1815 3915 2045 3980 auctoritatem

421 4019 567 4084 crebrius
590 4021 844 4085 manifestatum.

529 4124 608 4207 (59.)
644 4123 723 4210 Oap.
746 4124 805 4191 IV.
842 4117 939 4188 Sed⁸7
963 4130 996 4189 55
1023 4123 1085 4188 hoe
1113 4122 1355 4204 obsecramusv,
1384 4130 1421 4187 ut
1447 4125 1480 4188 in
1511 4123 1670 4210 eligendis
1700 4123 1904 4188 adiutoribus
1929 4123 2046 4188 vestris
2064 4149 2089 4190 rr

421 4235 455 4293 et
484 4226 680 4313 reipublicae
709 4229 883 4308 ministris,
919 4229 973 4313 qui
1001 4230 1072 4293 rice
1102 4235 1211 4293 restra
1241 4229 1397 4315 populum
1425 4227 1489 4293 Dei
1520 4250 1635 4315 regere
1668 4234 1701 4294 et
1732 4227 1916 4313 gubernare
1946 4233 2045 4312 atque

420 4331 564 4398 iudicare
589 4331 720 4412 debent,
751 4333 1009 4397 sollertissimam
1031 4333 1268 4418 providentiam
1293 4333 1441 4398 habeatis
1465 4353 1594 4418 semper
1610 4330 1690 4396 illud
1706 4330 1935 4410 adtendentes,
1959 4330 2046 4417 quod

421 4437 454 4500 in
476 4436 559 4501 libro
583 4434 690 4500 Exodi
718 4434 759 4500 ad
782 4435 920 4520 Moysen
948 4435 1078 4501 dicitur:
1114 4428 1319 4516 ‘Providefflt
1349 4437 1467 4521 inquit,
1497 4437 1549 4502 ‘de
1573 4437 1658 4501 omni
1681 4436 1817 4521 populo,
1848 4435 1934 4519 elige
1957 4435 2046 4498 viros

420 4547 572 4627 potentes
602 4548 635 4606 et
663 4541 815 4606 timentes
840 4539 961 4618 Deum,
990 4541 1023 4604 in
1051 4539 1168 4625 quibus
1197 4543 1238 4605 sit
1262 4541 1383 4606 veritas
1407 4547 1442 4605 55
1464 4541 1519 4626 qui
1542 4538 1670 4604 oderint
1693 4539 1881 4618 avaritiam,
1913 4544 1947 4603 et
1970 4559 2045 4602 con-

422 4645 519 4709 stitue
543 4665 586 4710 ex
610 4645 657 4708 eis
680 4643 827 4708 tribunos
851 4651 884 4708 55
908 4645 1116 4710 centuriones
1140 4649 1173 4708 et
1195 4643 1506 4729 quinquagenarios,
1533 4642 1587 4726 qui
1610 4640 1755 4706 iudicent
1777 4641 1934 4727 populum
1958 4641 2044 4705 omni
2063 4665 2088 4704 so

479 4837 548 4898 ,5)
567 4835 594 4886 55
611 4833 673 4885 odd.
689 4831 710 4884 1.
803 4831 826 4898 a)
845 4836 906 4900 quia
923 4833 986 4885 add.
1000 4833 1022 4886 1.
1116 4833 1136 4899 5)
1155 4835 1336 4888 labefactando
1355 4833 1377 4886 l.
1466 4831 1496 4898 u)
1514 4835 1681 4886 observamus
1703 4833 1724 4882 l.

524 5003 569 5069 80)
589 5002 665 5057 Haec
682 5019 738 5056 nos
755 5003 786 5055 in
804 5002 882 5058 Corte.
899 5003 1000 5071 Paria,
1023 5004 1066 5058 sed
1083 5005 1115 5056 in
1134 5003 1211 5058 0555.
1226 5003 1350 5072 Aquispr.
1370 5004 1386 5057 l.
1402 5020 1423 5058 c.
1442 5008 1554 5058 55555555.
1658 5002 1703 5072 81)
1723 5001 1892 5056 Oorronrdant
1908 5001 1971 5055 boec
1987 5017 2047 5054 cum

243 5163 247 5170 ,
311 5085 313 5088 ¹
423 5105 501 5161 0555.
515 5105 639 5174 Arcaea
652 5105 712 5174 836,
730 5121 795 5172 pore
808 5105 866 5172 ΙΙΙ,
886 5105 962 5172 525,
979 5106 1099 5173 5555655,
1118 5106 1214 5160 Manat
1228 5105 1278 5159 XI
1281 5105 1312 5174 V,
1331 5107 1378 5160 col.
1391 5107 1450 5161 635.
1522 5108 1567 5175 82)
1586 5109 1615 5161 55
1633 5105 1809 5160 admonendo
1826 5122 1876 5160 nos
1889 5106 1925 5160 ad
1937 5104 2048 5175 potiora

421 5207 578 5278 provocatis
597 5211 626 5262 et
643 5207 718 5277 piam
738 5210 982 5278 opportunamque
1000 5226 1080 5280 opem
1100 5209 1180 5264 nobis
1198 5211 1252 5266 rell.
1267 5210 1343 5265 (lonc.
1357 5211 1481 5279 aquisgr.
1560 5212 1606 5278 83)
1624 5211 1723 5266 March.
1738 5212 1778 5279 10,
1789 5211 1832 5266 22.
1910 5211 1956 5278 84)
1971 5209 2048 5264 (lonc

423 5311 569 5366 Ρ5555.155.
583 5311 642 5379 ΠΙ,
661 5327 682 5365 c.
695 5311 737 5378 22,
756 5313 773 5366 l.
786 5328 808 5366 5.
826 5314 872 5367 col.
883 5313 942 5368 601.
955 5335 987 5358 =
1002 5311 1078 5367 (lonc.
1092 5314 1217 5383 Aquispr.
1230 5314 1290 5383 836,
1305 5329 1375 5384 pars
1389 5314 1450 5382 ΠΙ,
1466 5317 1524 5382 59,
1544 5315 1560 5370 l.
1571 5331 1593 5370 5.
1609 5316 1655 5370 col.
1666 5316 1724 5370 690.
1797 5316 1843 5384 85)
1864 5313 1942 5370 Grac.
1957 5313 2048 5371 Paris.
2065 5329 2091 5369 rs

421 5417 464 5471 bb.
480 5415 538 5483 HL
555 5431 577 5470 c.
589 5415 632 5483 23,
649 5414 768 5483 initium,
785 5416 802 5470 1.
814 5431 836 5471 c.
853 5417 900 5470 ool.
913 5417 972 5471 601.
989 5439 1021 5462 =
1038 5414 1119 5470 Gorrc.
1134 5417 1258 5486 Aquiapr.
1278 5417 1337 5486 836,
1352 5418 1490 5486 poraHL
1507 5420 1585 5484 c.10,
1603 5419 1619 5474 l.
1637 5435 1659 5474 5.
1758 5419 1803 5486 86)
1824 5417 1902 5473 Doro.
1920 5419 2047 5487 55555595.

421 5521 486 5586 816,
504 5517 547 5572 tio.
566 5517 610 5585 11,
628 5533 649 5572 c.
660 5518 685 5584 5,
706 5516 802 5572 515555
821 5517 905 5586 XIV,
923 5519 1053 5585 551.266;
1077 5519 1221 5585 5155555555
1242 5519 1323 5588 Oapp.
1341 5525 1462 5588 wccrptn
1478 5522 1538 5577 826.
1548 5521 1618 5576 8273
1646 5527 1707 5576 tom.
1721 5522 1748 5590 I,
1765 5539 1794 5590 p.
1806 5523 1866 5589 313,
1884 5539 1906 5578 c.
1917 5523 1958 5578 10.
1981 5521 2050 5593 [Κ]

421 5622 467 5690 81)
489 5619 567 5676 Onne.
580 5619 669 5676 Paris.
687 5621 732 5676 uo.
749 5620 806 5689 ΠΙ,
824 5637 846 5676 c.
858 5621 905 5689 23,
924 5621 1035 5689 cordia,
1054 5623 1071 5677 l.
1083 5639 1106 5677 c.
1124 5624 1171 5678 eol.
1180 5624 1230 5678 601
1242 5639 1279 5692 sq.
1294 5646 1326 5670 =
1344 5622 1422 5678 Oosc.
1435 5624 1560 5694 Aquispr.
1579 5626 1642 5692 836,
1657 5625 1909 5697 5555115551,
1928 5627 1945 5680 l.
1962 5641 1984 5680 5.
2002 5626 2048 5682 ool.

422 5724 474 5781 690
489 5741 527 5795 sq.
633 5725 678 5795 88)
697 5725 783 5780 Fauori.
801 5727 841 5797 18,
854 5727 967 5783 21-23.
