4560 6426
409 419 655 506 captaturum
675 421 803 479 REGUM
825 425 1008 480 FRANGIAE
1027 425 1293 481 occluurv't'atts
1312 426 1460 494 (KAROLI
1475 426 1520 496 11).
1539 454 1573 466 -
1592 427 1712 483 ureae.
1810 433 1872 494 265

358 599 387 656 t.
423 593 601 660 Praeterea
625 596 904 676 cenomannicaef
924 601 1013 667 urbis
1043 601 1199 667 Aldricus
1231 603 1402 687 episcopus
1432 603 1564 687 paralisi
1596 601 1774 667 dissolutus
1799 605 1867 689 cpi·
1886 610 1948 664 853.

249 698 364 761 stolam
396 698 516 764 direxit
543 721 675 765 oausam
706 724 785 768 suae
818 704 987 770 absentiae
1015 707 1186 776 insinuans
1211 713 1409 792 petensque,
1434 712 1470 770 ut
1494 706 1635 770 maximo
1660 705 1721 770 sibi
1745 705 1874 770 adhuc⁸

250 801 371 866 viventi
396 811 429 867 et
453 803 743 891 quandocumque¹¹
766 805 919 872 defuncto
943 810 1045 875 sacris
1068 809 1220 896 precibus
1244 809 1490 896 opitularentur.
1537 809 1629 883 Quod
1654 810 1872 875 exuberantes

251 905 389 970 caritate
424 927 459 971 se
490 907 632 972 facturos
668 931 782 974 omnes
813 913 1032 997 promiserunt
1067 920 1101 978 et
1134 913 1384 998 metropolitano
1420 913 1523 991 illius,
1565 912 1749 978 Turaniana
1782 915 1872 979 urbis

219 1009 432 1073 svenemhili
466 1011 618 1097 episcopo
652 1011 836 1093 Amalrico,
879 1023 915 1079 ut
950 1015 992 1082 ad
1031 1016 1168 1081 eandem
1203 1016 1318 1082 urbem
1352 1017 1538 1096 accederet,
1583 1017 1795 1082 iniunxerunt
1830 1025 1871 1098 et,

249 1132 474 1199 quaecumque
504 1123 616 1180 essent
650 1116 753 1181 eidem
785 1119 945 1183 ecelesiae
977 1121 1136 1206 proficua,
1173 1126 1209 1184 ut
1239 1128 1372 1185 strenue
1405 1127 1639 1206 exequeretur,
1675 1122 1873 1186 unanimiter

249 1217 512 1303 praeceperunt¹.
617 1269 619 1274 .

358 1325 386 1385 5.
422 1320 602 1410 Antehac
628 1333 757 1412 tempus
781 1327 958 1391 venerandi
987 1327 1129 1407 concilii,
1161 1327 1331 1413 optinente
1354 1328 1510 1414 Pippino,
1540 1328 1672 1415 Pippini
1702 1330 1787 1414 regis
1816 1329 1872 1392 filii

250 1421 455 1490 Hludowicil‘
485 1428 606 1515 piisimi
638 1430 768 1514 augusti
800 1431 883 1509 tilio,
917 1431 1143 1515 Aquitaniam,
1179 1433 1278 1498 etiam
1310 1424 1559 1499 consentiente¹
1593 1435 1755 1498 avunculo
1790 1435 1872 1512 eius,

208 1543 235 1582 ¹⁰
251 1530 395 1615 glorioso
418 1553 497 1617 rege
521 1531 659 1611 Karolc,
690 1534 741 1599 cui
771 1533 885 1600 eadem
909 1537 1070 1621 provintia
1093 1537 1125 1600 in
1150 1543 1277 1623 partem
1301 1529 1494 1622 optigeratl,
1527 1537 1753 1602 ecclesiastica
1776 1537 1872 1601 disci-

249 1632 340 1718 plina
363 1642 396 1698 et
419 1635 551 1700 militari
576 1638 683 1702 soluta
706 1637 822 1703 eadem
846 1640 937 1724 regio
961 1661 980 1704 a
1004 1641 1071 1704 suis
1097 1639 1259 1725 indigenis
1284 1639 1379 1705 valde
1396 1648 1525 1705 vastata
1548 1649 1609 1721 est,
1633 1641 1780 1705 etmulti
1805 1641 1872 1705 illie

250 1736 381 1824 impune
419 1739 533 1804 illicita
568 1749 807 1827 perpetrarunt.
863 1742 1010 1808 Tandem
1044 1743 1218 1829 aliquando
1252 1745 1450 1829 respiciente
1481 1745 1554 1810 Deo
1588 1745 1744 1830 populum
1780 1765 1872 1808 suum

249 1841 335 1906 idem
360 1841 519 1930 Pippinue
543 1866 563 1908 a
586 1847 652 1909 suis
677 1853 882 1934 contemptus
907 1855 939 1912 et
963 1847 1112 1912 desertus
1135 1854 1233 1934 atque
1257 1848 1290 1912 in
1305 1855 1501 1935 potestatem
1517 1848 1669 1913 avunculi
1692 1848 1742 1912 sui
1759 1845 1872 1911 Karoli

249 1938 432 2020 redactusi,
465 1949 599 2012 consilio
630 1950 967 2027 reverentissimorum
998 1952 1187 2037 pontificum
1217 1957 1250 2015 et
1280 1973 1451 2037 procerum
1475 1959 1621 2018 attonsus
1646 1959 1679 2016 et
1701 1953 1733 2016 in
1757 1951 1871 2016 habitu

209 2071 232 2110 u
253 2053 443 2124 monachico
474 2052 516 2117 ad
544 2055 778 2119 monasterium
802 2055 913 2120 Sancti
936 2054 1084 2120 Medardi
1109 2056 1341 2121 custodiendus
1366 2064 1399 2121 et
1422 2055 1589 2120 docendus
1613 2056 1773 2121 deductus
1798 2053 1872 2120 est¹.

248 2150 318 2224 Ιίιί7
353 2156 445 2222 duo¹¹¹
480 2157 610 2245 quidam
646 2159 794 2223 monachi
829 2160 958 2242 habitu,
991 2161 1062 2225 sui¹²
1096 2161 1255 2248 propositi
1289 2161 1345 2224 vix
1374 2158 1572 2224 credibiliter
1600 2166 1873 2244 transgressores,

250 2262 403 2327 ardentes
434 2261 596 2327 inmodica
624 2262 800 2348 cupiditate
833 2263 972 2329 eundem
1010 2264 1186 2350 Pippiuum
1225 2263 1387 2328 abducere
1424 2264 1531 2328 conati
1570 2268 1645 2328 sunt
1685 2269 1718 2328 et
1758 2284 1873 2348 pacem

251 2365 420 2430 christiani
453 2366 564 2451 populi
596 2364 766 2452 dissipare.
825 2366 915 2440 Quos
949 2367 1180 2453 praesentibus
1214 2366 1417 2432 diversorum
1449 2366 1681 2432 coenobiorum
1711 2366 1873 2451 religiosis

252 2469 428 2535 abbatibus
453 2477 486 2533 et
509 2490 642 2534 causam
666 2470 829 2556 suptiliter
851 2472 944 2536 iuxta
967 2472 1114 2556 regulam
1142 2471 1231 2538 beati
1254 2471 1428 2537 Benedicti
1451 2471 1714 2536 examinantibus
1738 2492 1872 2536 concors

207 2591 233 2630 ²⁰
251 2576 463 2660 congregatio
481 2573 592 2639 Sancti
612 2574 761 2640 Medardi
783 2597 803 2639 a
826 2598 885 2641 sua
908 2578 1120 2642 unanimitate
1135 2576 1294 2664 praecidit
1310 2582 1464 2641 attestata
1487 2599 1522 2641 ss
1544 2576 1586 2641 ab
1610 2575 1724 2639 horum
1742 2576 1873 2638 crimine

249 2679 345 2764 louge
369 2678 539 2756 absistere,
563 2678 648 2762 quod
671 2679 807 2744 usitatas
831 2680 943 2765 culpas
967 2681 1031 2744 iam
1055 2681 1130 2746 inde
1154 2682 1195 2746 ab
1218 2681 1311 2744 initio
1336 2680 1432 2744 huius
1449 2679 1617 2762 religionis
1635 2677 1866 2742 monachorum

249 2783 401 2861 omnium,
425 2790 556 2868 praeter
572 2782 733 2848 duntaxat
749 2777 926 2869 Eutychis⁸
942 2791 975 2849 et
990 2784 1127 2849 aliorum
1144 2784 1372 2862 hereticorum,
1397 2783 1492 2848 facile
1517 2787 1696 2868 superaret.
1742 2781 1872 2846 Eiectos

250 2887 341 2951 iussu
364 2887 560 2952 venerabilis
583 2886 744 2951 Rotlradi⁰
768 2886 978 2953 Suessionum
1009 2889 1153 2974 episcopi
1181 2886 1222 2952 ad
1253 2886 1368 2974 synodi
1400 2885 1600 2951 audientiam
1624 2883 1871 2950 archidiaconus

249 2990 401 3066 deduxit;
426 2999 459 3056 et
482 2992 599 3077 partim
623 2992 774 3071 confessi,
797 2993 915 3076 partim
940 2994 1079 3057 convicti
1102 2992 1352 3080 conspirationis
1376 2992 1496 3056 malum
1519 3000 1740 3076 perpetrasse,
1773 3010 1869 3054 cano-

206 3113 232 3153 as
250 3117 327 3160 num
345 3096 523 3160 severitate
545 3095 780 3183 depositisunt
802 3133 843 3144 —
867 3097 1042 3182 presbiteri
1059 3095 1179 3182 quippe
1197 3103 1290 3160 erant
1312 3133 1352 3143 -
1377 3101 1410 3159 et
1426 3093 1599 3180 separatim
1624 3093 1656 3156 iu
1673 3092 1871 3157 monasteria

251 3201 300 3264 sui
324 3199 446 3264 ordinis
471 3200 569 3286 longe
593 3199 748 3264 distantia
771 3200 924 3286 relegati,
949 3206 984 3264 ut
1007 3199 1164 3286 deinceps
1187 3221 1283 3264 nemo
1306 3198 1373 3264 tale
1397 3197 1473 3283 quid
1497 3198 1698 3262 committere
1721 3195 1871 3269 auderet,

248 3304 310 3368 nisi
334 3304 389 3389 qui
413 3303 530 3368 similia
552 3304 679 3390 perpeti
704 3325 768 3368 non
792 3305 931 3371 timeret.

620 3426 662 3487 A.
1457 3422 1500 3489 Β.

536 3527 562 3592 (e
579 3526 654 3582 codd.
676 3530 697 3582 1.
712 3529 749 3596 3.)
1372 3527 1398 3593 (c
1415 3524 1487 3582 codd.
1504 3526 1593 3594 3-6.)

207 3650 233 3689 ιο
359 3638 389 3697 a.
424 3631 505 3696 Post
528 3632 609 3696 haec
625 3633 881 3718 gloriosissimus
898 3633 1036 3698 domnus
1131 3637 1160 3698 6.
1195 3625 1259 3697 Utl
1298 3633 1329 3696 in
1370 3629 1553 3696 civitatibus
1596 3637 1629 3693 et
1665 3629 1871 3694 monasteriis

251 3756 309 3801 rex
334 3735 476 3801 Karalus
512 3757 620 3802 coram
649 3755 742 3801 sacra
773 3736 897 3824 synodo
932 3760 1034 3824 quen·
1089 3736 1258 3821 utriusque
1297 3757 1395 3800 sexus
1433 3741 1466 3800 et
1504 3733 1626 3798 ordinis
1664 3731 1727 3795 Dei
1764 3735 1870 3796 cultus

252 3840 326 3904 dam
348 3839 521 3905 diaconum
537 3840 710 3905 Remensis
726 3841 887 3908 ecclesiae
904 3845 1033 3908 nomine
1088 3861 1184 3926 quam
1213 3841 1361 3926 proxime
1390 3838 1460 3904 lieri
1489 3844 1602 3924 posset
1624 3838 1883 3912 instauraretur,

250 3936 534 4030 Ragamiridum¹⁰
562 3945 718 4030 impetiit,
750 3945 835 4030 quod
859 3953 1035 4033 praecepta
1088 3945 1202 4009 statuit
1223 3940 1497 4028 sanctasynodus
1515 3941 1680 4006 annitente
1704 3939 1758 4024 pio
1783 3939 1870 4024 prin-

251 4049 332 4113 ialsa
357 4048 448 4133 regio
471 4048 599 4113 nomine
624 4049 848 4136 compilasset,
881 4049 966 4114 sicut
993 4050 1035 4116 ad
1087 4050 1174 4134 cipe,
1209 4055 1246 4112 ut
1281 4047 1389 4113 idonei
1419 4046 1521 4131 legati
1550 4043 1782 4128 dirigerentur,
1817 4042 1873 4128 qui

207 4181 232 4220 ss
252 4173 326 4219 eum
343 4151 556 4238 quorumdam
572 4153 840 4238 suggestionibus
865 4161 898 4218 et
920 4155 1033 4220 verisi-
1089 4153 1289 4238 singulorum
1326 4153 1468 4216 locorum
1504 4155 1623 4213 statum
1660 4147 1871 4211 solertissime

250 4255 381 4320 milibus
415 4254 542 4320 iudiciis
582 4262 670 4320 esset
708 4258 879 4344 perlatum.
939 4256 1034 4323 Unde
1087 4261 1387 4344 perscrutarentur;
1415 4261 1554 4337 atquae
1577 4251 1641 4337 ipsi
1664 4271 1724 4336 per
1747 4271 1783 4314 se
1807 4271 1871 4314 non

251 4360 328 4444 quia
342 4365 491 4447 putatum
509 4367 560 4425 est
576 4359 769 4445 quibusdam
787 4361 1034 4446 significationi·
1087 4362 1238 4427 valerent
1261 4360 1434 4444 corrigere,
1457 4355 1576 4422 iudicio
1594 4354 1748 4447 proxime
1772 4354 1872 4418 futuri

251 4463 328 4543 bus,
355 4469 392 4528 ut
420 4465 645 4550 purgationem
675 4465 725 4529 sui
755 4465 859 4530 isdem
882 4465 1035 4530 diaeonus
1088 4465 1219 4530 concilii
1242 4469 1276 4530 et
1298 4462 1455 4548 potestati
1476 4459 1588 4544 regiae
1612 4457 1805 4522 revelarent.

253 4567 482 4653 subterfugere
505 4568 679 4648 voluisset,
709 4569 784 4633 aliis
806 4570 900 4633 aliter
922 4568 1034 4634 dicen·
1132 4573 1162 4637 7.
1197 4556 1458 4632 Decreverunt¹¹
1483 4567 1654 4648 praeterea
1671 4561 1775 4625 sancti
1791 4583 1871 4647 pon-

208 4695 234 4733 sa
253 4671 350 4752 tibus,
375 4672 480 4736 visum
504 4679 555 4736 est
577 4671 725 4737 omnibus
748 4674 780 4736 in
805 4671 920 4738 eodem
945 4693 1037 4738 sacro
1090 4673 1206 4752 tifices,
1230 4677 1266 4736 ut
1282 4669 1455 4748 ecclesiae,
1478 4686 1561 4752 quae
1577 4665 1654 4729 alim
1670 4663 1873 4748 indulgentia

254 4781 416 4840 conventu
439 4775 647 4861 degentibus,
669 4782 705 4841 ut
726 4775 767 4841 ab
791 4777 878 4842 omni
903 4775 1037 4842 concilio
1090 4775 1317 4862 religiosorum
1346 4772 1526 4859 principum
1550 4769 1603 4833 vel
1633 4767 1769 4868 aliorum
1792 4767 1872 4832 fide-

355 4949 382 5014 ι’)
401 4951 600 5002 Cincmannicae
622 4948 647 5001 2.
741 4951 769 5018 g)
788 4969 836 5003 nm.
854 4948 879 5002 2.
976 4951 1003 5018 h)
1026 4951 1182 5018 quandoque
1199 4947 1224 5000 2.
1319 4947 1339 5014 i)
1362 4943 1531 5015 proserpat.
1622 4942 1650 5007 lv)
1674 4943 1831 5009 Hlndoguici
1850 4943 1873 4995 1.

253 5035 273 5102 l)
291 5055 340 5088 aar.
358 5034 382 5088 3.
402 5035 426 5088 a.
514 5035 549 5100 ιιι)
567 5037 672 5103 quidam
690 5037 741 5089 duo
758 5036 783 5089 3.
801 5035 826 5089 o.
913 5036 942 5105 ιι)
960 5037 1083 5105 propositi
1101 5038 1143 5090 rui
1160 5034 1185 5088 3.
1203 5034 1227 5087 6.
1314 5035 1340 5098 ο)
1360 5034 1487 5086 Hrotlrsdi
1504 5029 1529 5085 3.
1548 5031 1577 5092 5;
1595 5029 1719 5082 Rothnrdi
1737 5026 1761 5080 4.

355 5190 383 5254 4)
402 5190 436 5244 A.
449 5191 514 5254 848,·
537 5190 587 5256 cfr.
606 5189 680 5244 Ana.
699 5189 818 5256 Berts'u„
841 5188 878 5244 ad.
894 5189 991 5258 Was'tr,
1008 5207 1037 5258 p.
1049 5191 1099 5258 36,·
1125 5188 1222 5260 rigaud.
1241 5205 1284 5257 cp.
1303 5186 1474 5255 Samariae
1491 5185 1555 5249 859,
1578 5182 1657 5249 iufra
1673 5196 1717 5237 nr.
1730 5183 1793 5248 300,
1816 5198 1837 5235 c.
1849 5183 1873 5236 3.

211 5303 235 5344 ss
253 5295 281 5361 5)
301 5294 336 5348 A.
348 5293 414 5354 839,·
437 5294 487 5360 csr.
507 5292 611 5348 Disiar'a
628 5293 743 5362 imperit,
763 5295 944 5364 asprenati.
1034 5296 1062 5361 6)
1081 5294 1116 5347 A.
1127 5293 1192 5356 852·
1218 5293 1267 5359 σίν.
1286 5292 1360 5346 Amr.
1378 5288 1484 5345 Berttn.
1503 5287 1520 5342 t.
1533 5304 1555 5342 c.
1569 5302 1601 5355 p.
1612 5286 1655 5340 41.
1754 5287 1781 5353 7)
1802 5285 1874 5340 Ibid.

253 5397 290 5451 ud
306 5415 332 5452 a.
351 5397 414 5463 853,
432 5413 517 5466 supra
531 5412 562 5465 p.
575 5397 635 5465 233,
654 5397 701 5450 lira
716 5397 808 5466 Ilsqq.
895 5398 923 5468 8)
943 5397 1002 5466 Ol'r.
1022 5395 1223 5466 Europ-Pru,
1245 5393 1483 5464 Brut-Eacyclop.
1502 5390 1529 5446 d.
1543 5396 1654 5460 protem.
1679 5389 1801 5459 Tltcaloy.
1818 5407 1839 5444 s.
1852 5407 1874 5445 r.

254 5500 502 5573 Eutyrltiaaismas.
581 5501 608 5567 9)
621 5499 684 5569 Cap.
697 5500 779 5569 tnseq.
792 5516 813 5555 c.
826 5502 846 5554 l.
931 5503 974 5568 10)
988 5500 1035 5555 Ad
1046 5500 1118 5554 imre
1131 5498 1341 5568 Rapamfn'dum
1353 5497 1485 5552 Batonius
1498 5495 1539 5564 II,
1557 5495 1604 5550 ccl.
1618 5497 1693 5551 1265.
1709 5494 1807 5560 referre
1819 5496 1875 5547 cult

254 5605 387 5673 φίαοὶαηι
406 5603 553 5660 Hiacmnri
570 5603 696 5659 directam
709 5603 840 5668 Ansoldo,
860 5604 961 5659 Gerolo
980 5606 1009 5658 st
1027 5603 1147 5658 Hadmco
1164 5619 1214 5673 pro
1232 5601 1415 5672 inquisitione
1434 5600 1578 5656 cuiusdam
1596 5600 1691 5654 fratris
1704 5597 1875 5669 Raganfrsdi

255 5709 447 5766 ministerialis
463 5709 515 5774 sui,
534 5709 686 5764 Ir'tcdoardi
704 5709 776 5764 IItst.
796 5709 856 5764 eccl.
874 5707 1090 5778 Rsn.‚te.111,
1109 5726 1129 5763 c.
1142 5708 1185 5776 28,
1207 5706 1258 5762 SS.
1276 5707 1363 5772 XIII,
1385 5721 1412 5774 p.
1426 5706 1486 5761 aab.
1575 5708 1618 5773 ll)
1639 5703 1703 5773 Gap.
1721 5704 1802 5772 trasco.
1819 5703 1875 5758 at.

358 5822 395 5860 ut.
415 5823 581 5862 exstruuntur
600 5823 624 5860 u.
1635 5799 1669 5854 34
