4560 6426
443 439 688 496 cnplnuunuln
708 443 834 500 REGUM
854 444 1041 501 FRANCIAE
1059 448 1319 504 oculuuuunuls
1338 451 1544 521 (45555114).
1563 484 1595 492 -
1615 454 1661 507 Nr.
1675 456 1733 509 262.
1833 459 1894 520 2¹19

528 856 626 961 ⁶262.
676 852 1093 966 CAPITULA
1123 859 1235 967 AD
1267 858 1643 970 FRANCOS

310 1006 411 1117 ET
449 1008 921 1142 AQUITANOS
962 1012 1211 1122 MISSA
1252 1014 1358 1122 DE
1401 1015 1861 1126 CARISIAOO.

512 1232 520 1248 ·
959 1191 1151 1275 866151.
1182 1203 1215 1276 7.

383 1365 536 1446 Exstant
559 1385 593 1447 in
615 1385 785 1450 codicibus:
821 1385 851 1470 1)
875 1385 980 1468 14555.
1002 1392 1010 1449 t
1035 1384 1095 1470 fol.
1114 1392 1164 1452 41.
1193 1391 1223 1452 54
1243 1409 1263 1452 a
1286 1389 1384 1452 medio
1405 1390 1504 1472 eapite
1530 1409 1626 1466 nono,
1658 1389 1693 1452 in
1723 1410 1782 1470 555
1804 1389 1897 1453 codca

244 1483 362 1550 statie
383 1487 522 1567 explicit,
560 1487 616 1572 15)
638 1489 726 1570 apud
747 1489 955 1568 Sirmondnm,
982 1488 1129 1571 Capitale
1155 1490 1263 1558 oarott
1297 1491 1386 1558 Galoi
1405 1514 1440 1573 p.
1461 1497 1520 1557 126
1533 1513 1597 1575 sqq.
1623 1491 1699 1577 (cfr.
1717 1491 1824 1576 praef.
1855 1491 1898 1556 ad

274 1591 438 1666 55.·161),·
473 1589 507 1673 2)
524 1589 631 1658 Paris.
646 1595 729 1658 4838
744 1590 799 1672 fol.
816 1597 905 1658 187'.
943 1593 976 1675 3)
996 1591 1146 1658 Vallicell.
1172 1593 1333 1676 6416154.
1349 1599 1396 1660 17.
1432 1597 1464 1680 4)
1481 1595 1741 1661 vociterantes
1756 1594 1896 1681 fol.3l'.

277 1697 310 1781 5)
330 1695 429 1761 Vatic.
453 1714 513 1776 rep.
540 1693 655 1762 Christ.
673 1699 744 1762 291.
789 1699 821 1778 6)
840 1696 936 1761 Vatic.
955 1699 1038 1762 4982
1065 1695 1126 1780 fol.
1148 1703 1216 1764 104.
1264 1697 1337 1764 Uod.
1355 1705 1384 1764 5.
1412 1700 1495 1764 nillil
1518 1699 1638 1764 ratioet
1667 1700 1732 1764 nisi
1753 1703 1896 1783 excerpto

274 1799 489 1880 capitulorum.
534 1799 708 1876 Batonius,
730 1801 818 1866 Aren.
848 1801 1012 1866 ecclesiast.
1034 1801 1078 1865 nd
1100 1823 1129 1865 a.
1151 1803 1225 1867 856.
1242 1803 1372 1886 praebet
1394 1806 1516 1868 tantum
1538 1802 1781 1883 inscriptionem.

386 1901 536 1985 Capitale
557 1902 601 1966 ad
622 1903 801 1984 Aquitanos
822 1903 940 1968 directa
962 1907 1044 1980 sunt,
1068 1925 1144 1982 enni,
1167 1905 1232 1968 iam
1255 1905 1326 1970 inde
1349 1908 1390 1971 ab
1410 1926 1496 1971 anno
1519 1910 1591 1972 853.
1616 1909 1724 1971 contra
1739 1906 1896 1971 Karolnm

232 2021 257 2059 1⁰
275 2027 375 2089 repom
404 2007 531 2072 rebelles
560 2008 725 2072 existentes
755 2009 859 2090 (Ana,
887 2009 1012 2073 Berlin.
1041 2009 1084 2074 cd
1111 2031 1142 2075 5.
1162 2012 1238 2089 858,
1271 2011 1316 2075 cd.
1335 2010 1439 2076 Waitr
1464 2031 1500 2091 p.
1525 2012 1590 2088 50),
1617 2011 1684 2090 ipso
1710 2029 1796 2074 anno
1824 2012 1896 2077 856.

272 2109 451 2174 seditionem
473 2110 739 2189 omelinorentar,
762 2111 957 2176 tradentibus
972 2113 1058 2178 Anu.
1080 2112 1205 2178 Berlin.
1230 2114 1250 2179 l.
1268 2135 1291 2181 c.
1308 2135 1345 2196 p.
1362 2119 1419 2179 to:
1442 2113 1586 2178 Comites
1610 2134 1695 2199 pene
1719 2134 1831 2178 omnes
1855 2136 1896 2178 ex

273 2233 374 2298 regno
391 2211 505 2278 Karoli
523 2215 608 2298 regis
632 2235 704 2278 cum
720 2215 905 2299 Aquitaniis
921 2214 1077 2280 adversus
1101 2237 1173 2280 eum
1194 2218 1374 2296 coniurant,
1398 2219 1572 2282 invitantes
1588 2215 1766 2282 Ludoioum
1784 2238 1894 2302 regem

275 2315 510 2381 Germanorum
535 2317 575 2381 ad
600 2337 693 2381 suum
718 2319 888 2382 consilium
912 2319 1155 2404 perficiendum.
1208 2320 1296 2403 Quod
1313 2320 1490 2402 periculam
1512 2320 1688 2384 inoasrbnis
1709 2320 1749 2384 ab
1771 2319 1898 2384 114545-

273 2421 349 2486 wico
372 2421 565 2485 imminentis
586 2425 621 2484 ut
643 2421 785 2500 55445551,
815 2421 958 2486 Karnine
987 2423 1036 2486 bis
1065 2423 1320 2504 subseqnentibus
1349 2424 1498 2506 capitalis
1524 2443 1635 2505 niceno
1657 2443 1746 2504 opere
1767 2422 1896 2499 studuit,

231 2535 255 2576 ¹⁵
274 2528 311 2588 nt
331 2523 474 2589 Francos
496 2529 524 2589 et
546 2524 726 2606 Aquitanos
747 2525 875 2590 rebelles
896 2526 957 2590 sibi
979 2527 1202 2591 reconciliaret.
1415 2528 1472 2612 (B.
1490 2525 1539 2602 II,
1565 2527 1623 2606 79;
1645 2523 1683 2593 Ρ.
1700 2526 1789 2610 444.)

274 2747 398 2830 Η555,
423 2771 519 2835 5555
537 2756 738 2829 55555455,
764 2750 936 2836 capitula
967 2751 1072 2815 misit
1099 2751 1277 2816 domnus*
1305 2773 1374 2816 rex
1396 2751 1562 2817 Karalus
1591 2751 1636 2816 54
1659 2751 1832 2816 Francos
1856 2758 1896 2815 et

274 2854 507 2939 Aquitanos,
524 2855 587 2941 qui
603 2856 650 2920 ab
668 2877 712 2921 5ο
729 2856 992 2934 45554555554,
1016 2877 1112 2920 anno
1134 2856 1418 2921 incarnationis
1435 2855 1651 2921 dominicae
1667 2853 1895 2930 Dcocuvl,

272 2955 396 3022 Nonis
426 2958 518 3024 Iulii
548 2959 592 3023 de
621 2959 768 3045 palatio
798 2959 1025 3024 Osrisiaeob
1055 2981 1124 3045 per
1154 2958 1313 3025 1445155ο
1336 2960 1475 3024 missos
1506 2979 1596 3023 suos
1628 2956 1895 3023 Adalardumd

359 3055 569 3142 abbatem¹,
593 3053 833 3142 Rodulrum‘2,
857 3062 1126 3144 Richuinum⁹‚
1150 3053 1809 3148 5445135τί553541455553554555.

229 3261 255 3302 55
386 3240 412 3300 1.
447 3183 599 3300 Mandat
622 3235 715 3300 vobis
738 3243 850 3301 noster
873 3236 996 3315 senior,
1022 3236 1097 3322 quia
1120 3256 1198 3300 suus
1221 3234 1400 3300 avunculus
1424 3233 1630 3300 Rhuodulfus
1653 3233 1700 3299 illi
1723 3233 1764 3299 45
1788 3244 1897 3301 555455

273 3339 431 3405 fidelitate
456 3341 626 3420 nuntiavit,
649 3347 683 3406 et
706 3339 792 3427 5554
815 3340 891 3404 vos‘
917 3341 1007 3404 illum
1031 3341 1202 3427 precastis,
1226 3346 1262 3403 ut
1284 3339 1325 3402 ad
1349 3359 1408 3403 voe
1432 3360 1508 3402 suos
1532 3337 1759 3403 denominatos
1783 3339 1895 3404 fideles

273 3445 306 3508 in
331 3465 390 3509 sua
412 3443 560 3509 mercede
577 3445 822 3524 transmitteret,
847 3452 961 3508 54555
984 3443 1030 3507 4114
1054 3464 1113 3529 per
1135 3443 1209 3507 illos
1227 3449 1369 3507 vestram
1392 3443 1621 3507 necessitatem
1645 3447 1678 3506 54
1694 3442 1894 3508 voluntatem

276 3547 429 3612 mandare
453 3547 626 3620 volebatis;
650 3548 732 3611 5454
757 3547 878 3632 5145544
901 3547 1023 3610 lactum
1049 3546 1229 3622 habebatis,
1254 3545 1338 3631 5554
1361 3545 1544 3611 necessitas
1567 3544 1684 3610 1545554
1707 3547 1895 3624 emendare,

272 3651 455 3716 voluntarie
479 3672 537 3738 per
559 3651 688 3716 illorum
712 3650 880 3716 consilium
905 3650 1138 3730 emendabatis,
1163 3649 1305 3736 545554
1329 3650 1421 3715 551545
1445 3649 1614 3714 consilium
1638 3649 1833 3715 donaverint
1854 3651 1895 3716 ad

232 3781 257 3821 55
276 3755 378 3820 555454
401 3755 539 3819 55545545
564 3754 756 3819 fidelitatem
779 3760 813 3820 et
835 3761 978 3819 vestram
1003 3754 1229 3830 salvationem,
1254 3754 1437 3818 voluntarie
1459 3754 1623 3819 laceretis.

382 3863 410 3924 2.
448 3858 492 3924 414
515 3858 648 3924 mandat
671 3858 762 3925 vobis
785 3865 895 3924 noster
919 3860 1036 3938 senior,
1062 3859 1138 3944 quia
1161 3859 1269 3945 placet
1292 3856 1338 3935 ei,
1369 3856 1455 3942 quod
1477 3857 1525 3921 4114
1549 3877 1627 3921 5555
1651 3856 1830 3921 avunculus
1854 3857 1904 3921 45

275 3971 385 4028 vestra
414 3962 571 4029 fidelitate
602 3971 635 4029 54
664 3964 751 4028 15555
780 3965 947 4028 voluntate
977 3964 1154 4034 nuntiavit;
1189 3969 1223 4026 54
1254 3961 1429 4026 secundum
1460 3966 1603 4027 vestram
1633 3959 1894 4048 deprecationem

275 4067 464 4132 transmittit
487 4088 564 4148 555,
589 4069 672 4133 54554
695 4068 871 4153 precastis,
895 4067 935 4132 ad
960 4088 1017 4130 vos
1042 4074 1075 4130 54
1097 4065 1230 4130 mandat
1253 4065 1356 4142 551545,
1381 4063 1466 4149 5545,
1491 4065 1518 4128 54
1541 4064 1657 4150 5145545
1681 4061 1722 4129 45
1746 4061 1836 4128 551545
1860 4086 1895 4128 55

275 4171 441 4251 reclamat,
465 4171 550 4257 quod
574 4173 694 4237 iniuste
717 4171 815 4235 514554
839 4170 988 4235 45551545
1012 4170 1091 4234 15544
1115 4175 1148 4234 54
1171 4167 1211 4232 54
1229 4174 1353 4233 rectam
1368 4169 1527 4232 rationem
1550 4175 1584 4232 54
1606 4168 1725 4232 iustum
1742 4166 1895 4232 iudicium

232 4301 258 4340 55
275 4275 387 4340 venire
411 4296 475 4340 non
499 4276 606 4361 potuit
629 4282 684 4339 aut
707 4296 767 4360 per
788 4273 922 4338 insidias
946 4273 1072 4359 5145555
1095 4278 1151 4336 554
1173 4274 1245 4358 ipse
1262 4273 1371 4336 senior
1393 4277 1503 4336 noster
1526 4279 1582 4336 aut
1598 4271 1716 4357 aliquis
1740 4270 1781 4336 ad
1804 4272 1895 4336 illum

273 4378 415 4464 aliquem
438 4379 480 4443 45
504 4379 598 4443 551545
622 4377 918 4464 comprehenderes
941 4377 1045 4441 551544
1072 4383 1105 4440 54
1132 4383 1267 4461 propter
1294 4374 1356 4439 hoc
1379 4373 1421 4438 ad
1444 4381 1574 4460 tempus
1598 4375 1715 4460 aliquis
1739 4372 1780 4439 de
1803 4375 1895 4440 vobis

274 4482 317 4547 ab
339 4482 425 4547 411455
449 4483 637 4568 praesentia
660 4486 693 4546 54
715 4480 756 4545 ab
778 4481 865 4545 illius
889 4481 1020 4546 servitio
1044 4501 1079 4544 55
1103 4479 1274 4558 subtraxit,
1298 4479 1375 4563 5545
1397 4479 1500 4543 omnis
1525 4480 1709 4566 quicunque
1734 4477 1774 4543 45
1798 4479 1894 4544 551545

275 4585 316 4650 54
339 4591 461 4650 rectam
488 4585 646 4650 rationem
675 4583 716 4648 54
740 4584 831 4648 illum
861 4588 894 4648 54
921 4591 996 4648 5545
1020 4603 1098 4646 5555
1125 4581 1239 4646 fideles
1262 4582 1374 4647 venire
1400 4581 1554 4664 voluerit,
1584 4582 1647 4646 hoc
1675 4582 1706 4646 ei
1736 4581 1895 4647 concedit.

275 4687 319 4752 Et
341 4689 370 4754 si
392 4689 477 4753 iuste
501 4696 534 4752 et
550 4689 786 4754 rationabiliter
801 4688 968 4752 inventum
985 4685 1091 4764 155544,
1116 4684 1201 4770 5554
1218 4691 1342 4750 rectam
1361 4685 1518 4751 rationem
1542 4692 1655 4751 contra
1680 4706 1755 4751 eum
1778 4686 1894 4772 5145545

231 4813 257 4854 ss
275 4793 316 4858 45
339 4793 431 4859 551545
456 4792 625 4872 habuerit,
655 4814 726 4857 curn
757 4791 890 4856 coneilio
921 4790 1065 4856 fidelium
1094 4811 1224 4856 suorum
1252 4790 1315 4855 boc
1343 4791 1524 4856 voluntarie
1554 4788 1749 4855 emendabit.
1800 4789 1844 4854 Et
1867 4791 1894 4854 54

275 4899 441 4964 inventum
465 4899 577 4978 luerit,
610 4899 696 4985 5554
719 4899 808 4962 illam
833 4918 979 4972 causam,
1007 4896 1093 4961 unde
1116 4895 1233 4981 aliquis
1258 4893 1298 4960 45
1322 4893 1417 4958 551545
1441 4895 1629 4978 conquirere
1653 4894 1804 4973 55155544,
1836 4915 1895 4980 per

276 5003 433 5068 rationem
449 5003 580 5080 lecerit,
600 5005 698 5082 55154,
721 5010 767 5082 54,
792 5002 874 5066 54554
897 5021 955 5086 per
979 5001 1135 5064 rationem
1159 4998 1246 5074 15544,
1270 4999 1316 5063 445
1332 4997 1419 5062 15545
1442 5018 1501 5083 per
1517 4998 1675 5062 rationem
1691 5004 1893 5083 permaneat.

384 5111 412 5173 3.
449 5107 586 5172 Mandat
608 5108 711 5187 551545,
734 5114 780 5185 54,
804 5106 831 5170 54
848 5105 965 5189 5145545
989 5103 1142 5169 45551545
1166 5109 1289 5168 rectam
1307 5103 1465 5167 rationem
1488 5101 1637 5166 54411555
1661 5107 1794 5166 545545
1819 5122 1895 5166 5555

274 5209 390 5277 fideles
413 5213 597 5299 precaverit
620 5218 653 5276 et
676 5209 750 5276 inde
774 5211 807 5274 in
831 5215 954 5274 rectam
978 5207 1136 5272 rationem
1160 5205 1286 5271 venerit
1309 5210 1343 5270 54
1365 5205 1449 5270 iuste
1472 5211 1505 5268 54
1520 5204 1759 5270 rationabiliter
1780 5205 1892 5270 inven-

231 5407 258 5446 lo
377 5387 402 5449 5)
422 5403 469 5436 om.
488 5385 554 5438 Bor.
642 5384 669 5447 b)
689 5401 736 5436 555.
749 5385 778 5449 5;
795 5383 939 5436 causiaco
957 5381 1023 5432 Bar.
1121 5378 1147 5443 5)
1166 5397 1214 5432 555.
1233 5377 1295 5432 24.
1393 5379 1420 5443 4)
1440 5379 1573 5431 Alternum
1591 5377 1620 5440 43
1643 5379 1766 5432 Alardum
1785 5379 1809 5443 6,
1829 5379 1893 5430 Bar.

276 5471 300 5536 5)
319 5473 490 5524 Rithuinuum
507 5471 573 5522 Bar.
661 5470 684 5535 1)
704 5489 752 5524 orn.
770 5469 795 5523 2.
882 5467 911 5536 g)
930 5468 1090 5536 comperdsre
1109 5466 1132 5518 1.
1151 5464 1175 5518 a
1194 5464 1218 5518 6.

379 5625 405 5694 1)
426 5623 480 5690 aa.
495 5640 525 5693 ρ.
537 5623 598 5692 555,
617 5627 671 5677 aa.
683 5623 726 5678 cs.
812 5625 840 5692 5)
862 5621 988 5676 manaa
1006 5619 1127 5675 rama
1144 5619 1259 5689 5555.
1345 5621 1374 5690 5)
1392 5619 1448 5687 cn.
1470 5619 1585 5688 sima,
1603 5617 1719 5688 meaa
1739 5618 1766 5673 a.
1789 5617 1838 5673 n.
1854 5619 1897 5687 rr,

271 5745 299 5797 p.
313 5729 371 5796 555,
389 5733 444 5784 aa.
458 5731 480 5782 1.

1913 898 1973 954 856.
