4560 6426
376 436 623 492 CAPI'IULARIA
641 437 769 494 REGUM
789 438 971 494 FRANCIAE
990 437 1252 494 OGClDEN'PALlS
1273 436 1420 500 (Kauoul
1434 437 1480 506 ll).
1501 469 1533 478 -
1553 437 1600 491 blr.
1613 439 1672 492 273.
1775 443 1837 504 319

213 612 393 676 seeundum
416 613 522 698 legem
539 605 756 680 Romanam⁶4
779 613 964 678 iudicantur
979 613 1109 694 iudicia,
1133 615 1225 678 iuxta
1241 615 1345 700 ipsam
1361 615 1468 699 legem
1485 615 1739 679 committentest
1760 613 1839 680 talia
1855 621 1915 675 664.

214 716 412 792 iudicentur;
436 719 511 802 quia
533 739 632 804 super
654 719 743 783 illam
766 718 889 803 legeml
912 719 965 784 vel
989 724 1101 783 contra
1130 719 1234 804 ipsam
1265 719 1373 802 legem
1404 740 1464 783 neo
1488 723 1714 784 antecessores
1739 717 1839 784 nostri

215 820 440 907 quodcumque
458 822 637 907 capitulum
655 827 838 888 statuerunt
861 843 922 886 nec
937 843 995 886 nos
1012 822 1134 907 aliquid
1151 823 1388 888 constituimus.
1436 821 1593 888 Similiter
1616 843 1674 909 per
1689 824 1837 888 civitates

215 932 248 989 et
273 925 361 990 vicos
384 932 481 1011 atque
504 947 563 1011 per
586 932 730 991 mercata
746 926 884 990 ministri
908 928 954 990 rei
971 925 1122 1012 publicae
1139 925 1340 1011 provideant,
1365 947 1406 991 ne
1421 927 1479 1006 illi,
1504 928 1558 1012 qui
1574 948 1692 1013 panem
1710 933 1837 992 coctum

184 1035 271 1094 aaut
294 1049 426 1094 carnem
449 1050 508 1115 per
531 1021 738 1094 deneratasffi'
762 1038 819 1093 aut
839 1029 950 1094 vinum
973 1049 1032 1115 per
1051 1030 1216 1094 scutariou
1240 1029 1400 1108 vendunt,
1424 1029 1607 1097 adulterare
1636 1038 1668 1096 ct
1693 1030 1838 1097 minuere

215 1133 351 1220 possint.
398 1132 463 1199 Sed
486 1141 625 1219 quantos
648 1133 883 1199 mensurabiles
907 1154 1010 1219 panas
1033 1136 1066 1198 in
1089 1155 1285 1221 unaquaque
1309 1135 1443 1198 civitate
1466 1134 1506 1198 de
1531 1135 1616 1198 iusto
1638 1135 1745 1200 modio
1770 1137 1838 1221 epi-

215 1237 306 1322 scopi
334 1237 408 1302 vel'
435 1237 582 1302 abbatis'
611 1259 670 1302 scu
704 1237 857 1304 comitisw
890 1238 1136 1304 ministerialesv
1167 1259 1186 1302 a
1215 1238 1394 1324 pistoribus
1424 1239 1492 1302 suis
1521 1239 1695 1325 recipiunt,
1731 1245 1839 1304 tantos

214 1340 453 1406 mensurabiles
475 1362 577 1427 panes
605 1341 646 1407 de
673 1361 778 1427 aequo
802 1341 909 1405 modio
933 1363 953 1404 a
975 1342 1167 1427 pistoribus,
1198 1344 1254 1429 qui
1277 1362 1395 1428 panem
1419 1340 1578 1422 vendunt,
1608 1342 1678 1406 lieri
1701 1343 1839 1413 faciant:
1936 1383 1939 1390 ·

215 1444 354 1531 quodsi¹
376 1446 500 1510 inventi
522 1445 642 1510 luerint
665 1445 849 1510 adulterare
872 1445 924 1510 vel
949 1446 1127 1527 minorare,
1157 1453 1194 1510 ut
1223 1467 1322 1532 supra
1349 1445 1506 1524 diximus,
1538 1444 1716 1510 secundum
1745 1467 1839 1512 suurn

173 1549 347 1614 amodum
371 1549 550 1636 culpabiles
575 1549 767 1615 iudicentur.
812 1542 1008 1614 Ηοιιιίιιιιι66
1031 1551 1142 1628 etiam,
1165 1552 1219 1635 qui
1237 1549 1495 1637 providentiamy
1518 1549 1639 1614 habere
1662 1547 1838 1628 debebunt,

214 1677 255 1720 nc
279 1675 416 1720 mancae
439 1675 612 1719 mensurae
635 1655 724 1732 fiant,
749 1654 776 1718 si
799 1653 861 1718 den
884 1655 1034 1740 periurio,
1059 1653 1143 1739 quod
1167 1655 1365 1733 iuraverunt,
1391 1653 1467 1738 quio
1490 1653 1752 1719 hocconsentire
1777 1675 1840 1718 non

213 1757 414 1837 debuissent,
438 1760 552 1824 revicti
575 1758 724 1836 luerint²,
749 1756 928 1822 secundum
945 1758 1052 1842 legem
1068 1758 1253 1842 puniantur,
1279 1759 1362 1822 sicut
1386 1759 1418 1822 in
1434 1759 1499 1821 fine
1516 1758 1649 1843 capituli
1664 1756 1781 1823 decimi
1798 1779 1841 1822 ex

216 1862 299 1927 libro
322 1863 419 1928 tertio
448 1863 663 1948 capitulorum
691 1861 842 1940 habetur,
872 1868 906 1926 et
934 1868 1051 1947 postea
1081 1863 1122 1926 ab
1153 1864 1304 1950 episcopo
1335 1863 1498 1949 publicam
1532 1864 1769 1950 poenitentiam
1800 1862 1840 1927 de

216 1967 357 2052 periurio
381 1967 553 2052 accipiant.

172 2089 196 2126 ιι
324 2073 374 2134 21.
410 2062 521 2149 Ut207,
545 2071 622 2155 quia
644 2091 702 2154 per
725 2076 791 2134 tres
815 2071 879 2135 iam
902 2091 1004 2134 annos
1021 2070 1164 2135 bannum
1188 2093 1246 2156 pro
1263 2072 1441 2136 reiectione
1460 2072 1616 2136 bonorum
1632 2070 1840 2136 denariorum

216 2173 483 2261 perdonavimus,
515 2175 680 2254 volumus,
710 2180 747 2238 ut
769 2174 863 2238 modo
886 2173 1065 2238 secundum
1088 2174 1329 2256 discretionem,
1355 2197 1451 2262 quam
1474 2177 1582 2240 missis
1607 2177 1726 2240 nostris
1751 2196 1839 2240 com-

215 2277 451 2358 mendavimus,
477 2277 686 2343 rewadiatum
709 2278 915 2364 persolvatur
937 2283 979 2354 ct,
1002 2277 1059 2342 ubi
1083 2277 1294 2344 rewadiatum
1318 2300 1382 2343 non
1405 2287 1473 2358 ost,
1503 2278 1699 2343 rewadietur
1721 2287 1755 2345 et
1777 2281 1839 2344 sol-

216 2389 320 2462 vatur,
345 2389 505 2467 quatenus
528 2389 562 2448 et
585 2405 627 2447 ex
651 2382 713 2447 hnc
737 2389 770 2447 et
793 2403 836 2446 cx
858 2381 1030 2468 disciplina
1054 2382 1230 2446 constituta
1253 2384 1298 2446 ita
1320 2380 1486 2449 constricti
1511 2384 1665 2470 deinceps
1688 2387 1840 2448 cessentb

215 2485 368 2550 denarios
398 2487 498 2551 bonos
528 2487 662 2551 reicere.
713 2485 756 2550 Et
785 2487 938 2571 quoniam
965 2485 1352 2552 audivimus'occasionc
1388 2489 1523 2575 accepta
1557 2509 1614 2575 pro
1646 2487 1841 2552 rewadiato⁰

171 2589 323 2654 anenno
347 2589 504 2674 quosdam
527 2590 598 2676 plus
622 2612 641 2654 a
664 2590 863 2676 pauperibus
886 2591 1066 2676 accepisse,
1090 2611 1186 2675 quam
1203 2591 1330 2657 bannus
1348 2593 1445 2671 levet,
1470 2593 1531 2657 hoo
1554 2613 1573 2655 a
1597 2591 1705 2656 missis
1723 2593 1840 2656 nostris

214 2694 387 2778 diligenter
410 2693 549 2780 requirid
572 2695 731 2758 volumus.
776 2693 819 2757 Et
842 2694 1036 2779 quicumque
1060 2694 1133 2778 plus
1158 2693 1198 2758 ab
1223 2696 1270 2760 eis
1293 2703 1492 2783 acceperunt
1502 2707 1524 2776 ⁰,
1558 2717 1653 2782 quam
1679 2693 1840 2776 iussimus,

215 2805 374 2883 cogantur
405 2799 469 2863 illis
502 2799 687 2877 restituere,
723 2805 756 2863 et
783 2799 854 2862 illos
889 2798 1013 2883 absque
1044 2797 1112 2862 ulla
1139 2800 1351 2864 excusatione
1381 2799 1421 2863 ad
1451 2801 1670 2886 praesentiam
1698 2807 1839 2864 nostram

215 2904 305 2966 missi
320 2905 424 2967 nostri
442 2902 614 2984 adducant,
639 2910 799 2988 quatenus
816 2923 873 2990 per
888 2909 1034 2967 nostram
1052 2899 1339 2970 1ιιιιιιιίιιοιιιιιιιι768
1355 2907 1401 2970 ita
1418 2906 1627 2990 castigentur,
1649 2928 1690 2971 ne
1705 2907 1841 2970 ulterius

215 3007 273 3070 tali
297 3006 470 3072 conludio⁸
493 3028 550 3072 eos
575 3006 717 3072 delectet
740 3007 924 3093 opprimere
948 3026 1121 3092 pauperos.

171 3127 196 3166 2⁵
323 3113 374 3176 22.
410 3109 476 3174 Ut¹¹
499 3133 519 3174 a
542 3110 680 3189 colonis,
710 3113 765 3196 qui
792 3111 857 3174 iam
886 3132 944 3196 pro
974 3110 1152 3174 reiectione
1180 3112 1336 3176 bonorum
1367 3112 1572 3176 denariorum
1595 3112 1751 3197 flagellati
1775 3114 1840 3177 weli

215 3215 400 3300 flagellandi
424 3223 512 3292 suut,
548 3215 638 3279 nulla
666 3216 732 3280 alia
761 3216 890 3280 exactio
920 3215 1119 3299 aequitatum
1152 3221 1185 3279 et
1213 3216 1241 3279 si
1263 3215 1304 3279 ab
1328 3217 1436 3301 aliquo
1460 3235 1571 3280 eorum
1595 3215 1717 3301 aliquid
1741 3216 1840 3281 iude¹¹

215 3324 386 3405 acceptum
414 3319 490 3397 fuit,
525 3341 545 3384 a
575 3318 683 3383 missia
716 3319 834 3384 nostris
866 3325 1001 3402 cogatur
1028 3318 1164 3383 restitui.
1226 3317 1270 3382 Ilt
1298 3319 1352 3404 qui
1383 3318 1544 3383 beneficia
1573 3318 1625 3382 vel
1652 3318 1778 3383 alodes¹
1807 3321 1839 3384 in

215 3423 341 3487 duobus
366 3425 418 3488 vel
440 3424 543 3488 tribus
567 3429 624 3488 aut
646 3430 785 3508 quatuor
807 3421 1014 3488 comitatibus
1039 3421 1161 3487 habent
1184 3429 1217 3487 et
1239 3443 1302 3486 non
1328 3423 1450 3486 habent
1472 3424 1505 3486 in
1521 3443 1716 3509 unoquoque
1741 3424 1839 3488 comi-

214 3533 294 3608 tatu,
319 3527 404 3592 undo
427 3529 560 3614 plenum
583 3527 755 3592 bannumm
778 3526 910 3591 valeant
926 3527 1085 3604 solveren,
1109 3525 1162 3590 vel
1186 3526 1241 3610 qui
1265 3525 1297 3588 in
1313 3546 1378 3590 uno
1395 3531 1520 3589 tantum
1538 3526 1694 3590 comitatu
1710 3527 1839 3592 alodem

170 3659 196 3698 ao
216 3631 266 3696 vel
302 3631 478 3696 benefieia⁰
506 3631 630 3695 habeut
659 3638 692 3694 ct
722 3651 787 3694 non
823 3635 948 3693 tantum
984 3627 1030 3692 ibi
1061 3627 1197 3707 habent,
1233 3629 1317 3693 undo
1352 3631 1485 3715 plenum
1515 3629 1658 3694 bannum
1689 3631 1841 3695 valeant¹¹

214 3736 351 3816 solvere,
375 3736 484 3799 missis
507 3735 627 3798 nostris
651 3734 712 3797 hoc
729 3740 841 3798 notum
857 3732 989 3809 l'aoiant,
1013 3737 1047 3795 et
1070 3730 1152 3795 hool'
1175 3731 1216 3795 ab
1241 3731 1366 3796 eisdem
1389 3733 1498 3796 missis
1528 3733 1646 3796 nostris
1668 3733 1842 3818 diligenter

215 3841 436 3906 inbroirictur‘¹
465 3847 498 3903 et
530 3838 623 3903 nobis
654 3837 873 3914 renuntietur,
908 3841 944 3898 ut
978 3840 1088 3898 nostra
1120 3833 1315 3900 discretione
1355 3835 1598 3912 decernamusf,
1637 3837 1777 3921 qualiter
1809 3845 1843 3901 et

216 3945 388 4030 castigatio
415 3965 456 4007 ex
484 3942 720 4028 compositione
750 3940 808 4005 fiat
836 3947 869 4003 et
895 3938 1043 4003 homines
1072 3938 1158 4002 ultra
1187 3959 1371 4004 mensuram
1401 3945 1455 4004 etp
1484 3941 1650 4006 indebitae
1680 3962 1742 4006 non
1766 3963 1841 4027 gra-

216 4056 346 4123 ventur;
370 4041 515 4134 ‘quia⁰⁹',
539 4048 622 4111 sicut
638 4052 752 4110 sancta
768 4045 928 4130 scriptura
944 4043 1031 4119 dicit,
1052 4047 1126 4106 ‘non
1142 4042 1216 4107 indo
1234 4045 1444 4128 requirimus⁸
1460 4044 1581 4124 datum,
1606 4045 1663 4112 sed
1679 4044 1842 4126 fructum’,

172 4177 198 4216 aa
217 4153 250 4217 id
274 4161 324 4218 ost
347 4174 409 4217 nou
432 4151 506 4216 inde
531 4149 725 4236 requirimus
749 4149 957 4214 inhonestum
982 4149 1118 4224 lucrum,
1142 4145 1201 4211 sed
1226 4149 1320 4233 regni
1344 4169 1386 4212 ex
1404 4149 1616 4233 castigatione
1633 4149 1842 4236 profectum*

321 4327 347 4394 *)
368 4324 428 4380 alal.
445 4327 466 4380 1.
489 4323 559 4378 lutrae
577 4324 691 4391 plessero
710 4319 739 4373 iu
763 4326 837 4374 tacta
859 4319 950 4373 millii:
978 4319 1079 4388 ‘'l'urpe
1103 4319 1146 4372 vel
1169 4319 1348 4374 inhonestum
1367 4323 1410 4374 est
1433 4321 1557 4384 lucrum,
1582 4326 1614 4376 ut
1638 4322 1844 4392 Augustinua¹⁰

216 4413 340 4484 exponit,
358 4421 416 4481 ‘per
436 4411 526 4464 varias
545 4408 794 4464 circumventiones
813 4409 842 4461 et
859 4405 1019 4462 accessiones
1038 4406 1165 4460 lucrandi
1179 4423 1263 4460 causa
1282 4407 1427 4462 inhoneste
1447 4425 1488 4462 res
1502 4408 1642 4476 quaslibet
1661 4410 1842 4480 congregari*

322 4563 343 4628 1)
361 4563 551 4615 committentes
570 4595 595 4616 ..
611 4599 617 4612 .
636 4561 719 4626 legem
736 4577 784 4610 cora
803 4558 827 4610 6.
906 4556 935 4624 ιι)
954 4559 1093 4610 sextarium
1112 4557 1136 4608 6.
1227 4555 1255 4624 v)
1273 4576 1322 4610 oni.
1343 4556 1366 4610 6.
1450 4557 1484 4622 w)
1503 4561 1607 4610 comites
1625 4557 1649 4611 3.
1732 4559 1760 4624 x)
1779 4577 1844 4626 quoa

216 4655 237 4703 ei
256 4649 339 4702 2-4.
428 4649 456 4717 y)
474 4667 551 4716 super
569 4649 616 4700 boc
634 4647 696 4699 add.
709 4645 794 4698 2-4.
882 4643 907 4712 a)
926 4647 974 4697 boe
993 4647 1149 4698 consentisse
1168 4646 1258 4696 revicti
1276 4645 1372 4696 suerint
1388 4643 1412 4695 3.
1500 4643 1527 4708 a)
1545 4646 1613 4709 Quid
1631 4647 1686 4697 ilari
1704 4648 1804 4713 debeat,
1822 4649 1844 4700 si

172 4742 331 4795 lobecinum
362 4756 406 4805 pro
432 4737 568 4788 reiectione
596 4735 758 4786 denariorum
783 4734 949 4785 rewadiatum
976 4733 1053 4784 fuerit
1076 4733 1148 4783 rubr.
1169 4732 1198 4782 iu
1221 4731 1245 4783 6.
1350 4730 1378 4798 b)
1401 4739 1487 4783 essent
1510 4731 1533 4782 6.
1638 4729 1664 4798 c)
1687 4735 1793 4786 wadiuto
1819 4735 1842 4786 6.

215 4823 242 4892 d)
262 4826 355 4891 inquiri
373 4825 397 4875 6.
481 4820 506 4888 a)
524 4822 670 4886 rmceperint
687 4819 712 4870 ⁶2.
724 4819 748 4872 3.
831 4819 856 4883 s)
875 4821 1048 4870 harmiscaram
1068 4817 1279 4878 harmiscaram
1298 4817 1361 4868 66.
1442 4816 1470 4885 g)
1483 4817 1616 4868 concludio
1628 4817 1652 4868 3.
1736 4822 1763 4886 b)
1776 4824 1843 4887 Quid

215 4915 257 4981 agi
279 4913 373 4964 debeat
389 4912 421 4962 da
438 4911 491 4975 his,
519 4909 564 4975 qui
591 4925 642 4958 non
669 4907 765 4958 habant
784 4907 811 4957 in
839 4907 974 4970 comitatu,
1002 4907 1069 4956 uude
1097 4906 1202 4972 plenum
1232 4906 1344 4956 bannum
1368 4906 1480 4957 debeant
1504 4906 1648 4972 persolvere
1671 4909 1742 4958 rubr.
1765 4909 1793 4960 io
1818 4911 1843 4962 6.

216 4997 235 5065 1)
254 4999 296 5050 vel
314 5015 362 5048 ona.
382 4995 410 5058 7;
431 4998 472 5047 vel
493 4994 639 5062 flagellandi
657 5011 705 5044 om.
724 4990 748 5044 3.
849 4991 876 5056 k)
895 5009 944 5043 ona.
962 4990 987 5043 4.
1085 4990 1105 5055 l)
1123 4992 1211 5043 alodos
1228 4988 1258 5054 33
1276 4992 1363 5042 alodus
1382 4989 1405 5042 7.
1506 4991 1542 5056 m)
1562 5009 1676 5059 pannum
1695 5003 1802 5060 possunt
1820 4993 1844 5047 7.

216 5083 243 5153 ιι)
261 5086 360 5138 solvere
446 5082 548 5134 valeant
565 5098 613 5133 om.
631 5077 656 5131 3.
676 5076 699 5130 7.
786 5077 812 5145 ιι)
832 5080 984 5132 beneficium
1002 5075 1026 5128 4.
1115 5077 1143 5146 p)
1162 5095 1211 5129 οιιι.
1231 5076 1254 5129 7.
1357 5079 1383 5144 ql
1401 5079 1578 5130 inbrevientur
1596 5076 1621 5130 7.
1709 5077 1732 5144 r)
1751 5081 1843 5133 discar-

174 5193 199 5232 ea
218 5191 311 5227 namus
329 5171 354 5225 4.
373 5169 396 5224 7.
484 5168 508 5238 s)
527 5169 675 5236 quaerimus
693 5165 717 5218 4.

320 5317 366 5385 64)
386 5313 442 5381 Ofr.
462 5313 524 5370 Ood.
540 5311 639 5368 Theod.
655 5311 709 5378 XI,
727 5311 792 5378 8,3,·
813 5309 885 5378 XII,
897 5310 926 5374 7,·
946 5310 1018 5377 ΧΗ,
1037 5311 1106 5378 6,19
1123 5310 1173 5377 (erl.
1187 5310 1280 5366 Hduel
1297 5309 1433 5366 6001077.
1453 5310 1560 5379 189361.
1581 5311 1667 5380 late).
1749 5315 1794 5382 66)
1814 5313 1847 5367 Id

216 5429 267 5478 cat:
289 5438 341 5492 por
361 5420 494 5490 ,meroes
515 5419 625 5472 catorum
646 5416 771 5470 debarim
791 5417 840 5483 cfr.
862 5415 913 5470 Dra
935 5415 1026 5486 Casape
1052 5433 1072 5472 a.
1090 5434 1112 5470 c.
1137 5416 1292 5484 dmariata,
1316 5415 1460 5480 denerat&
1491 5414 1709 5485 franco-qaum:
1737 5417 1847 5482 ‹lcare'm

217 5529 265 5595 clr.
283 5527 348 5582 Diez
365 5526 382 5578 l.
395 5541 415 5578 c.
435 5523 458 5590 1,
477 5539 497 5576 a.
510 5539 532 5578 u.
550 5521 657 5576 decoro.
739 5522 783 5586 66)
796 5519 853 5586 Gsr.
866 5536 952 5588 wapro
968 5535 989 5574 c.
1002 5521 1027 5574 9.
1109 5521 1154 5586 67)
1169 5519 1259 5572 Ediot.
1274 5518 1476 5586 (tartaricum,
1494 5535 1579 5588 scapua
1593 5521 1690 5590 paea,
1708 5520 1755 5574 lin.
1768 5521 1846 5590 Iaqq.

217 5633 261 5696 68)
277 5631 333 5697 Cfr.
349 5629 432 5698 capp.
441 5633 502 5696 post
517 5625 594 5682 eone.
608 5624 757 5693 Genauam.
771 5625 831 5692 860,
850 5640 937 5694 aalma
952 5641 979 5692 p.
991 5625 1043 5678 299
1055 5622 1119 5692 (0.),
1135 5640 1156 5678 c.
1164 5625 1188 5677 4.
1267 5622 1312 5691 60)
1326 5622 1441 5692 Philipp.
1454 5624 1480 5692 4,
1489 5625 1529 5679 17.
1609 5625 1651 5692 70)
1665 5623 1759 5693 Neque
1771 5623 1848 5692 nptid

181 5751 207 5790 so
225 5733 409 5814 depectionem
427 5747 509 5800 raeque
526 5730 602 5806 aprici
615 5728 753 5786 Iaidomim
772 5727 961 5791 incantantum
979 5725 1028 5793 cfr.
1045 5731 1134 5781 numm
1153 5725 1217 5796 (lurp.
1235 5726 1306 5780 ιιιίιι.
1319 5725 1521 5795 1766669806,
1540 5733 1598 5782 tona.
1613 5727 1636 5794 Ι,
1649 5727 1752 5796 12132,
1770 5743 1791 5783 c.
1805 5729 1845 5782 15.
