4568 6420
439 470 501 531 502
677 463 920 518 WALhFRIDUS
939 463 985 517 DE
1004 462 1175 517 EXORDllS
1194 462 1240 516 ΕΤ
1259 459 1507 518 lNCRllMENTlS
1526 458 1610 514 Ruit.
1630 457 1725 514 ECGla.
1743 475 1765 510 c.
1779 458 1820 511 23.

437 640 622 718 miscuerit,
661 638 761 722 quod,
795 640 870 722 quie
899 638 1071 702 manifeste
1106 658 1168 700 non
1199 637 1356 720 legimus.
1389 636 1539 698 nolumus
1574 633 1726 696 diffinire.
1778 631 1831 696 Ex
1863 633 1922 696 hoc
1956 639 2065 695 tumen

438 747 576 828 apparet
604 740 814 826 Gregorium,
844 741 898 826 qui
922 741 1020 826 longe
1051 747 1123 826 post
1146 737 1290 804 Leonem
1320 740 1394 818 luit,
1424 759 1489 802 non
1513 743 1637 801 totumu
1665 757 1824 802 canonem
1847 736 1889 799 ab
1918 756 1957 800 eo
1981 736 2065 812 loco,

438 866 500 929 quo
525 866 584 909 sua
616 845 769 926 inseruit,
799 865 903 929 usque
932 845 964 908 in
994 843 1091 907 linem
1116 843 1350 928 composuisse.
1397 840 1575 926 Gregorius
1605 839 1744 904 deindev
1773 840 1888 903 tertius
1919 837 2065 903 ciusdem
2179 856 2185 867 ·

438 949 575 1012 nominis
618 969 703 1034 papa
737 939 896 1012 laciensl7
932 948 1110 1012 oratorium
1151 948 1182 1010 in
1215 946 1353 1010 basilica
1386 946 1474 1010 beati
1511 944 1626 1008 Petriw
1664 944 1697 1007 irr
1730 943 1886 1007 honorem
1921 943 2066 1005 omnium

439 1058 625 1116 sanctorum
651 1059 684 1116 et
708 1051 868 1116 cotidiana
891 1049 1013 1115 ibidem
1030 1051 1136 1117 officia
1160 1073 1197 1116 ec
1219 1052 1360 1115 missas¹
1382 1051 1416 1113 in
1439 1071 1551 1114 eorum
1573 1048 1837 1112 uenerationemy
1860 1045 2065 1110 constituens
2107 1067 2119 1104 s

436 1154 617 1220 caelebrari
648 1155 770 1241 periter
800 1155 938 1218 instituit
970 1155 1013 1217 ‘in
1045 1175 1168 1219 canone
1203 1175 1222 1218 a
1253 1152 1423 1217 secerdote
1453 1151 1645 1217 dicendum:
1678 1150 1847 1224 “Quorum
1876 1149 2064 1215 solemnitas

439 1258 539 1323 hodie
563 1259 597 1323 in
626 1264 804 1344 conspectu
828 1264 904 1322 tuae
927 1258 1108 1322 maiestatis
1133 1257 1367 1336 caelebratur¹,
1395 1255 1535 1320 Domine
1558 1254 1670 1320 Deus·
1694 1261 1816 1334 noster,
1841 1259 1907 1317 toto
1931 1254 1964 1318 in
1987 1253 2065 1317 orbe

437 1361 645 1440 terrarum’'’,
670 1361 765 1447 quod,
791 1363 867 1448 quia
884 1363 1074 1447 specialiter
1097 1362 1137 1427 ad
1162 1362 1249 1426 illurn
1273 1362 1416 1447 pertinet
1440 1359 1673 1436 celebritatem,
1698 1378 1762 1422 non
1787 1363 1837 1422 est
1861 1358 1985 1436 canoni,
2010 1357 2065 1440 qui

436 1466 635 1550 generaliter
658 1465 790 1544 dicitur,
823 1465 1047 1530 adnotatuml.
1094 1465 1209 1529 Actio⁰
1232 1465 1350 1528 dicitur
1374 1465 1445 1550 ipse
1469 1485 1591 1542 conon,
1620 1463 1696 1547 quie
1720 1463 1753 1526 in
1777 1459 1836 1525 ea‘1
1860 1467 2066 1525 sacramenta

437 1567 651 1633 conficiuntur
674 1569 845 1646 dominica,
878 1590 979 1633 canon
1005 1590 1081 1633 vero
1105 1568 1219 1634 eadem
1250 1570 1335 1632 ectio
1359 1569 1553 1646 nominatur,
1584 1566 1677 1651 quia⁰
1701 1587 1741 1630 aa
1769 1572 1820 1630 est
1847 1565 1994 1649 legitima
2017 1563 2069 1628 etl
2094 1585 2119 1624 ro

438 1673 598 1757 regularis
629 1680 910 1738 sacramentorum
941 1673 1111 1737 confectio.
1165 1673 1342 1757 Sequitur8
1373 1671 1476 1735 oratio
1508 1669 1671 1734 dominica
1701 1690 1773 1734 cum
1804 1667 2065 1753 appositionibus

437 1776 604 1861 congruis:
640 1798 705 1840 nna
734 1778 820 1841 enim
852 1776 1054 1863 praecedens
1090 1797 1163 1840 eom
1195 1773 1341 1839 fidutiam
1373 1774 1557 1860 praedicat,
1587 1794 1650 1858 que
1678 1772 1854 1836 Dominum
1884 1778 2066 1836 creatorem

437 1886 563 1964 patrem
587 1879 696 1944 dicere
720 1901 979 1965 praesumemus;
1009 1880 1113 1944 altera
1136 1880 1340 1964 subsequens
1364 1879 1521 1965 explicet,
1548 1876 1707 1963 quomodo
1732 1884 1765 1941 et
1788 1898 1808 1941 a
1831 1876 1948 1962 quibus
1973 1877 2066 1940 melis

436 2003 495 2067 per
518 1981 694 2046 Dominum
718 2004 776 2047 nos
799 1982 931 2047 liberari
953 1989 1113 2068 petamus.
1159 1982 1251 2058 Quae
1280 1983 1384 2046 cretio
1413 1980 1588 2060 dominica,
1619 1982 1674 2067 qui
1696 1981 1804 2067 prius,
1834 2001 1930 2066 quem
1955 1986 2067 2045 cetera

437 2083 490 2150 ἰιιιι
522 2086 764 2150 consecratione
795 2086 1025 2150 sacrificiorum
1059 2091 1225 2171 assumpte
1257 2091 1322 2162 est,
1356 2085 1389 2149 in
1419 2084 1606 2171 expletione
1642 2084 1788 2149 eiusdem
1824 2084 2065 2148 sacratissimus
2094 2103 2119 2142 rs

436 2189 573 2254 actionis
598 2188 694 2274 digne
718 2189 864 2275 ponitur,
895 2195 931 2253 ut
954 2211 1013 2275 per
1041 2189 1124 2253 hene
1149 2189 1309 2275 purificati
1340 2189 1395 2273 qui
1419 2189 1688 2254 communicaturi
1720 2195 1812 2266 sunt,
1844 2208 1926 2275 quae
1951 2195 2064 2252 sancte

436 2292 586 2356 coniecto
610 2298 695 2369 sunt,
719 2290 816 2376 digne
840 2291 882 2356 cd
906 2293 1045 2357 salutern
1061 2313 1172 2356 rerem
1198 2293 1388 2378 percipiant.
1432 2291 1566 2356 Pacemi
1591 2299 1666 2357 ante
1691 2291 1972 2356 communionemlt
1995 2291 2065 2355 deri

436 2395 645 2459 Innocentius
674 2416 759 2481 pape
790 2394 930 2480 decretis
960 2395 1026 2458 suis
1056 2386 1243 2474 instituitlss,
1273 2395 1398 2460 scilicet
1427 2400 1476 2474 ut,
1509 2395 1594 2479 quod
1626 2396 1659 2458 in
1682 2395 1828 2458 oratione
1862 2400 1975 2458 sancta
2005 2395 2065 2459 sub

356 2489 357 2494 ¹
437 2498 612 2584 sponsione
636 2499 837 2564 remissionis
861 2499 1109 2585 praemittimus,
1141 2506 1274 2585 pecctos
1299 2520 1359 2563 nos
1389 2500 1459 2585 ipso
1484 2519 1582 2584 opere
1606 2498 1877 2563 demonstremus.
1925 2497 2065 2582 ‘Agnus1

436 2598 511 2666 Dei’
534 2601 566 2665 in
591 2601 812 2667 confractione
838 2603 981 2689 corporis
998 2600 1130 2665 Domini
1154 2623 1173 2665 e
1196 2602 1284 2666 clero
1309 2609 1342 2666 et
1365 2603 1485 2687 populo
1509 2601 1677 2666 decantari
1694 2601 1829 2686 Sergius
1845 2593 2066 2666 LXXXVI.59
2093 2624 2120 2664 sc

435 2704 658 2770 Romanorum
682 2709 846 2771 antistesm
878 2697 1089 2786 constituitffl,
1120 2711 1173 2787 ut,
1202 2706 1277 2770 dum
1307 2714 1542 2793 praeparetur¹1
1573 2705 1613 2770 ad
1643 2704 1917 2791 dispensendum⁰
1947 2726 2066 2791 corpus

436 2808 650 2888 dominicum,
675 2817 792 2895 rogent
816 2811 997 2896 accepturi,
1023 2817 1183 2894 quatenus
1207 2811 1279 2888 ille,
1310 2812 1364 2897 qui
1388 2833 1445 2897 pro
1470 2812 1517 2874 eis
1542 2810 1672 2874 oblutus
1697 2816 1748 2873 est
1770 2809 1942 2888 innocens,
1967 2810 2068 2874 faciet

436 2934 493 2976 eos
518 2913 692 2978 salubriter
713 2915 850 2999 pignore
875 2915 990 2979 salutis
1014 2920 1170 2980 aeternae
1201 2917 1381 3000 percipere.
1428 2915 1549 2980 Porrop
1572 2912 1659 2999 quod
1690 2935 1832 2979 oenones
1863 2913 2068 3000 praecipiunt

440 3037 513 3079 eum
537 3016 577 3080 ed
601 3037 716 3102 paoem
741 3038 804 3081 non
829 3017 999 3096 accedere,
1025 3020 1080 3104 qui
1104 3039 1169 3082 non
1185 3019 1413 3098 communicat,
1437 3017 1566 3102 quidam
1591 3019 1637 3082 sic
1660 3018 1866 3103 intellegunt,
1890 3016 1976 3101 quod
2000 3037 2066 3082 non

438 3118 559 3184 debeat
574 3140 688 3205 pacem
712 3121 862 3206 accipere
879 3121 950 3206 quis
973 3122 1006 3185 in
1030 3122 1102 3186 eliis
1119 3122 1234 3201 missis,
1259 3122 1321 3185 nisi
1344 3120 1509 3206 inquibus
1534 3122 1764 3195 communicat;
1788 3121 1843 3185 alii
1860 3142 1937 3185 vero
1954 3122 2067 3186 volunt
2094 3140 2120 3180 ss

436 3223 527 3285 illurn
551 3228 677 3286 tanturn
705 3243 725 3286 a
748 3244 830 3308 pace
853 3223 1027 3309 prohiberi,
1057 3225 1111 3309 qui
1133 3225 1255 3289 iudicio
1284 3225 1479 3290 sacerdotali
1503 3245 1522 3288 u
1548 3225 1776 3289 communione
1802 3245 1979 3310 suspensus
2004 3232 2066 3304 est,

436 3325 527 3389 illum
552 3332 671 3405 autem,
696 3328 771 3412 quiq
794 3327 932 3412 quadam
957 3330 1083 3393 ratione
1106 3329 1161 3392 illo
1186 3336 1333 3415 tempore
1356 3329 1465 3394 differt
1488 3330 1829 3408 communicationem,
1859 3351 1931 3393 eum
1955 3334 2067 3394 tamen

436 3449 500 3493 uon
526 3429 568 3492 sit
592 3435 687 3493 extre
710 3432 978 3510 communionem,
1006 3453 1071 3497 non
1094 3433 1216 3497 debere
1245 3434 1376 3518 opacis
1400 3433 1507 3518 gratie
1530 3434 1686 3519 seperari,
1717 3454 1759 3496 ne
1783 3432 1948 3497 humilitas
1978 3434 2067 3498 eiusr

436 3531 621 3616 graviorum
644 3533 812 3596 criminum
839 3535 1021 3620 suspicione
1045 3542 1185 3600 notetur.
1223 3535 1265 3600 ut
1288 3537 1365 3620 quia
1388 3535 1428 3600 de
1454 3535 1712 3600 communicandi
1728 3537 1887 3601 verietate
1905 3534 2066 3622 quaedem

437 3626 711 3720 praemisimusffl,
735 3635 797 3700 hoc
822 3636 1007 3702 addendum
1030 3639 1159 3703 ridetur
1183 3661 1256 3705 esse
1281 3639 1449 3724 quosdam,
1480 3641 1534 3725 qui
1558 3640 1660 3705 semel
1682 3641 1714 3704 in
1738 3640 1791 3704 die
1815 3641 2067 3720 communicare,
2093 3668 2120 3708 so

436 3739 535 3802 etiarn
560 3740 587 3803 si
611 3739 757 3825 pluribus
779 3741 988 3806 interfuerint
1010 3743 1128 3823 missis,
1158 3764 1216 3828 pro
1239 3741 1396 3828 dignitate
1422 3750 1698 3808 sacramentorum
1723 3744 1874 3809 sufficere
1899 3744 2066 3818 credant¹;

436 3863 511 3906 esse
535 3863 612 3907 vero
636 3843 731 3919 alios,
762 3845 829 3928 qui,
859 3845 942 3908 sicut
970 3846 1004 3908 in
1036 3867 1115 3923 una,
1145 3847 1191 3909 sic
1220 3847 1253 3908 in
1284 3845 1450 3924 omnibus,
1481 3847 1597 3932 quibus
1626 3848 1791 3920 affuerint,
1821 3849 1929 3911 missis
1959 3848 1990 3911 in
2015 3847 2067 3913 die

436 3947 675 4010 communicare
699 3948 828 4023 velint⁸;
858 3969 994 4034 quorum
1018 3956 1153 4014 neutros
1179 3949 1358 4035 culpendos
1383 3949 1546 4026 existimo,
1575 3950 1661 4034 quia,
1686 3951 1770 4014 sicut
1793 3950 1998 4036 Augustinus
2023 3952 2068 4015 ait

435 4050 475 4114 de
500 4049 568 4130 his,
601 4051 653 4134 qui
679 4050 796 4115 cotidie
821 4053 1080 4132 communicant,
1104 4052 1239 4130 stillis,
1271 4053 1324 4136 qui
1355 4053 1474 4116 rarius:
1506 4042 1639 4116 ‘Istos‘l2
1667 4055 1850 4118 reverentie
1878 4061 2065 4118 sanctarum

436 4153 573 4218 retrahit
602 4174 724 4232 rerum,
758 4155 831 4218 illos
863 4176 940 4220 vero
977 4176 1069 4220 amor
1099 4155 1280 4220 salubrium
1311 4155 1428 4219 invitat
1456 4155 1754 4223 sacramentorum?
1804 4156 1910 4221 Nam¹¹
1938 4159 2066 4244 etipse
2094 4185 2120 4226 ιι

436 4256 600 4336 sacerdos,
624 4259 775 4343 quotiens
800 4258 901 4322 indie
919 4260 1033 4322 misses
1057 4259 1145 4338 fecit,
1171 4260 1410 4323 communicare
1436 4281 1499 4323 non
1524 4261 1678 4336 omittit';
1703 4261 1818 4346 quodsi
1841 4273 1933 4326 non'
1955 4263 2067 4340 faciat,

437 4361 594 4425 canonico
619 4369 669 4424 est
699 4361 863 4426 feriendus
886 4353 1071 4426 iudicio¹⁶³.
1119 4362 1161 4426 Et
1186 4363 1244 4429 hoc
1268 4383 1330 4426 uon
1356 4370 1407 4427 est
1431 4363 1545 4427 mirum
1569 4365 1615 4428 ita
1639 4363 1679 4429 de
1711 4365 1882 4430 sacerdote
1907 4365 2066 4450 intellegi,

537 4517 567 4582 u)
586 4525 686 4569 tentum
703 4517 728 4570 4.
747 4518 771 4582 5,
794 4537 861 4572 corr.
879 4536 948 4570 mors.
968 4521 1012 4570 alt.
1031 4527 1114 4572 totum
1132 4518 1156 4572 4.
1249 4519 1277 4587 ι)
1295 4521 1354 4572 indo
1372 4519 1396 4572 5.
1497 4517 1532 4587 w)
1550 4525 1657 4589 apostoli
1680 4523 1741 4574 add.
1760 4521 1784 4573 2.
1884 4519 1911 4588 ιι)
1933 4524 1960 4574 ἱιι
1978 4524 2070 4576 missas

434 4623 523 4657 eorum
541 4603 565 4656 3.
667 4605 695 4670 y)
713 4607 876 4656 veneratione
894 4607 917 4657 5.
1018 4605 1043 4671 u)
1063 4607 1172 4657 Domine
1195 4607 1339 4658 celebratur
1357 4605 1380 4659 2.
1474 4607 1500 4672 ιι)
1518 4625 1645 4674 repertor.
1663 4626 1734 4659 murs.
1754 4608 1799 4659 alt.
1817 4606 1842 4659 4.
1930 4607 1958 4672 b)
1976 4626 2008 4660 ec
2025 4611 2068 4661 ed·

434 4699 568 4743 nutantum
586 4707 653 4742 corr.
668 4689 693 4754 l;
712 4692 887 4742 adnotandum
900 4691 925 4742 4.
939 4691 963 4756 5,
982 4694 1172 4744 euadnotatnrn
1186 4711 1252 4744 corr.
1266 4693 1290 4745 5.
1362 4695 1386 4752 cl
1405 4710 1466 4744 vero
1484 4694 1546 4746 odd.
1559 4693 1583 4744 4.
1654 4695 1682 4751 dl
1700 4711 1731 4746 eo
1744 4691 1820 4758 3-5,
1835 4693 1979 4762 Kultpsler;
1998 4696 2025 4746 in
2038 4713 2069 4748 eo
2096 4716 2123 4755 ω

435 4794 563 4845 ruperaer.
583 4793 653 4829 mou.
673 4777 717 4830 alt.
735 4775 760 4828 4.
853 4775 878 4842 e)
897 4779 924 4828 iu
943 4779 1005 4830 add.
1023 4777 1047 4830 3.
1130 4783 1153 4844 Ι)
1173 4798 1221 4831 our.
1240 4778 1264 4830 2.
1351 4779 1380 4848 g)
1399 4782 1468 4831 XIII.
1484 4783 1612 4847 praemitt.
1627 4780 1649 4832 7.
1733 4779 1760 4848 h)
1779 4783 1805 4832 in
1824 4783 2069 4836 consacratione...

434 4866 559 4917 rationem
578 4861 684 4928 (ptos,
703 4864 749 4915 lin.
762 4862 804 4930 18)
818 4865 869 4916 cles.
883 4866 917 4916 ιἰι.
931 4863 956 4930 6,
976 4865 1074 4917 duobus
1086 4867 1163 4934 foliis
1175 4867 1272 4919 esuris.
1349 4866 1368 4930 i)
1387 4869 1470 4918 Xllll.
1483 4865 1646 4933 praemitti.
1725 4866 1753 4929 k)
1773 4870 2031 4920 communicationem
2045 4868 2069 4921 7.

432 4953 453 5016 1)
473 4953 528 5003 XV.
544 4947 711 5017 praemitti.
809 4951 844 5012 ιιι)
863 4950 1009 5017 praesuli.
1106 4952 1133 5012 n)
1152 4953 1186 5004 sd
1204 4953 1267 5020 disp.
1287 4970 1401 5020 praepar.
1414 4950 1437 5004 7.
1525 4951 1551 5017 ο)
1570 4955 1773 5020 dispendendum
1792 4951 1816 5004 7.
1835 4951 1859 5005 8.
1952 4953 1980 5022 p)
1999 4957 2069 5008 XVI.

428 5033 602 5104 praemiet.
686 5033 713 5102 q)
732 5053 780 5088 om.
799 5034 823 5100 4,
841 5053 967 5102 superscr.
987 5036 1010 5089 5.
1088 5037 1110 5098 r)
1131 5055 1177 5088 om.
1197 5037 1221 5089 8.
1307 5037 1330 5102 ι)
1349 5039 1486 5090 ereduntur
1503 5036 1527 5090 4.
1546 5037 1571 5089 5.
1647 5041 1668 5105 ι)
1686 5041 1778 5091 volunt
1794 5037 1818 5089 4.
1837 5037 1862 5090 5.
1937 5041 1966 5104 u)
1985 5037 2101 5093 xvir

431 5123 560 5189 praemitt.
575 5120 597 5172 7,
687 5119 715 5188 v)
734 5123 847 5174 obmittit
863 5121 886 5173 4.
901 5121 924 5172 5.
1012 5121 1047 5188 w)
1066 5141 1113 5176 om.
1133 5121 1157 5175 2.
1172 5121 1194 5174 l.
1209 5121 1233 5188 8,
1252 5123 1390 5192 Krrh'pfler.
1479 5124 1508 5190 x)
1526 5143 1574 5178 cos.
1589 5123 1612 5175 7.
2096 5141 2122 5180 tt

536 5257 579 5322 5¹1)
593 5256 652 5309 Lib.
660 5256 797 5326 pontifil,
805 5273 835 5325 p.
843 5257 901 5324 417,
915 5257 1001 5326 5194.
1071 5259 1116 5324 58)
1132 5258 1414 5326 remeatremeat
1426 5259 1591 5326 Decentium,
1606 5260 1701 5313 Mauri
1712 5258 1772 5327 III,
1781 5260 1826 5313 col.
1840 5259 1915 5324 1019,
1925 5275 1947 5314 c.
1960 5261 1982 5326 1,
1992 5261 2071 5328 Jaffs

433 5362 450 5416 l.
463 5377 483 5414 c.
501 5360 542 5428 ΙΙ,
561 5377 604 5414 ur.
617 5362 676 5416 311.
747 5363 792 5432 59)
812 5361 925 5416 Rectius
937 5362 1114 5418 LXXXIV.
1185 5365 1230 5430 60)
1249 5363 1310 5417 Lib.
1320 5364 1457 5432 pontifil,
1473 5383 1503 5434 p.
1516 5365 1575 5428 316,
1594 5364 1685 5432 §163:
1705 5363 1758 5417 Hic
1770 5362 1879 5428 statuit,
1897 5366 1931 5418 ut
1942 5365 2070 5433 tempore

434 5465 631 5521 contractionis
650 5466 783 5521 dominici
803 5464 925 5535 corporis
944 5471 1042 5536 ‘agnus
1055 5467 1114 5532 Dei,
1134 5467 1182 5536 qui
1202 5467 1279 5523 tollis
1292 5471 1408 5537 peccota
1425 5467 1532 5532 mundi,
1550 5467 1681 5522 miserere
1694 5467 1782 5521 nobis*
1801 5485 1818 5520 a
1831 5467 1904 5521 clero
1923 5469 1952 5522 et
1964 5469 2070 5537 populo

433 5568 605 5624 decantetur.
676 5571 721 5634 61)
735 5569 826 5638 Supra
835 5587 864 5638 p.
875 5569 995 5638 493sqq,
1013 5587 1035 5624 c.
1048 5573 1088 5625 21.
1160 5573 1205 5638 62)
1225 5571 1284 5640 Quo
1300 5587 1333 5625 erc
1345 5587 1424 5640 opere
1439 5571 1589 5640 Augustini
1601 5572 1664 5624 haec
1675 5572 1752 5625 uerba
1763 5577 1873 5642 sumptu
1884 5571 1948 5638 aiut,
1966 5572 2070 5636 ucecia,-

433 5676 463 5727 s'u
482 5673 554 5741 epist.
568 5673 646 5727 LIV.
665 5672 702 5727 ud
715 5674 880 5727 Ianuarium
897 5673 1004 5741 directa,
1022 5679 1054 5726 ut
1071 5673 1136 5728 dicit
1151 5673 1284 5742 Kurlpller
1303 5674 1319 5727 l.
1331 5690 1352 5728 c.
1360 5691 1388 5742 p.
1400 5675 1443 5740 69,
1463 5689 1483 5728 c.
1494 5677 1518 5742 5,
1538 5679 1593 5728 uot.
1605 5676 1628 5741 1,
1647 5690 1703 5727 ucu
1716 5674 1849 5744 leyrustur.
1921 5675 1965 5739 63)
1987 5671 2068 5728 conc.
2098 5684 2124 5724 sc

437 5777 515 5832 Τοῖά.
531 5777 603 5846 XII,
621 5794 641 5832 c.
651 5780 676 5846 6,
696 5777 793 5831 Merui
811 5777 865 5845 XI,
881 5777 929 5832 col.
942 5778 1015 5831 1033.
