4568 6420
419 451 480 512 508
629 445 871 501 WAlanRlllUS
891 446 937 499 1111
959 445 1127 500 EXOltilllS
1146 446 1192 499 ΕΤ
1213 443 1461 498 lNGltBMllNTlS
1481 445 1562 499 llllli.
1585 445 1678 500 atuh.
1698 463 1721 499 a.
1731 449 1772 500 26.
1788 447 1830 500 27.

417 620 594 685 lectitando
611 621 678 683 suis
695 619 809 684 ciliciis
829 621 989 688 inserere;
1018 619 1102 704 quod
1120 621 1145 681 si
1163 619 1336 704 diligenter
1351 619 1512 696 advertas,
1535 619 1646 682 multis
1665 620 1917 705 scripturarum⁰
1940 619 2041 682 docu-

418 726 537 789 mentis
567 729 714 809 apparet.
765 723 919 788 Ordinem
955 729 1066 788 autem
1101 723 1284 787 cantilenae
1315 722 1437 786 diurnis
1467 742 1526 786 seu
1560 722 1726 786 nocturnis
1760 722 1847 785 horis
1883 721 2042 787 dicendae

420 828 536 893 beatus
560 825 737 912 Gregorius
762 827 907 913 plenaria
934 826 1078 890 creditur
1107 826 1309 891 ordinatione
1333 826 1548 905 distribuisse,
1580 825 1663 890 sicut
1687 833 1719 889 et
1743 847 1842 911 supra
1866 826 1905 890 de
1931 847 2040 891 sacra-

424 938 606 997 mentorum
631 930 772 994 diximus
796 922 925 1008 libr015,
955 952 1028 994 curn
1052 930 1144 994 multi
1168 935 1245 995 anta
1270 931 1338 995 sive
1366 936 1442 1015 post
1465 950 1540 994 eum
1564 931 1739 1006 orationes,
1769 931 1965 1014 antiphonas
1989 930 2042 994 vel

421 1035 627 1121 responsoria
651 1033 922 1120 composuerintd.
957 1035 1041 1098 Nam
1059 1041 1092 1098 at
1114 1034 1154 1097 de
1178 1035 1427 1119 antiphonarum
1450 1034 1656 1098 inchoatione
1681 1034 1831 1119 superius
1848 1025 2042 1104 diximus¹⁶;
2084 1055 2095 1091 a

420 1145 453 1202 et
476 1139 687 1222 responsoria
710 1137 771 1201 ab⁰
794 1135 905 1200 Italisi
927 1138 1066 1222 primum
1085 1138 1217 1201 inventa
1234 1137 1416 1218 traduntur,
1441 1138 1493 1201 vel
1511 1136 1683 1200 Ambrosio
1704 1135 1857 1199 videlicet
1880 1135 1933 1200 vel
1955 1135 2047 1199 aliis¹

421 1251 527 1304 nova*3
554 1240 735 1305 divinarum
764 1238 898 1304 laudum
927 1241 1192 1326 augmentatione
1223 1239 1466 1324 gaudentibusf.
1517 1239 1560 1303 Bt
1592 1240 1667 1324 quia
1699 1237 1870 1303 Gallicana
1903 1239 2046 1304 ecclesia

421 1345 495 1406 viris
518 1365 582 1408 non
605 1339 712 1408 minus
737 1344 944 1430 peritissimis
968 1342 1147 1408 instructah
1179 1364 1342 1407 sacromm
1368 1343 1545 1406 officiorum
1569 1343 1785 1405 instmmenta
1808 1341 1951 1406 habebat
1978 1363 2045 1406 non

424 1449 567 1528 minima,
591 1450 703 1513 exeis
727 1450 836 1534 aliqua
859 1447 1078 1512 Romanorum
1104 1448 1218 1512 officiis
1247 1449 1383 1511 inmixta
1406 1447 1566 1525 dicuntur,
1595 1464 1679 1529 quae
1703 1444 1852 1530 plerique
1877 1452 1910 1510 et
1932 1446 2044 1510 verbis

421 1559 454 1615 et
478 1573 557 1615 sono
587 1573 622 1616 ae
651 1553 813 1616 aceteris
844 1553 993 1617 cantibus
1017 1551 1204 1616 discernere
1235 1573 1330 1637 posse
1358 1549 1525 1614 latenturff.
1576 1548 1641 1613 Sed
1671 1549 1844 1634 privilegio
1873 1550 2042 1614 Romanae
2073 1579 2099 1616 ιο

420 1653 529 1718 sedis¹¹
553 1655 726 1720 observato
751 1662 784 1718 et
811 1656 1025 1740 congruentia
1049 1655 1245 1720 rationabili¹
1268 1655 1517 1741 dispositionum
1542 1653 1628 1739 apud
1658 1674 1731 1717 eam
1754 1652 1944 1718 factarumm
1966 1677 2042 1740 per-

359 1819 362 1826 .
422 1758 581 1822 suadente
617 1759 738 1823 lactum
773 1767 838 1839 est,
872 1766 909 1822 ut
941 1761 995 1823 in¹¹
1031 1760 1180 1824 omnibus
1217 1781 1324 1845 paene
1358 1759 1551 1823 Latinorum
1586 1757 1734 1822 ecclesiis
1771 1758 1974 1822 consuetudo
2010 1766 2045 1823 et

421 1861 643 1945 magisterium
667 1863 814 1927 eiusdem
845 1863 932 1927 sedis
955 1865 1176 1948 praevaleret,
1209 1865 1284 1948 quia
1314 1885 1379 1927 non
1406 1869 1457 1928 est
1485 1863 1550 1926 alia
1579 1860 1711 1925 traditio
1741 1882 1845 1946 aeque
1876 1862 2045 1947 sequenda

422 1965 473 2028 rel
497 1965 529 2028 in
553 1965 629 2029 fidei
659 1966 773 2050 regula
797 1967 848 2030 vel
878 1967 911 2030 in
939 1966 1204 2031 observationum
1233 1967 1389 2031 doctrina.
1434 1965 1495 2029 Bst
1519 1967 1616 2029 etiam
1647 1965 1721 2028 ille⁰
1753 1963 1831 2028 ordo
1864 1965 2045 2029 officiorum

421 2068 603 2146 laudabilis,
628 2090 724 2155 quem
747 2071 864 2135 beatus
887 2076 981 2155 pater
1003 2070 1204 2135 Benedictus
1228 2069 1395 2134 monachis
1419 2069 1587 2132 constituit
1610 2059 1894 2146 observandumff,
1917 2069 2045 2134 scilicet
2074 2097 2099 2135 ιι

421 2180 467 2251 ut,
492 2173 546 2256 qui
569 2174 757 2259 proposito¹³
781 2195 799 2237 a
823 2175 940 2238 ceteris
964 2174 1202 2253 discernuntur,
1233 2175 1331 2238 etiam
1361 2174 1557 2237 continuaeq
1581 2171 1766 2235 servitutisr
1793 2191 1895 2256 penso
1924 2171 2046 2257 aliquid

425 2277 564 2362 amplius
596 2277 716 2341 ceteris
747 2278 934 2361 persolvere
964 2277 1127 2343 studeant.
1172 2275 1278 2349 Quam
1311 2277 1557 2362 dispositionem
1581 2274 1653 2338 ideo
1683 2296 1703 2337 a
1725 2274 1909 2358 pastoribus
1938 2277 2046 2341 eccle-

424 2379 544 2444 siarum
567 2401 631 2444 non
654 2380 806 2446 interdici
823 2389 986 2468 putamus,
1011 2383 1085 2466 quia
1109 2389 1143 2446 et
1158 2382 1264 2445 vicina
1287 2388 1338 2446 est
1361 2379 1546 2444 auctoritati
1570 2378 1749 2456 Romanae,
1774 2380 1905 2462 etquis
1929 2379 2047 2444 beatus

424 2480 604 2567 Gregorius
621 2485 720 2548 vitam
744 2485 887 2569 egregii·
911 2486 1012 2570 patris
1028 2484 1200 2549 Benedicti
1223 2484 1414 2549 describens
1430 2484 1578 2568 regulam
1602 2481 1643 2545 ab
1661 2479 1793 2545 eodemt
1818 2484 2045 2568 conscriptam,

423 2586 456 2648 in
488 2607 551 2671 qua
583 2588 668 2651 idem
702 2589 881 2653 officiorum
917 2589 995 2653 ordo
1030 2589 1183 2668 babetur,
1219 2589 1418 2653 conlaudans
1430 2579 1458 2626 1⁸
1493 2607 1552 2651 aus
1583 2586 1777 2650 auctoritate
1808 2586 1939 2650 statutis
1972 2588 2044 2651 eius
2072 2611 2101 2651 so

423 2689 556 2754 favereu
579 2691 717 2757 videtur.
763 2691 846 2756 Sunt
879 2699 1003 2771 tamen,
1036 2693 1106 2777 qui,
1136 2693 1247 2757 nescio
1274 2712 1338 2776 qua
1367 2689 1647 2777 praesumptione,
1679 2710 1743 2751 non
1775 2709 1814 2753 ea
1838 2688 1938 2753 velint
1968 2711 2047 2754 con-

424 2795 592 2859 stitutione
617 2797 673 2875 uti,
698 2797 845 2861 volentes
868 2798 1031 2883 pigritiam
1049 2797 1100 2861 vel
1124 2797 1371 2882 protervitatem
1395 2815 1486 2858 suam
1509 2793 1564 2856 illo
1586 2811 1745 2856 excusare
1769 2792 1938 2877 permissu,
1963 2806 2050 2879 quo'

425 2898 650 2963 sanctissimus
674 2901 722 2963 vir
751 2921 810 2986 per
833 2900 1023 2964 humilitatis
1052 2921 1131 2963 suae
1164 2899 1420 2984 magnitudinem
1445 2896 1573 2960 videtur
1601 2895 1781 2960 concedere
1793 2887 1831 2973 ¹9,
1864 2903 1909 2976 ut,
1937 2898 1965 2960 si
1995 2899 2049 2962 oui

426 2999 629 3086 displicuerit
651 3003 838 3067 distributio
862 3005 946 3082 eius,
977 3023 1073 3088 quam
1096 3003 1213 3079 feriar,
1244 3002 1381 3078 ordinet,
1414 3002 1440 3064 si
1465 3001 1559 3064 aliter
1581 2998 1697 3061 melius
1721 2997 1924 3078 iudicaverit,
1955 3001 2048 3085 quasi

426 3104 570 3188 aliquid¹
599 3106 716 3170 melius
739 3107 885 3192 possintr
911 3111 944 3170 et
973 3127 1031 3170 suc
1056 3105 1159 3169 ordini
1184 3106 1416 3191 congruentius
1445 3103 1601 3180 invenire,
1631 3121 1727 3185 quam
1750 3101 1815 3180 ille,
1845 3101 1898 3185 qui
1931 3101 2047 3188 spiritu
2075 3127 2102 3166 ss

427 3209 569 3270 omnium
603 3214 788 3273 sanctorum
819 3208 937 3272 dicitur
968 3208 1085 3294 plenus
1114 3209 1226 3272 fuisse.
1276 3207 1445 3271 Psalmos¹
1475 3211 1585 3270 autem
1622 3225 1694 3267 cum
1725 3204 1923 3269 secundum·
1954 3205 2050 3269 LXX

424 3310 619 3396 interpretes
641 3312 782 3376 Romani
814 3311 919 3376 adhuc
950 3312 1105 3392 habeant,
1136 3311 1224 3376 Galli
1255 3319 1288 3377 et
1312 3311 1548 3376 Germanorum
1577 3308 1676 3393 aliqui
1708 3308 1906 3373 secunduml’
1936 3331 2048 3374 emen-

424 3413 598 3495 dationem,
616 3435 712 3500 quam
729 3414 940 3478 Hieronimus
957 3414 1147 3500 presbyter⁰
1162 3412 1202 3478 de
1218 3413 1312 3478 LXX
1329 3414 1473 3478 editione
1490 3413 1681 3499 composuit,
1697 3413 1887 3497 psalterium
1903 3420 2048 3495 cantant,

424 3537 521 3600 quam
544 3516 724 3602 Gregorius
747 3517 947 3582 Turonensis
971 3519 1143 3604 episcopus
1173 3538 1192 3581 a
1219 3517 1366 3602 partibus
1389 3516 1546 3581 Romanis
1577 3515 1776 3580 mutuatami
1804 3517 1835 3579 in
1867 3516 2048 3582 Galliarum

426 3618 545 3683 dicitur
568 3621 727 3684 ecclesias
751 3611 1001 3685 transtulisse²⁰.
1035 3619 1246 3684 Cantilenaee
1270 3639 1346 3683 vero
1369 3619 1599 3705 perfectiorem
1624 3616 1816 3696 scientiam‘,
1841 3639 1937 3704 quarn
1961 3621 2047 3684 iam⁸
2074 3641 2102 3681 sa

427 3742 511 3806 pene
535 3730 604 3786 tota
619 3722 759 3788 Francia
782 3724 897 3808 diligit,
922 3724 1109 3810 Stephanus
1132 3715 1264 3810 papa²¹,
1288 3746 1361 3788 oum
1386 3724 1425 3788 ad
1443 3724 1638 3811 Pippinumh
1661 3731 1786 3808 patrem
1803 3722 1918 3787 Kar-oli
1936 3723 2047 3809 Magni

424 3827 643 3910 imperatoris¹
666 3828 699 3890 in
716 3827 904 3892 E'rantiamlt
926 3849 982 3913 pro
1006 3829 1129 3892 iustitia
1152 3829 1255 3892 sancti
1271 3828 1360 3893 Petri
1384 3825 1660 3912 aLangobardis¹
1684 3826 1871 3912 expetenda
1892 3829 2047 3909 venisset,

425 3950 485 4014 per
508 3951 584 3994 suos
609 3930 745 3994 clericos
774 3938 906 4017 petente
930 3931 1044 3997 eodem
1068 3930 1231 4017 Pippinoh
1261 3933 1396 4012 invexit,
1427 3930 1568 4015 indeque
1592 3951 1670 3994 usus
1695 3930 1765 3993 eius
1796 3930 1892 4014 longe
1916 3930 2048 4015 lateque

427 4034 600 4099 convaluit.
736 4037 743 4050 ‘
1377 4053 1378 4056 ’

535 4141 613 4206 27¹³.
658 4138 710 4204 De
734 4139 918 4226 baptismon
938 4139 1036 4204 etiam
1060 4139 1199 4204 dicendo
1222 4146 1297 4204 sunt
1319 4140 1438 4224 aliqua,
1465 4136 1551 4225 quod
1574 4135 1824 4221 praefiguratum
1848 4137 1882 4200 in
1906 4139 2046 4203 transitu
2077 4165 2102 4204 aa

424 4241 523 4305 maris
565 4241 652 4306 rubri
689 4245 740 4307 vel
778 4243 928 4307 Iordanis
963 4243 1151 4322 manifeste,
1194 4244 1351 4306 secretius
1393 4248 1503 4306 autem
1546 4241 1618 4304 aliis
1660 4239 1770 4303 multis
1805 4239 1917 4324 liguris
1953 4263 2049 4326 prae-

425 4343 607 4428 signatum⁰
631 4347 848 4430 cognoscitur.
894 4344 968 4409 Hoc
991 4345 1156 4410 Iohannes
1179 4348 1303 4432 primus
1331 4347 1421 4409 initio
1451 4365 1566 4409 novae·
1583 4344 1706 4428 gratiae
1736 4341 1777 4406 ad
1806 4340 1903 4406 fidem
1929 4341 2050 4410 Ghristi

528 4496 554 4565 c)
573 4516 620 4550 ern.
641 4497 665 4550 2.
740 4501 766 4564 d)
785 4508 984 4569 composuerunt
1000 4497 1025 4552 4.
1039 4500 1063 4566 5,
1082 4517 1148 4552 corr.
1163 4517 1232 4551 moa.
1245 4501 1290 4550 att.
1309 4501 1500 4567 composuerint
1517 4499 1541 4550 4.
1611 4498 1636 4564 a)
1654 4500 1743 4550 habita
1760 4497 1791 4550 ul
1809 4498 1833 4551 5.
1910 4499 1933 4565 l)
1951 4501 2049 4554 alii...

424 4587 547 4652 gaudenti
565 4585 589 4638 3.
676 4589 704 4654 g)
723 4605 774 4640 non
792 4589 845 4640 ism
862 4586 886 4640 4.
906 4587 930 4654 5,
949 4606 1015 4639 corr.
1034 4605 1103 4638 man.
1124 4589 1169 4638 alt.
1188 4605 1257 4640 nora
1275 4585 1299 4638 4.
1387 4588 1414 4653 1ι)
1432 4588 1459 4638 ia
1477 4604 1558 4652 marg.
1578 4602 1648 4636 man.
1666 4587 1711 4636 alt.
1730 4585 1815 4651 suppl.
1834 4583 1859 4636 4.
1947 4587 1967 4650 1)
1987 4587 2050 4639 iate·

425 4681 503 4724 antur
521 4669 545 4723 3.
625 4673 653 4736 1ι)
672 4673 738 4740 legis
757 4690 882 4739 rupersor.
900 4692 969 4726 mars.
989 4675 1033 4724 alt.
1052 4675 1119 4726 sedis
1137 4672 1162 4725 4.
1241 4673 1260 4737 1)
1279 4674 1470 4726 rationabilium
1488 4691 1554 4724 cm.
1573 4689 1643 4722 mon.
1663 4672 1707 4723 alr.
1726 4670 1751 4723 5.
1833 4671 1868 4732 ιιι)
1887 4689 1900 4723 a
1918 4674 2048 4725 iacturum
2076 4689 2104 4728 tu

425 4776 492 4810 corr.
511 4775 580 4810 mon.
600 4758 644 4809 alt.
663 4757 687 4810 4.
758 4759 786 4822 ιι)
805 4778 853 4812 om.
872 4759 897 4813 4.
916 4760 940 4812 5.
1016 4759 1042 4824 ο)
1061 4762 1122 4812 ordo
1140 4761 1184 4812 ills
1203 4761 1307 4813 laudab.
1326 4759 1350 4811 2.
1421 4758 1448 4828 p)
1467 4760 1588 4826 propositi
1606 4775 1673 4808 corr.
1691 4775 1761 4809 man.
1780 4758 1826 4808 alt.
1845 4757 1869 4809 5.
1945 4759 1971 4826 q)
1990 4776 2050 4811 con·

424 4845 498 4895 tinuo
517 4844 540 4896 5.
619 4843 642 4908 r)
661 4845 688 4894 in
706 4845 770 4896 add.
787 4863 858 4898 maa.
877 4846 921 4896 alt.
940 4845 964 4899 5.
1047 4844 1069 4913 s)
1088 4848 1190 4914 egregie
1210 4845 1234 4898 3.
1317 4846 1338 4911 t)
1357 4863 1386 4898 so
1404 4845 1433 4910 3;
1452 4846 1625 4912 conscriptum
1645 4843 1667 4896 l.
1750 4843 1778 4908 u)
1798 4844 1900 4895 videtur
1918 4847 2005 4897 farere
2024 4844 2049 4897 2.

425 4931 452 4997 ι)
470 4948 547 4997 quam
565 4930 590 4984 2,
672 4930 707 4996 w)
725 4933 880 4999 psalmorum
898 4934 961 4986 add.
979 4933 1004 4997 3,
1022 4934 1163 5002 Kadpfler.
1241 4932 1269 5001 x)
1287 4934 1393 5000 aliquod
1410 4930 1438 4992 2;
1457 4932 1562 4999 quidam
1580 4930 1604 4982 3.
1679 4931 1707 4998 y)
1727 4935 1806 4997 possit
1823 4930 1846 4981 4.
1866 4931 1896 4993 53
1915 4939 1941 4982 et
1958 4949 2007 4983 om.
2025 4931 2051 4984 3.

425 5019 450 5084 a)
471 5021 509 5070 Da
527 5019 632 5086 psalmis
650 5019 722 5070 rubr.
740 5019 769 5068 in
785 5036 868 5086 marg.
887 5018 912 5070 2.
1000 5017 1026 5088 a)
1045 5039 1093 5075 om.
1112 5021 1137 5074 2.
1224 5021 1253 5086 b)
1271 5038 1397 5088 rupersor.
1417 5020 1440 5071 1.
1528 5017 1552 5084 a)
1571 5013 1644 5085 pater
1661 5013 1702 5072 3.,
1779 5019 1806 5082 (1)
1824 5025 2006 5070 ammutustam
2025 5019 2051 5071 5.

425 5102 449 5172 a)
468 5107 506 5156 Da
524 5106 654 5157 cantilena
672 5105 743 5156 rubr.
761 5106 797 5156 ia.
816 5123 899 5173 marg.
918 5105 942 5157 2.
1018 5108 1042 5169 1)
1062 5109 1215 5160 sarmatiam
1233 5106 1256 5159 4
1274 5105 1299 5158 5.
1377 5107 1405 5175 g)
1423 5122 1488 5173 pene
1505 5107 1556 5156 iam
1574 5101 1599 5156 3.
1678 5104 1706 5167 h)
1724 5105 1853 5172 Pipinurn,
1871 5104 1963 5172 Pipino
1981 5101 2006 5157 3.
2026 5105 2051 5156 4.
2077 5117 2103 5156 ts

424 5188 443 5252 ἰ)
461 5192 577 5258 inprimis
589 5189 613 5243 3.
683 5191 713 5258 k)
731 5193 867 5244 runcum
881 5189 957 5244 3-5‚
1028 5191 1048 5257 l)
1067 5194 1245 5262 Longobardis
1263 5190 1287 5244 3.
1300 5192 1324 5244 5.
1395 5194 1430 5256 m)
1448 5187 1621 5254 XXV1.3.5,
1640 5187 1870 5242 corr.xxv11.5.
1941 5187 1970 5256 n)
1989 5193 2051 5258 bap·

425 5277 522 5329 tissimo
542 5276 565 5328 1.
653 5277 678 5342 ο)
698 5279 902 5345 praefiguratum
921 5275 945 5330 3.

531 5410 972 5483 lh)Saprap.500,lia.16sqq.
1068 5415 1111 5483 16)
1130 5413 1221 5482 Supra
1235 5415 1333 5482 pler,
1352 5414 1399 5468 lin.
1414 5414 1506 5480 ltsqq.
1600 5411 1644 5476 17)
1665 5409 1727 5478 Bep.
1747 5408 1887 5464 Benedicti
1903 5409 1977 5474 cta,
1996 5409 2013 5464 1.
2031 5425 2052 5463 o.

420 5515 551 5584 p.84*lsq.
622 5515 665 5582 18)
687 5514 740 5582 Cir.
759 5515 878 5585 Gregorii
890 5517 1055 5588 Dialc9.II,
1073 5533 1094 5572 c.
1105 5515 1147 5584 36,
1169 5515 1257 5586 Opera
1270 5516 1310 5585 11,
1328 5517 1374 5572 ool.
1385 5517 1445 5570 272.
1516 5514 1560 5581 19)
1575 5513 1637 5581 Rep.
1652 5512 1785 5566 Beacdrm
1801 5529 1822 5568 c.
1836 5513 1874 5578 18,
1888 5513 1904 5566 1.
1918 5529 1938 5566 c.
1948 5529 1975 5580 p.
1987 5513 2052 5568 318:

424 5619 470 5684 Ut,
490 5618 513 5673 si
531 5617 575 5672 cui
595 5619 664 5674 forts
677 5617 839 5674 distributio
857 5621 1026 5690 psalmorum
1044 5619 1226 5689 displicuerit,
1245 5619 1365 5684 ordinet,
1386 5620 1408 5673 si
1427 5618 1526 5674 melius
1544 5617 1629 5672 aliter
1646 5616 1821 5672 iudicaverit.
1909 5619 1955 5684 20)
1978 5615 2054 5672 Unda
2081 5638 2108 5678 aa

422 5723 607 5793 hacosumptu
625 5723 688 5790 sint,
708 5725 801 5778 casua
890 5724 935 5791 21)
956 5723 1010 5790 Ofr.
1033 5722 1093 5776 atu.
1109 5723 1365 5792 pontifihpdld
1384 5723 1471 5791 5241.
