4634 6436
544 427 792 484 CAPITULARIA
810 427 940 484 REGUM
957 427 1141 482 susumus
1159 427 1388 484 ORIENTALIS.
1407 459 1440 468 -
1460 428 1508 483 Nr.
1521 430 1579 484 246.
1819 432 1879 496 169

253 721 484 800 Oonventio,
517 742 615 807 quae
645 723 759 786 inter
787 722 992 806 gloriosos
1020 743 1149 807 reges,
1182 722 1461 787 Hludowicum
1486 722 1618 786 filium
1641 720 1783 787 Karoli
1811 723 1876 786 im·
1904 730 1964 786 878.

250 825 448 910 peratoris
486 825 658 909 itemque
698 824 976 889 Hludowioum
1014 825 1141 890 filium
1177 825 1398 890 Hiudowici
1435 827 1560 910 regis,
1605 826 1642 889 in
1675 826 1775 905 loco,
1814 826 1878 910 qui

137 975 138 978 ,
250 933 418 990 vocatur
440 920 653 1007 Furonis¹,
681 927 880 992 Kalendis
904 927 1160 1008 Novembris,
1191 930 1293 1014 ipsis
1324 934 1362 992 et
1385 928 1656 993 communibus
1679 927 1877 993 fidelibus

252 1031 428 1116 ipsorum
458 1031 690 1096 faventibus
722 1039 760 1098 et
792 1032 1160 1106 consentientibus,
1197 1033 1307 1120 facta
1337 1038 1418 1112 est,
1454 1053 1553 1096 anno
1583 1032 1876 1096 incarnationis

220 1133 475 1198 edominicae
514 1132 842 1216 Doocbxxvssm
887 1135 1107 1201 indictione
1145 1136 1229 1216 le,
1275 1136 1462 1202 dicente⁰
1507 1157 1599 1221 rege
1643 1135 1876 1214 illudowico

906 1241 1003 1306 filio
1036 1239 1221 1305 Karoli⁶:

354 1326 457 1439 Sicut
484 1377 570 1440 inter
598 1383 724 1462 patrem
757 1397 864 1441 meum
887 1375 1047 1441 Karolum
1079 1383 1112 1441 et
1138 1382 1266 1462 patrem
1295 1383 1439 1441 vestrum
1466 1375 1695 1441 Hludowicum
1718 1375 1875 1462 regnum‘l

249 1477 414 1543 Hlotharii
438 1477 596 1543 divisum⁹
618 1469 711 1557 tuit2,
734 1480 895 1556 volumus,
924 1486 960 1544 ut
982 1480 1028 1544 ita
1051 1481 1219 1546 consistat.
1264 1479 1357 1544 Etsi
1381 1479 1497 1564 aliquis
1522 1483 1706 1543 nostrorum
1730 1477 1875 1544 fidelium

250 1581 290 1646 de
313 1603 414 1667 regno
443 1583 531 1668 paris
560 1583 610 1646 sui
640 1603 682 1647 ex
706 1583 767 1648 hoc
791 1582 913 1669 aliquid
935 1585 1120 1669 purprisum
1144 1583 1253 1661 habet,
1278 1584 1370 1648 iussu
1394 1588 1504 1646 nostro
1529 1581 1608 1646 iilud
1626 1581 1778 1648 dimittat.
1822 1581 1874 1647 De

206 1704 232 1741 ιο
251 1706 352 1770 regno
376 1706 470 1766 vero,
501 1685 589 1771 quod
611 1685 825 1751 Hludowieus
855 1689 1030 1772 imperator
1051 1688 1168 1752 Italiae
1192 1679 1335 1767 habuit3,
1360 1686 1436 1770 quia
1459 1685 1598 1750 necdum
1621 1706 1662 1749 ex
1686 1685 1741 1749 ilio
1765 1687 1875 1770 aliqua

249 1788 366 1854 divisio
389 1789 477 1853 facta
500 1795 560 1870 est,
585 1791 781 1876 quicumque
804 1791 899 1856 modo
923 1791 1002 1855 illud
1027 1799 1127 1869 tenet,
1152 1792 1197 1855 ita
1221 1797 1343 1870 teneat,
1367 1788 1471 1852 donec
1495 1788 1633 1853 Domino
1657 1789 1787 1853 volente
1811 1789 1873 1853 ite-

249 1891 337 1957 rumr
357 1892 452 1957 simul
476 1884 666 1958 venientes⁴
690 1915 764 1958 cum
788 1895 1014 1960 communibus
1043 1894 1194 1960 fidelibus
1217 1895 1336 1958 nostris
1360 1892 1562 1957 inveniamus
1586 1898 1620 1956 et
1642 1890 1873 1972 diffiniamusss,

248 1995 347 2081 quide
375 2017 417 2061 ex
446 1997 508 2061 hoo
530 1998 646 2062 melius
671 2005 704 2062 et
726 1998 844 2063 iustius
868 1999 981 2064 nobis¹¹
1003 2000 1111 2063 visum
1134 1999 1241 2063 fuerit.
1285 1996 1337 2060 De
1359 2017 1462 2081 regno
1486 1992 1616 2060 autem1¹
1639 1993 1770 2075 Italiae,
1798 1994 1873 2078 quia

248 2099 344 2190 modo
373 2100 463 2164 nulla
491 2102 573 2165 ratio
603 2123 676 2166 esse
705 2109 831 2187 potest,
862 2124 975 2167 omnes
1005 2104 1124 2180 sciant,
1155 2103 1231 2186 quia
1253 2106 1379 2188 partem
1402 2106 1548 2163 nostram
1573 2096 1614 2161 de
1637 2096 1692 2160 illo
1716 2116 1816 2180 regno
1840 2103 1873 2159 et

204 2221 229 2259 1³
249 2202 477 2288 requisivimus
501 2208 533 2266 et
557 2204 751 2288 requirimus
775 2211 809 2270 et
831 2204 972 2270 Domino
997 2204 1177 2269 auxiliante
1201 2204 1419 2289 requiremus.

717 2375 800 2441 Ista
823 2377 1012 2462 sequenti
1031 2353 1097 2442 'die
1122 2381 1277 2441 statuta
1301 2380 1402 2439 sunt.

355 2493 433 2582 Cap.
460 2500 486 2562 1.
531 2497 594 2576 Ut,
624 2499 700 2583 quia
727 2498 862 2562 firmitas
893 2497 1055 2561 amicitiae
1084 2503 1116 2560 et
1139 2495 1376 2560 coniunctionis
1400 2501 1532 2559 nostrae
1558 2491 1653 2557 modo
1678 2491 1871 2577 quibusdam

246 2598 537 2684 praepedientibus
561 2601 668 2665 causis
693 2623 767 2666 esse
791 2605 855 2665 non
877 2602 992 2686 potuit,
1016 2621 1121 2686 usque
1145 2599 1188 2665 ad
1210 2599 1292 2664 illud
1313 2600 1487 2684 placitum,
1519 2617 1583 2682 quo
1614 2596 1709 2660 simul
1733 2602 1770 2660 ut
1793 2616 1871 2659 oon·

246 2703 416 2766 veniamus
446 2710 604 2769 statutum
633 2695 824 2786 habemus4,
855 2703 944 2770 talisi
968 2695 1132 2769 amicitia⁵
1155 2705 1240 2769 inter
1262 2725 1321 2768 nos
1345 2701 1502 2767 maneat*
1523 2700 1665 2766 Domino
1689 2700 1870 2764 auxiliante

202 2824 229 2863 ro
247 2797 319 2868 ‘de⁶
353 2804 451 2870 eorde
485 2828 566 2892 puro
601 2813 635 2870 et
664 2808 863 2872 conscientia
890 2807 978 2872 bona
1014 2814 1047 2871 et
1084 2806 1148 2871 fide
1181 2828 1244 2871 non
1272 2804 1371 2885 fiota’,
1394 2811 1431 2868 ut
1458 2826 1553 2870 nemo
1583 2825 1641 2869 suo
1664 2804 1736 2890 pari
1758 2804 1870 2882 vitam,

245 2927 382 2992 regnum
406 2913 463 2973 aut
485 2907 601 2974 fideles
625 2930 702 2973 suos
726 2910 777 2974 vel
800 2909 932 2996 aliquid,
956 2909 1043 2995 quod
1066 2909 1264 2974 adsalutem
1289 2908 1358 2973 sive
1378 2908 1630 2995 prosperitatem
1653 2928 1691 2971 ao
1714 2907 1870 2971 honorem

247 3011 341 3095 regni
364 3011 517 3096 pertinet,
542 3010 703 3099 discupiat
726 3020 782 3077 aut
804 3014 1033 3078 forsconsiliet.

354 3112 444 3200 Cap.l
467 3116 496 3178 2.
546 3113 606 3196 Ut,
635 3115 662 3178 si
691 3115 723 3179 in
756 3115 988 3201 cuiuscumque
1023 3120 1169 3180 nostrum
1197 3135 1298 3200 regno
1325 3113 1445 3201 pagani
1476 3115 1546 3178 sive
1576 3111 1872 3199 pseudochristiani

246 3217 496 3298 insurrexerint,
520 3211 761 3305 unusquisque?
777 3220 939 3284 veraciter
963 3240 1056 3283 suum
1074 3239 1197 3304 parem,
1220 3217 1416 3302 ubicumque
1439 3226 1604 3283 neeesse¹²¹
1627 3216 1697 3280 illi¹²
1718 3217 1815 3280 tuerit
1838 3222 1872 3280 et

204 3337 229 3377 ²⁵
248 3321 319 3406 ipse
348 3321 587 3386 rationabiliter
613 3322 771 3408 potuerit,
803 3329 859 3387 aut
886 3343 945 3408 per
972 3323 1185 3407 semetipsum
1213 3328 1270 3386 aut
1298 3342 1358 3407 per
1380 3342 1456 3385 suos
1479 3319 1594 3386 fideles
1618 3327 1652 3386 et
1674 3321 1813 3385 oonsilio
1837 3328 1871 3386 et

245 3426 380 3504 auxilio,
404 3433 500 3511 prout
522 3428 639 3492 meiius
662 3428 812 3513 potuerit,
837 3426 979 3492 adiuvet.

354 3529 433 3615 Cap.
457 3532 488 3596 3.
520 3528 582 3608 Ut,
611 3531 639 3594 si
669 3550 731 3614 ego
760 3530 855 3594 vobis
884 3535 1050 3615 superstes
1073 3528 1183 3608 suero,
1213 3528 1315 3594 filium
1339 3533 1484 3592 restrum
1507 3525 1740 3592 Hludowicum
1763 3525 1869 3592 adhuc

243 3634 413 3718 parvulum
438 3639 472 3696 et
493 3633 575 3698 alios
598 3633 682 3697 filios
698 3641 837 3712 vestros,
862 3653 943 3718 quos
959 3631 1118 3697 Dominus
1142 3632 1233 3696 robis
1262 3629 1447 3709 donaverit,
1478 3636 1514 3694 ut
1538 3649 1674 3715 regnum
1696 3634 1870 3716 paternum

245 3735 444 3801 hereditario
473 3736 544 3801 iure
574 3737 684 3822 quiete
708 3741 823 3801 tenere
846 3736 987 3822 possint,
1020 3741 1053 3800 et
1076 3735 1213 3800 consilio
1237 3741 1271 3800 et
1294 3734 1437 3814 auxilio,
1460 3740 1556 3819 prout
1578 3734 1695 3798 melius
1717 3741 1868 3820 potuero,

202 3855 227 3895 ³⁰
246 3830 439 3904 adiuvab07.
485 3836 521 3903 Si
544 3845 653 3903 autem
677 3859 735 3903 vos
758 3838 837 3903 mihi
863 3845 1053 3925 superstes⁰
1076 3838 1213 3917 fueritis,
1236 3837 1320 3903 filios
1341 3857 1431 3902 meos
1446 3836 1677 3901 Hludowicum
1700 3844 1734 3902 et
1749 3835 1869 3902 Karlo-

244 3963 399 4006 mannum
422 3941 570 4020 stadios,
594 3962 674 4025 quos
689 3940 801 4005 divina
816 3943 923 4028 pietas
947 3942 1025 4007 mihi
1047 3941 1168 4007 donare
1184 3943 1335 4022 voluerit,
1358 3947 1395 4004 ut
1410 3962 1548 4027 regnum
1563 3948 1735 4027 paternum
1759 3942 1868 4027 quiete

244 4051 358 4110 tenere
371 4044 506 4131 possint,
526 4043 675 4108 similiter
687 4049 720 4108 et
733 4045 870 4109 oonsilio
887 4051 921 4110 et
934 4045 1067 4124 auxilio,
1083 4052 1180 4131 prout
1191 4045 1308 4109 melius
1320 4044 1503 4131 potueritis,
1516 4043 1571 4109 ut‘
1586 4043 1747 4109 adiuvetis
1762 4044 1867 4130 rogos.

353 4143 433 4232 Oap.
456 4152 486 4212 4.
519 4140 596 4228 Uti,
629 4147 656 4211 si
686 4147 786 4233 aliqui
813 4169 1007 4213 susurrones
1037 4153 1069 4212 et
1091 4148 1294 4212 detractores
1317 4152 1366 4226 et,
1395 4148 1449 4234 qui
1472 4148 1545 4233 paci
1567 4153 1699 4212 nostrae
1722 4147 1869 4212 invident

244 4256 278 4315 et
301 4251 446 4337 quietum
469 4271 606 4337 regnum
630 4271 704 4316 esse
727 4271 791 4316 non
814 4251 997 4337 patiuntur,
1021 4253 1187 4317 internos
1210 4250 1286 4315 lites
1310 4256 1344 4315 et
1366 4251 1592 4316 contentiones
1620 4256 1719 4336 atque
1743 4249 1866 4315 discor-

201 4371 225 4412 ss
243 4353 315 4418 dias
338 4353 499 4418 seminare
515 4353 687 4435 voluerint,
711 4354 820 4418 nullus
836 4361 983 4419 nostrum
1006 4355 1068 4419 boo
1091 4355 1227 4439 recipiat
1249 4359 1306 4418 aut
1319 4353 1461 4419 libenter
1484 4344 1675 4439 acceptet⁸;
1699 4354 1761 4417 nisi
1784 4353 1868 4418 forte

243 4455 305 4520 hoo
337 4454 379 4520 ad
408 4457 569 4522 rationem
597 4477 707 4521 coram
735 4457 830 4522 nobis
859 4458 1007 4543 utrisque
1036 4462 1070 4522 et
1098 4456 1326 4522 communibus
1355 4456 1506 4522 fidelibus
1536 4457 1655 4522 nostris
1687 4456 1867 4542 perducere

345 4661 372 4724 a)
391 4659 434 4710 Ita
450 4677 519 4711 unus
536 4660 591 4712 cod.
606 4660 720 4713 Atrebas.
733 4661 878 4713 Annalium
889 4659 1003 4718 Bertin.‚·
1021 4664 1096 4714 ceteri
1112 4671 1136 4714 ct
1153 4664 1235 4714 nostri
1252 4661 1276 4714 2.
1287 4661 1317 4714 3:
1336 4663 1542 4715 DCCCLXXIX.
1607 4661 1635 4726 b)
1654 4662 1713 4712 1111.
1731 4658 1761 4725 2;
1779 4663 1822 4713 Vl.
1842 4659 1866 4713 3.

242 4745 266 4810 e)
284 4746 385 4798 dicente
464 4747 553 4798 Knroli
571 4763 620 4798 ont.
638 4744 662 4797 2.
675 4746 700 4798 3.
781 4746 808 4816 d)
826 4749 900 4816 regni
918 4745 943 4799 2.
1024 4747 1049 4815 e)
1068 4749 1159 4800 divisio
1179 4746 1203 4800 2.
1285 4746 1310 4817 1)
1329 4745 1457 4800 01123.
1538 4747 1565 4815 g)
1583 4748 1737 4800 definiamus
1755 4748 1824 4812 quod
1841 4745 1866 4800 2.

242 4830 270 4896 h)
288 4849 337 4884 cm.
356 4829 381 4882 2.
485 4831 505 4896 1)
523 4833 592 4884 enim
609 4831 673 4882 cdd.
692 4831 715 4883 l.
820 4832 850 4897 k)
868 4834 984 4885 manebit
999 4835 1021 4885 1.
1125 4833 1145 4899 l)
1163 4835 1226 4901 Cap.
1244 4833 1285 4885 bic
1303 4843 1326 4886 et
1342 4835 1417 4898 infre
1434 4851 1483 4885 om.
1501 4829 1527 4884 2.
1631 4831 1667 4898 m)
1685 4833 1825 4885 necessitas
1842 4830 1866 4885 2.

201 4923 226 4964 1ο
243 4916 271 4982 n)
289 4935 338 4970 cnr.
357 4917 381 4969 1.
467 4917 493 4983 o)
511 4918 660 4984 superstites
680 4914 704 4969 2.

345 5088 373 5154 1)
392 5085 521 5154 Ferarum
538 5087 606 5141 atus
624 5087 662 5140 ad
676 5087 743 5154 fines
755 5087 909 5156 Brlqicrum
922 5103 1006 5158 prope
1022 5087 1061 5142 cd
1072 5090 1174 5157 Aquas.
1268 5090 1296 5159 2)
1315 5088 1448 5142 Marsuae
1464 5089 1570 5156 α.8’10,·
1593 5089 1641 5156 qe.
1657 5089 1736 5157 infra
1751 5107 1793 5145 ar.
1806 5092 1867 5148 251.

242 5187 269 5256 3)
287 5186 341 5242 Se:
361 5187 530 5243 Prometiam
546 5195 571 5244 st
589 5189 794 5259 Brcrqundium
814 5193 865 5258 cfr.
884 5191 1032 5260 Domata,
1053 5190 1190 5258 Ostsrciuis.
1210 5191 1291 5247 Ra'dr
1308 5193 1363 5247 111
1363 5196 1382 5260 ¹,
1396 5209 1425 5262 p.
1438 5193 1473 5248 93
1490 5209 1527 5262 sq.
1622 5194 1649 5260 4)
1668 5194 1743 5248 Arm.
1762 5193 1865 5250 Bertisr.

241 5291 259 5346 1.
275 5307 310 5348 c:
337 5293 522 5348 condixerunt
548 5294 683 5364 placitum
709 5296 903 5366 purificatione
930 5299 1044 5352 sanctae
1067 5296 1173 5351 Mariae
1198 5299 1234 5363 (6.
1255 5295 1355 5366 Febr),
1382 5300 1416 5352 ut
1441 5295 1525 5352 simul
1551 5296 1652 5352 iterum
1676 5297 1866 5363 convenirent,

242 5395 433 5462 illudowious,
453 5397 546 5453 Karoli
565 5399 653 5464 filius,
677 5399 713 5454 sd
730 5401 862 5456 Gundulfi
880 5401 977 5455 villam
998 5403 1027 5455 et
1040 5400 1234 5465 Hludowicus,
1252 5399 1410 5456 illudowici
1428 5399 1515 5466 filius,
1539 5399 1612 5464 circs
1630 5399 1748 5455 cundem
1766 5401 1866 5456 locum.

201 5498 807 5572 seb)0sr.00rro.ap.d1crsaam11.851,
835 5521 920 5574 supro
937 5523 968 5577 p.
982 5507 1028 5572 12,
1052 5521 1073 5560 c.
1091 5507 1121 5574 2,
1149 5505 1228 5560 cuius
1249 5506 1326 5560 caba
1347 5505 1411 5560 inde
1432 5505 1465 5559 ct
1483 5504 1518 5558 de
1535 5503 1617 5560 eorde
1636 5521 1706 5574 puro
1728 5521 1812 5574 usqroe
1828 5505 1868 5560 cd

242 5602 322 5668 finem
334 5604 433 5672 paucis
450 5610 556 5660 tautum
572 5608 682 5662 mamre
698 5607 740 5663 bic
755 5614 922 5678 repetrmtur.
1009 5613 1037 5678 6)
1057 5612 1080 5665 l.
1097 5609 1211 5665 Timore.
1225 5612 1249 5678 1,
1261 5613 1286 5667 5.
1376 5610 1403 5678 7)
1424 5609 1480 5676 Gfr.
1499 5607 1576 5663 Cone.
1598 5624 1642 5676 ap.
1663 5607 1806 5662 Marsuam
1824 5609 1865 5664 IL

241 5705 301 5774 851,
319 5706 336 5762 1.
349 5723 380 5774 c,
398 5722 419 5761 c.
429 5708 455 5762 3.
558 5709 587 5776 8)
609 5709 664 5776 Osr.
682 5728 769 5781 cupra
781 5730 812 5783 p.
826 5713 884 5776 166,
903 5728 924 5767 c.
936 5713 961 5768 5.

344 5818 382 5857 cc.
401 5818 569 5858 csrrrussnu
581 5819 607 5859 n.
1626 5805 1660 5860 22
