4568 6434
437 451 497 512 22⁶2
554 446 818 502 ADDl'l'AMEN'l'A
839 446 886 500 Al)
905 444 1148 500 llllPlTULAltlA
1169 443 1294 497 Rncnu
1315 444 1497 499 l'ltartuluts
1516 443 1744 500 OlllllN'IAIslS.
1761 475 1794 485 -
1814 445 1933 503 Nu‘en‘e.

356 627 415 682 895.
435 642 562 706 cunque
580 620 716 685 facultas
733 642 840 686 rerum
864 628 898 685 et
914 619 1115 706 oportunitas
1135 626 1216 681 tem·
1271 618 1297 681 si
1320 619 1391 684 fieri
1416 625 1533 704 potest,
1556 619 1806 684 determinatum
1824 628 1883 686 est.
1928 622 2054 695 Quodsi

434 746 548 810 porum
581 732 748 811 suppetat,
782 725 983 811 sepulturam
1014 721 1218 787 morientium
1272 725 1368 802 noui,
1392 722 1433 787 ad
1457 723 1596 788 eandem
1620 723 1807 802 ecclesiam,
1833 725 1888 789 ubi
1911 725 2052 793 decima-

433 827 518 915 opud
549 829 738 906 ecclesiam,
773 828 828 893 ubi
858 827 952 892 sodes
984 833 1035 890 est
1062 826 1217 912 episcopi,
1270 828 1392 891 tionem
1408 827 1616 914 persolvebat
1632 828 1754 906 vivens,
1778 828 1828 892 vel
1850 829 1904 893 ubi
1921 834 2053 897 canoni-

433 932 600 996 celebrari.
655 931 689 996 Si
713 938 822 996 eutem
854 931 915 995 hoc
940 937 1071 1017 propter
1094 930 1217 993 itineris
1271 951 1381 994 corum
1420 951 1479 994 seu
1521 930 1750 995 monachorum
1790 931 1839 996 vel
1878 937 2052 1000 sanctimo-

432 1037 702 1121 longinquitotem
741 1043 798 1100 aut
837 1033 1039 1098 adiacentem
1077 1033 1213 1098 alieuius
1268 1035 1400 1100 niclium
1432 1040 1543 1098 renota
1572 1034 1782 1118 congregatio
1814 1035 1933 1120 degite,
1966 1061 2050 1104 mor·
2084 1064 2096 1102 s

431 1140 697 1225 inoportunitatis
746 1138 969 1203 difficultatem
1023 1136 1214 1222 inpossibile
1268 1135 1364 1201 tuusd
1381 1134 1595 1220 sepeliatur‘13
1613 1129 1703 1200 siue3
1723 1138 1850 1224 aliqno⁰
1867 1147 1976 1206 temen
1994 1165 2051 1207 ex-

432 1242 611 1324 vineatore,
643 1248 797 1328 expectet
820 1263 894 1305 euru
917 1248 1005 1305 terre
1028 1241 1216 1326 sepulturae
1269 1241 1399 1305 actione
1429 1239 1530 1325 precii
1555 1241 1767 1324 sepulturee¹,
1799 1243 1860 1307 uisi
1889 1244 1973 1310 lorte
1995 1268 2052 1332 pa·

432 1368 525 1427 suae,
558 1367 620 1432 quo
645 1346 872 1411 canonicorum
903 1352 960 1408 sut
984 1343 1216 1409 monachorum
1270 1350 1379 1408 rentes
1408 1342 1553 1407 deluuoti
1586 1343 1656 1406 loco
1689 1345 1850 1410 ecclesiae
1881 1349 2054 1414 maluerint

432 1452 500 1514 sive
524 1449 846 1516 sanctaenrouielium
871 1445 1081 1533 congregatio
1102 1453 1217 1510 sancta
1269 1445 1392 1532 aliquid
1416 1445 1594 1510 conferre*.

432 1556 647 1619 communiter
678 1553 790 1638 degat,
822 1561 859 1616 ut
882 1573 994 1617 eorum
1017 1549 1216 1614 orationibus
1295 1602 1318 1665 ,)
1338 1602 1440 1653 Amor
1459 1599 1594 1654 Condat.
1615 1601 1763 1668 capitulum
1780 1603 1811 1655 in
1829 1603 1900 1658 ,m
1916 1605 2053 1660 mm
2073 1628 2099 1665 ω

430 1658 526 1722 iudici
558 1678 616 1722 suo
648 1656 890 1722 commendatus
925 1660 1073 1720 occurrat
1103 1659 1136 1717 ct
1164 1674 1215 1716 re·
1336 1687 1452 1752 sm„
1469 1685 1579 1755 „pff-p,
1610 1687 1676 1748 Um,
1700 1688 1721 1741 si
1746 1689 1834 1758 possit
1855 1690 1927 1757 fieri,
1952 1694 2054 1747 ,nm-tui

430 1763 617 1826 ml⁸⁸l⁰¹¹0m
634 1759 860 1838 dellsslffl'umdr
885 1779 982 1845 quam
1005 1758 1129 1822 mefitis
1153 1777 1215 1819 ¹1⁰ss
1338 1791 1393 1828 nou
1411 1771 1479 1826 elibi
1499 1771 1671 1842 sepelientur
1690 1778 1784 1843 preter
1801 1776 1836 1828 ed
1855 1778 2007 1846 ecclesiam,
2026 1783 2055 1834 et

432 1866 569 1942 obtinet,
594 1866 720 1930 illorum
739 1863 1029 1930 intercessionibus
1046 1861 1216 1946 percipiet.
1336 1858 1467 1928 deinceps
1480 1859 1550 1913 nihil
1564 1860 1695 1928 exigatur
1713 1878 1763 1929 pro
1777 1863 1867 1931 pretio
1881 1865 2041 1935 sepulturae
2047 1888 2054 1932 ;

431 1968 552 2043 Quodsi
566 1978 599 2034 et
611 1970 672 2034 hoc
684 1971 830 2054 ineptum
844 1975 876 2032 et
888 1965 1020 2030 difficile
1033 1965 1216 2040 estimetur,
1336 1946 1386 2011 ⁰sr·
1399 1945 1631 2050 W⁰⁸³⁸s⁸⁰l¹ieilssnu
1655 1945 1756 2014 3⁶th
1772 1965 1799 2016 t’·
1811 1950 1853 2016 81,
1878 1957 1932 2008 ²³0²·
1943 1971 1970 2020 ²2·
1987 1953 2053 2010 ΝΑ-

431 2073 486 2136 ubi
511 2073 669 2139 decimam
693 2072 923 2158 persolvebet⁰
947 2071 1050 2148 vivus,
1075 2068 1215 2154 sepelie-
1340 2031 1436 2096 ΧΠ)
1454 2036 1524 2100 ''¹‘ss
1544 2048 1579 2098 'iq'
2073 2061 2099 2098 ¹⁵

430 2186 483 2240 tur
504 2184 661 2241 mortuus.

539 2296 643 2384 Cep·
670 2300 715 2362 16.
768 2295 819 2360 Ut
843 2296 1085 2381 sepulturam
1118 2293 1364 2357 morientium
1397 2314 1506 2358 nemo
1538 2292 1691 2358 vendat.
1743 2293 1998 2365 Abhorrendus⁴
2022 2307 2055 2364 et

429 2401 612 2466 christianis
643 2401 793 2466 omnibus
824 2396 1018 2464 devitandus
1050 2418 1118 2460 mos
1151 2397 1280 2482 iniquus
1312 2397 1477 2481 subrepsit
1508 2398 1710 2482 sepulturam
1742 2402 1879 2465 mortuis
1909 2402 2053 2470 debitum

430 2505 490 2568 sub
516 2505 648 2590 praecio
672 2503 811 2568 vendere
843 2510 876 2568 et
900 2503 1037 2587 gratiam
1061 2499 1123 2564 Dei
1140 2501 1289 2564 renslem
1313 2499 1435 2580 lucere,
1459 2521 1531 2564 oum
1556 2501 1616 2564 hoc
1641 2523 1798 2588 nusquam
1824 2507 1884 2570 sub
1909 2528 2051 2593 evauge-

429 2609 492 2672 lioo
520 2607 644 2694 gratiob
676 2609 880 2672 meminimus
915 2627 974 2670 nos
1010 2605 1176 2668 invenisse
1206 2605 1257 2668 vel
1285 2604 1418 2689 legisse.
1472 2602 1510 2667 In
1543 2605 1766 2669 ecclesiastico
1799 2630 1938 2695 namque
1968 2612 2051 2676 libro
2072 2637 2098 2677 so

430 2713 660 2797 scriptumst:
691 2702 854 2775 ‘Mortuos‘
877 2719 961 2773 ιιοιιο
984 2708 1159 2794 prohibeas
1184 2706 1425 2793 sepulturamdl,
1458 2709 1595 2788 sciens⁸,
1625 2711 1702 2794 quia
1724 2732 1836 2776 omues
1861 2716 2051 2791 moriemur;

430 2814 477 2878 etr
497 2816 592 2880 item:
623 2807 783 2892 ‘Orunia⁶,
807 2835 890 2899 quac
914 2812 1066 2877 deterre
1090 2816 1174 2889 sunt,
1198 2812 1373 2875 interram
1397 2809 1666 2878 convertenturss’.
1714 2812 1800 2888 Quid
1823 2821 1910 2882 terra
1935 2826 2053 2884 terrem

430 2919 563 2984 vendis?
601 2918 776 2996 Memento,
800 2916 951 3002 quoniam
975 2921 1065 2980 terre
1087 2935 1122 2978 es
1146 2920 1179 2979 et
1202 2915 1236 2978 in
1259 2923 1379 2980 terram
1404 2916 1481 2994 ibis,
1514 2925 1548 2981 et
1570 2919 1723 3004 quonism
1750 2941 1834 2985 mors
1858 2922 1917 2986 tibi
1942 2924 2053 2990 futura

430 3031 497 3102 est,
521 3021 713 3109 appropieth
737 3030 770 3086 et
794 3042 857 3085 uon
882 3019 999 3087 tardat.
1048 3017 1254 3096 Recordare,
1284 3020 1434 3105 quonism
1459 3041 1520 3085 non
1546 3022 1682 3086 hominis
1706 3031 1756 3088 cst
1780 3030 1881 3105 terre,
1912 3026 1987 3108 sed,
2020 3036 2055 3094 ut

429 3127 598 3212 psalmista
620 3131 867 3204 commemoret,
899 3115 1060 3187 ιΒοιιιίιιί7
1083 3129 1134 3187 est
1157 3131 1244 3187 terra
1271 3124 1381 3209 etqui
1405 3124 1555 3190 habitent
1584 3126 1616 3189 in
1640 3124 1701 3191 ee’.
1757 3127 1804 3192 Si*
1827 3136 1946 3197 terrem
1970 3155 2049 3198 ven·
2069 3155 2093 3196 as

429 3229 495 3310 dis,
527 3230 693 3294 invasione
723 3229 832 3294 eliena
855 3227 902 3292 rei
931 3248 1006 3291 reus
1030 3226 1204 3292 teneberis.
1258 3226 1366 3292 Gratis
1391 3229 1546 3314 sucepisti
1570 3252 1590 3294 e
1614 3229 1694 3302 Deo.
1717 3233 1818 3316 gratis
1841 3233 1882 3298 de
1907 3255 1964 3320 pro
1989 3236 2050 3300 eof.

428 3323 579 3404 (luisseks
603 3333 810 3398 interdictum
840 3333 883 3394 sit
906 3329 1055 3395 omuibus
1079 3330 1209 3394 omnino
1233 3331 1417 3396 christianis
1441 3332 1582 3396 termm'¹
1605 3335 1740 3398 mortuis
1764 3335 1905 3400 vendere
1939 3345 1973 3402 et
1995 3337 2052 3403 de·

429 3437 529 3500 bitam
560 3438 763 3523 sepulturam
794 3434 976 3520 denegare,
1010 3435 1073 3499 nisi
1108 3434 1190 3499 lorte
1222 3437 1362 3522 proximi
1393 3442 1426 3500 et
1458 3436 1565 3501 amici¹
1597 3434 1742 3503 doluncti
1775 3449 1907 3528 propter
1935 3464 2052 3508 nomeu

427 3540 559 3604 Domini
584 3549 617 3604 et
639 3538 926 3624 redemptionemm
949 3539 1078 3603 animae
1102 3539 1163 3602 viri
1186 3541 1287 3624 gratis
1311 3539 1432 3626 aliquid
1456 3540 1576 3606 donare
1601 3543 1733 3608 velintn.

537 3662 642 3748 Cep·
667 3665 716 3729 17.
770 3659 821 3724 Ut
842 3662 975 3726 nullus
1006 3662 1129 3726 laicus
1158 3663 1196 3726 in
1227 3662 1403 3726 ecclesie
1432 3663 1660 3748 sepeliatur.
1714 3664 1900 3731 Secundum
1929 3674 2097 3740 statutam

428 3773 615 3830 sanctorum
633 3773 760 3851 patrum
777 3775 809 3830 et
825 3766 1053 3852 experimenta
1068 3766 1295 3830 miraculorum
1313 3765 1522 3851 prohibemus
1546 3774 1582 3830 et
1595 3769 1821 3853 praecipimus,
1844 3777 1881 3834 ut
1895 3769 2050 3858 deinceps

428 3869 535 3932 nullus
565 3869 667 3932 laicus
698 3869 729 3932 in
761 3869 903 3968 ecclesia
933 3861 1145 3956 sepeliaturl.
1198 3868 1337 3943 Quidem
1368 3869 1524 3934 mirabilis
1559 3869 1673 3935 doctor
1703 3880 1833 3937 nostrae
1866 3873 2050 3940 diffinitioni

428 3973 635 4036 consentiens
663 3973 780 4057 iuquit:
810 3973 925 4037 ‘Nemo
935 3965 964 4011 ¹⁰
987 3973 1073 4037 enirn
1104 3973 1136 4036 in
1164 3973 1306 4038 ecclesie
1329 3972 1520 4058 sepelietur,
1551 3974 1613 4038 nisi
1636 3975 1720 4040 forte
1743 3977 1819 4041 talis
1844 3979 1884 4042 sit
1907 4000 2049 4064 persona

428 4075 608 4139 sucerdotis
637 4081 692 4140 out
723 4075 898 4140 cuiuslibet
929 4077 1005 4140 iusti
1035 4075 1195 4152 hominis,
1227 4077 1280 4162 qui
1311 4099 1370 4164 per
1400 4078 1486 4142 vitae
1518 4079 1668 4144 meritum
1698 4083 1795 4146 talem
1830 4083 1967 4148 vivendo
1991 4105 2050 4148 suo

428 4179 554 4265 corpori
585 4178 738 4245 defuncto
770 4181 874 4244 locum
907 4179 1091 4264 adquisivit.
1147 4179 1313 4266 Corporeb
1337 4182 1514 4268 antiquitus
1546 4181 1579 4245 in
1610 4183 1753 4249 ecclesia
1776 4187 1904 4270 sepulta
1927 4208 2048 4272 nequa·
2069 4219 2095 4258 rs

533 4359 794 4426 recusaturo.
882 4363 908 4426 d)
927 4371 1089 4429 peccatorum
1107 4363 1211 4414 Monac.
1298 4367 1323 4426 e)
1342 4367 1472 4431 persolvat
1489 4365 1514 4418 4.

531 4445 927 4512 los)b)vstaed.11elmrr.
1033 4449 1057 4511 c)
1076 4449 1155 4515 elegit
1173 4449 1255 4502 Dicor.
1360 4451 1387 4515 d)
1405 4467 1453 4502 orn.
1474 4451 1580 4503 Holmoe.
1680 4452 1704 4515 e)
1723 4455 1776 4504 ullo
1794 4455 1829 4505 id.
1929 4457 2052 4525 ilsepul·

427 4543 500 4586 turae
519 4544 541 4584 et
559 4536 616 4586 rell.
635 4553 681 4586 om.
701 4535 736 4585 id.
841 4535 869 4601 g)
888 4536 927 4585 De
943 4535 1030 4586 eodem
1049 4552 1083 4587 re.
1119 4538 1183 4587 item
1202 4553 1233 4588 ex
1253 4539 1360 4589 concilio
1378 4539 1538 4589 Triburieusi
1556 4540 1627 4590 rubr.
1647 4557 1688 4604 ap.
1710 4541 1783 4606 lleq.,¹
1802 4543 1836 4593 Ut
1854 4559 1902 4593 ora.
1924 4543 1978 4594 Oct.

533 4620 572 4673 16.
608 4623 633 4686 ιι)
653 4623 770 4690 Gregorii
792 4637 871 4688 papae
894 4621 965 4672 metr.
988 4621 1016 4671 ic
1034 4622 1138 4674 Monac.
1158 4621 1250 4675 14628.
1345 4623 1373 4689 b)
1390 4626 1500 4691 gratim
1519 4625 1541 4676 l.
1561 4623 1585 4677 2.
1605 4624 1629 4677 4.
1723 4626 1748 4692 o)
1767 4645 1876 4694 neroque
1894 4647 1927 4680 ne
1945 4629 2048 4682 Monac.

427 4707 508 4772 dlito
527 4705 641 4772 1.2.5;
660 4709 769 4776 gretiam
788 4706 940 4773 scetes,
959 4707 1063 4760 Monac.
1145 4708 1170 4773 e)
1187 4709 1353 4764 murenae.
1434 4709 1492 4776 flet
1510 4713 1569 4764 item
1654 4713 1795 4781 deproeo
1813 4713 1936 4780 (tieret)
1954 4717 2050 4768 om.id.
2070 4734 2096 4773 ιο

427 4796 454 4862 g)
474 4802 661 4847 convertuntur
677 4795 701 4847 l).
789 4793 817 4858 li)
836 4795 1059 4862 appropinquatd.
1147 4797 1166 4858 i)
1185 4797 1211 4847 si
1232 4804 1326 4848 terram
1409 4806 1587 4866 compesceret,
1604 4816 1629 4865 p.
1648 4797 1708 4863 225,
1727 4801 1772 4850 lia.
1784 4799 1824 4860 15,
1843 4801 1894 4853 der.
1912 4803 1940 4852 ia
1956 4801 1982 4862 4.
2000 4821 2052 4854 uero

419 4883 490 4949 solio
508 4882 598 4932 emciro.
692 4881 720 4944 k)
738 4883 891 4948 Gregorii
911 4899 1019 4949 papae.
1055 4884 1181 4934 Omnibus
1199 4885 1279 4950 igitur
1295 4885 1439 4936 christianis
1457 4887 1620 4938 interdictum
1639 4889 1683 4952 sit,
1706 4889 1809 4939 omuino
1828 4895 1923 4940 terram
1946 4888 2051 4941 Moauc.

427 4967 447 5030 1)
468 4977 548 5019 morte
566 4968 628 5019 odd.
647 4967 683 5019 id.
769 4967 805 5028 m)
825 4969 997 5034 redemptione
1016 4967 1089 5030 1.2;
1107 4987 1154 5036 pro
1172 4971 1345 5037 redemptione
1363 4969 1467 5022 Moaoc.
1555 4971 1583 5037 u)
1603 4973 1665 5025 velit
1682 4971 1706 5024 5.

534 5051 571 5106 l'i.
607 5053 633 5120 e)
651 5055 800 5120 Gregorii
819 5070 925 5121 papae.
961 5057 1040 5106 Nemo
1053 5055 1175 5106 laicorum
1187 5057 1214 5107 iu
1226 5056 1335 5107 ecclesie
1347 5058 1492 5124 sepeliatur.
1512 5059 1581 5110 Dicit
1598 5059 1666 5110 euim
1684 5066 1788 5110 sauctus
1801 5061 1954 5126 Gregorius:
1973 5063 2052 5114 Nemo

426 5130 453 5190 iu
471 5141 580 5192 ecclesia
599 5138 656 5204 (lia.
669 5139 720 5206 33)
739 5141 842 5192 Monac.
861 5138 953 5192 14628.
1042 5141 1070 5206 1))
1089 5144 1207 5210 Gregorii
1225 5159 1308 5210 pupae
1325 5143 1398 5195 rubr.
1415 5145 1555 5210 praemittit
1572 5145 1607 5196 id.
2070 5165 2095 5205 cs

529 5303 556 5366 3)
571 5301 627 5368 Osr.
638 5317 696 5370 cop.
707 5303 748 5357 16.
826 5301 1154 5371 t)0(r.c.lboeubfiee.
1232 5305 1260 5372 5)
1271 5304 1367 5359 Ibcles.
1380 5305 1451 5368 7,37.
1530 5305 1557 5372 6)
1570 5306 1644 5363 Ibid.
1654 5307 1696 5372 40,
1707 5309 1745 5363 11.
1824 5309 1852 5376 l)
1869 5309 1967 5363 Psolm.
1977 5309 2051 5376 23,1.

426 5405 453 5469 8)
474 5403 530 5470 Ost.
557 5403 634 5461 Cone.
659 5405 783 5460 Namnet.
806 5423 826 5460 c.
844 5409 876 5472 6,
902 5407 997 5461 Mnaai
1017 5407 1137 5474 XVIII,
1160 5409 1208 5462 col.
1228 5409 1292 5474 168,·
1317 5407 1392 5462 Oonc.
1418 5408 1501 5464 Meti.
1526 5411 1585 5478 845,
1601 5412 1684 5478 cli,
1703 5413 1779 5480 iufra
1797 5412 1857 5467 edis.
1945 5415 1972 5480 9)
1993 5412 2050 5478 Cfr.

427 5507 442 5560 l.
461 5525 482 5560 c.
500 5506 578 5572 ibid.,·
606 5507 682 5563 Cone.
708 5509 821 5565 Bracae.
844 5527 865 5564 c.
885 5511 926 5580 18,
946 5512 999 5564 tc.
1024 5509 1079 5577 IX,
1097 5511 1144 5564 col.
1165 5511 1228 5576 tet,-
1255 5509 1331 5564 Gono.
1353 5510 1425 5580 Moy.
1443 5512 1509 5579 813,
1532 5529 1553 5567 c.
1572 5515 1620 5578 52,
1637 5516 1654 5568 l.
1673 5531 1695 5568 c.
1716 5513 1796 5580 XIV,
1823 5516 1870 5570 col.
1890 5517 1937 5583 753
1965 5515 2044 5584 Cupp.

425 5613 509 5666 eccles.
532 5611 709 5676 8¹0-813?‚
742 5619 801 5668 tour.
825 5614 852 5682 I,
877 5631 905 5682 p.
932 5615 992 5683 179,
1017 5632 1038 5670 c.
1058 5617 1097 5670 14.
1209 5616 1252 5682 10)
1286 5615 1423 5682 Ilieodulfi
1450 5617 1542 5671 Armi.
1567 5634 1646 5689 capp.
1676 5619 1790 5689 presbyt.
1818 5635 1839 5674 e.
1858 5621 1887 5687 9,
1916 5619 2051 5687 Simorrd,

428 5715 505 5771 Conc.
526 5715 632 5770 Galliae
644 5716 686 5784 ΙΙ,
701 5734 731 5787 p.
749 5717 808 5772 213.
2067 5731 2093 5770 so
