<?xml version="1.0" encoding="UTF-8"?>
<!DOCTYPE html PUBLIC "-//W3C//DTD XHTML 1.0 Transitional//EN"
    "http://www.w3.org/TR/xhtml1/DTD/xhtml1-transitional.dtd">
<html xmlns="http://www.w3.org/1999/xhtml" xml:lang="en" lang="en">
 <head>
  <title>
</title>
<meta http-equiv="Content-Type" content="text/html;charset=utf-8" />
  <meta name='ocr-system' content='tesseract 3.04.00' />
  <meta name='ocr-capabilities' content='ocr_page ocr_carea ocr_par ocr_line ocrx_word'/>
</head>
<body>
  <div class='ocr_page' id='page_1' title='image "./monumentagerman07mittgoog_0394.png"; bbox 0 0 4560 6426; ppageno 0'>
   <div class='ocr_carea' id='block_1_1' title="bbox 374 448 1871 522">
    <p class='ocr_par' dir='ltr' id='par_1_1' title="bbox 374 448 1871 522">
     <span class='ocr_line' id='line_1_1' title="bbox 374 448 1871 522; baseline 0.006 -20"><span class='ocrx_word' id='word_1_1' title='bbox 374 448 620 503; x_wconf 78' lang='lat' dir='ltr'><strong>CAPITULABIA</strong></span> <span class='ocrx_word' id='word_1_2' title='bbox 641 449 768 504; x_wconf 77' lang='lat' dir='ltr'><strong>REGUM</strong></span> <span class='ocrx_word' id='word_1_3' title='bbox 787 449 970 505; x_wconf 80' lang='lat' dir='ltr'><em>FIiANClAE</em></span> <span class='ocrx_word' id='word_1_4' title='bbox 990 449 1250 505; x_wconf 73' lang='lat' dir='ltr'>OCCIDENTALIS</span> <span class='ocrx_word' id='word_1_5' title='bbox 1270 452 1416 518; x_wconf 66' lang='lat' dir='ltr'><em>innuere</em></span> <span class='ocrx_word' id='word_1_6' title='bbox 1432 453 1477 520; x_wconf 87' lang='grc' dir='ltr'>ΙΙ).</span> <span class='ocrx_word' id='word_1_7' title='bbox 1496 483 1528 492; x_wconf 89' lang='grc'>-</span> <span class='ocrx_word' id='word_1_8' title='bbox 1548 455 1595 508; x_wconf 88' lang='lat' dir='ltr'><em>Nr.</em></span> <span class='ocrx_word' id='word_1_9' title='bbox 1609 454 1668 508; x_wconf 71' lang='grc'><em>279.</em></span> <span class='ocrx_word' id='word_1_10' title='bbox 1686 455 1745 510; x_wconf 82' lang='grc'><strong>280.</strong></span> <span class='ocrx_word' id='word_1_11' title='bbox 1809 459 1871 522; x_wconf 82' lang='grc'><em>353</em></span> 
     </span>
    </p>
   </div>
   <div class='ocr_carea' id='block_1_2' title="bbox 217 624 1948 1229">
    <p class='ocr_par' dir='ltr' id='par_1_2' title="bbox 248 624 1948 1028">
     <span class='ocr_line' id='line_1_2' title="bbox 249 624 1948 715; baseline 0.004 -27"><span class='ocrx_word' id='word_1_12' title='bbox 249 624 494 689; x_wconf 86' lang='lat' dir='ltr'><em>Tueeononsern</em></span> <span class='ocrx_word' id='word_1_13' title='bbox 534 631 567 690; x_wconf 84' lang='lat' dir='ltr'><em>et</em></span> <span class='ocrx_word' id='word_1_14' title='bbox 614 625 792 692; x_wconf 80' lang='lat' dir='ltr'>Iohannem</span> <span class='ocrx_word' id='word_1_15' title='bbox 828 627 998 692; x_wconf 83' lang='lat' dir='ltr'><em>Aretinnnr</em></span> <span class='ocrx_word' id='word_1_16' title='bbox 1033 627 1254 691; x_wconf 81' lang='lat' dir='ltr'><em>venerabiles¹</em></span> <span class='ocrx_word' id='word_1_17' title='bbox 1294 628 1493 715; x_wconf 75' lang='lat' dir='ltr'><em>episeopos⁵‚</em></span> <span class='ocrx_word' id='word_1_18' title='bbox 1534 629 1714 694; x_wconf 79' lang='lat' dir='ltr'><em>nobiseum¹</em></span> <span class='ocrx_word' id='word_1_19' title='bbox 1753 633 1948 695; x_wconf 81' lang='lat' dir='ltr'><em>morariou.</em></span> 
     </span>
     <span class='ocr_line' id='line_1_3' title="bbox 248 727 1872 819; baseline 0.004 -27"><span class='ocrx_word' id='word_1_20' title='bbox 248 727 469 807; x_wconf 78' lang='lat' dir='ltr'><strong>decrevimus,</strong></span> <span class='ocrx_word' id='word_1_21' title='bbox 497 750 599 813; x_wconf 89' lang='lat' dir='ltr'><em>usque</em></span> <span class='ocrx_word' id='word_1_22' title='bbox 628 729 704 794; x_wconf 92' lang='lat' dir='ltr'><em>dum</em></span> <span class='ocrx_word' id='word_1_23' title='bbox 735 752 803 808; x_wconf 84' lang='lat' dir='ltr'><em>ree,</em></span> <span class='ocrx_word' id='word_1_24' title='bbox 837 730 939 795; x_wconf 64' lang='lat' dir='ltr'><em>undet</em></span> <span class='ocrx_word' id='word_1_25' title='bbox 967 730 1087 814; x_wconf 85' lang='lat' dir='ltr'><em>egitur,</em></span> <span class='ocrx_word' id='word_1_26' title='bbox 1123 736 1270 814; x_wconf 86' lang='lat' dir='ltr'><em>optatum</em></span> <span class='ocrx_word' id='word_1_27' title='bbox 1301 732 1397 796; x_wconf 84' lang='lat' dir='ltr'><em>finem</em></span> <span class='ocrx_word' id='word_1_28' title='bbox 1430 731 1560 797; x_wconf 80' lang='lat' dir='ltr'><em>divineu</em></span> <span class='ocrx_word' id='word_1_29' title='bbox 1588 734 1719 798; x_wconf 83' lang='lat' dir='ltr'><em>favente</em></span> <span class='ocrx_word' id='word_1_30' title='bbox 1747 736 1872 819; x_wconf 81' lang='lat' dir='ltr'><em>grutiu¹¹</em></span> 
     </span>
     <span class='ocr_line' id='line_1_4' title="bbox 249 832 1871 925; baseline 0.004 -29"><span class='ocrx_word' id='word_1_31' title='bbox 249 833 423 917; x_wconf 64' lang='lat' dir='ltr'><em>aecipiot&#39;:</em></span> <span class='ocrx_word' id='word_1_32' title='bbox 449 833 502 917; x_wconf 90' lang='lat' dir='ltr'><em>qui</em></span> <span class='ocrx_word' id='word_1_33' title='bbox 527 832 679 918; x_wconf 89' lang='lat' dir='ltr'><em>quiequid</em></span> <span class='ocrx_word' id='word_1_34' title='bbox 704 855 762 897; x_wconf 85' lang='lat' dir='ltr'><em>seu</em></span> <span class='ocrx_word' id='word_1_35' title='bbox 786 835 818 898; x_wconf 91' lang='lat' dir='ltr'><em>in</em></span> <span class='ocrx_word' id='word_1_36' title='bbox 842 833 1009 899; x_wconf 76' lang='lat' dir='ltr'><em>evocando</em></span> <span class='ocrx_word' id='word_1_37' title='bbox 1034 833 1158 918; x_wconf 86' lang='lat' dir='ltr'><em>synodo</em></span> <span class='ocrx_word' id='word_1_38' title='bbox 1183 855 1242 899; x_wconf 85' lang='lat' dir='ltr'><em>eeu</em></span> <span class='ocrx_word' id='word_1_39' title='bbox 1266 834 1298 898; x_wconf 89' lang='lat' dir='ltr'><em>in</em></span> <span class='ocrx_word' id='word_1_40' title='bbox 1321 835 1507 900; x_wconf 86' lang='lat' dir='ltr'><em>definiendo</em></span> <span class='ocrx_word' id='word_1_41' title='bbox 1531 839 1645 901; x_wconf 84' lang='lat' dir='ltr'><em>souin</em></span> <span class='ocrx_word' id='word_1_42' title='bbox 1670 845 1871 925; x_wconf 82' lang='lat' dir='ltr'><em>contempto·</em></span> 
     </span>
     <span class='ocr_line' id='line_1_5' title="bbox 249 927 1871 1028; baseline 0.004 -28"><span class='ocrx_word' id='word_1_43' title='bbox 249 935 338 1000; x_wconf 82' lang='lat' dir='ltr'><em>ribus</em></span> <span class='ocrx_word' id='word_1_44' title='bbox 369 935 515 1001; x_wconf 88' lang='lat' dir='ltr'><em>feriendo</em></span> <span class='ocrx_word' id='word_1_45' title='bbox 544 935 743 1014; x_wconf 86' lang='lat' dir='ltr'><em>definierint,</em></span> <span class='ocrx_word' id='word_1_46' title='bbox 775 938 953 1022; x_wconf 83' lang='lat' dir='ltr'><em>apostolica</em></span> <span class='ocrx_word' id='word_1_47' title='bbox 980 936 1174 1002; x_wconf 83' lang='lat' dir='ltr'><em>auctoritate</em></span> <span class='ocrx_word' id='word_1_48' title='bbox 1204 936 1307 1002; x_wconf 89' lang='lat' dir='ltr'><em>libere</em></span> <span class='ocrx_word' id='word_1_49' title='bbox 1338 927 1511 1020; x_wconf 85' lang='lat' dir='ltr'><em>definiant,</em></span> <span class='ocrx_word' id='word_1_50' title='bbox 1543 948 1603 1004; x_wconf 82' lang='lat' dir='ltr'><em>etw</em></span> <span class='ocrx_word' id='word_1_51' title='bbox 1634 941 1786 1028; x_wconf 90' lang='lat' dir='ltr'><em>quioquid</em></span> <span class='ocrx_word' id='word_1_52' title='bbox 1809 943 1871 1028; x_wconf 87' lang='lat' dir='ltr'><em>ipsi</em></span> 
     </span>
    </p>

    <p class='ocr_par' dir='ltr' id='par_1_3' title="bbox 217 1038 1872 1229">
     <span class='ocr_line' id='line_1_6' title="bbox 217 1038 1872 1126; baseline 0.004 -23"><span class='ocrx_word' id='word_1_53' title='bbox 217 1059 228 1096; x_wconf 73' lang='lat'><strong>³</strong></span> <span class='ocrx_word' id='word_1_54' title='bbox 248 1038 512 1120; x_wconf 80' lang='lat' dir='ltr'><em>deliberaverint,</em></span> <span class='ocrx_word' id='word_1_55' title='bbox 536 1045 569 1103; x_wconf 88' lang='lat' dir='ltr'><em>ot</em></span> <span class='ocrx_word' id='word_1_56' title='bbox 592 1039 728 1104; x_wconf 87' lang='lat' dir='ltr'><em>domnus</em></span> <span class='ocrx_word' id='word_1_57' title='bbox 753 1041 952 1126; x_wconf 74' lang='lat' dir='ltr'><em>apostoliens</em></span> <span class='ocrx_word' id='word_1_58' title='bbox 977 1061 1048 1104; x_wconf 89' lang='lat' dir='ltr'><em>oum</em></span> <span class='ocrx_word' id='word_1_59' title='bbox 1074 1040 1161 1104; x_wconf 90' lang='lat' dir='ltr'><em>omui</em></span> <span class='ocrx_word' id='word_1_60' title='bbox 1186 1048 1300 1105; x_wconf 83' lang='lat' dir='ltr'><em>ennete</em></span> <span class='ocrx_word' id='word_1_61' title='bbox 1315 1040 1466 1107; x_wconf 85' lang='lat' dir='ltr'><em>Romane</em></span> <span class='ocrx_word' id='word_1_62' title='bbox 1488 1045 1627 1110; x_wconf 85' lang='lat' dir='ltr'><em>eeclesia</em></span> <span class='ocrx_word' id='word_1_63' title='bbox 1642 1045 1872 1110; x_wconf 79' lang='lat' dir='ltr'>determinabit</span> 
     </span>
     <span class='ocr_line' id='line_1_7' title="bbox 246 1145 1141 1229; baseline -0.001 -21"><span class='ocrx_word' id='word_1_64' title='bbox 246 1150 279 1208; x_wconf 87' lang='lat' dir='ltr'><em>et</em></span> <span class='ocrx_word' id='word_1_65' title='bbox 303 1145 335 1208; x_wconf 89' lang='lat' dir='ltr'><em>in</em></span> <span class='ocrx_word' id='word_1_66' title='bbox 358 1149 555 1229; x_wconf 87' lang='lat' dir='ltr'><em>perpetuum</em></span> <span class='ocrx_word' id='word_1_67' title='bbox 578 1165 764 1209; x_wconf 85' lang='lat' dir='ltr'><em>mensurum</em></span> <span class='ocrx_word' id='word_1_68' title='bbox 789 1152 912 1210; x_wconf 84' lang='lat' dir='ltr'><em>statuet</em></span> <span class='ocrx_word' id='word_1_69' title='bbox 935 1151 968 1210; x_wconf 85' lang='lat' dir='ltr'><em>et</em></span> <span class='ocrx_word' id='word_1_70' title='bbox 991 1145 1141 1209; x_wconf 86' lang='lat' dir='ltr'><em>firmabit.</em></span> 
     </span>
    </p>
   </div>
   <div class='ocr_carea' id='block_1_3' title="bbox 245 1351 1871 1592">
    <p class='ocr_par' dir='ltr' id='par_1_4' title="bbox 245 1351 1871 1592">
     <span class='ocr_line' id='line_1_8' title="bbox 348 1351 1871 1424; baseline 0.006 -24"><span class='ocrx_word' id='word_1_71' title='bbox 348 1351 371 1415; x_wconf 84' lang='lat' dir='ltr'><em>s)</em></span> <span class='ocrx_word' id='word_1_72' title='bbox 390 1351 539 1418; x_wconf 83' lang='lat' dir='ltr'><em>episcopum</em></span> <span class='ocrx_word' id='word_1_73' title='bbox 556 1351 580 1404; x_wconf 85' lang='lat'><em>8.</em></span> <span class='ocrx_word' id='word_1_74' title='bbox 672 1352 692 1416; x_wconf 79' lang='lat' dir='ltr'><em>t)</em></span> <span class='ocrx_word' id='word_1_75' title='bbox 709 1353 777 1404; x_wconf 89' lang='lat' dir='ltr'><em>uude</em></span> <span class='ocrx_word' id='word_1_76' title='bbox 795 1353 880 1419; x_wconf 82' lang='lat' dir='ltr'><em>egitur</em></span> <span class='ocrx_word' id='word_1_77' title='bbox 897 1371 944 1403; x_wconf 89' lang='lat' dir='ltr'><em>orn.</em></span> <span class='ocrx_word' id='word_1_78' title='bbox 964 1351 988 1403; x_wconf 83' lang='grc'><em>8.</em></span> <span class='ocrx_word' id='word_1_79' title='bbox 1076 1354 1105 1418; x_wconf 92' lang='lat' dir='ltr'><em>u)</em></span> <span class='ocrx_word' id='word_1_80' title='bbox 1124 1356 1212 1405; x_wconf 82' lang='lat' dir='ltr'><em>divina</em></span> <span class='ocrx_word' id='word_1_81' title='bbox 1292 1361 1359 1422; x_wconf 83' lang='lat' dir='ltr'><em>gret.</em></span> <span class='ocrx_word' id='word_1_82' title='bbox 1378 1372 1426 1406; x_wconf 88' lang='lat' dir='ltr'><em>orn.</em></span> <span class='ocrx_word' id='word_1_83' title='bbox 1445 1353 1469 1406; x_wconf 82' lang='grc'><em>8.</em></span> <span class='ocrx_word' id='word_1_84' title='bbox 1557 1360 1585 1423; x_wconf 85' lang='lat' dir='ltr'><em>v)</em></span> <span class='ocrx_word' id='word_1_85' title='bbox 1604 1357 1630 1408; x_wconf 90' lang='lat' dir='ltr'><em>in</em></span> <span class='ocrx_word' id='word_1_86' title='bbox 1649 1359 1754 1424; x_wconf 77' lang='lat' dir='ltr'><em>syuodo,</em></span> <span class='ocrx_word' id='word_1_87' title='bbox 1773 1360 1799 1410; x_wconf 90' lang='lat' dir='ltr'><em>iu</em></span> <span class='ocrx_word' id='word_1_88' title='bbox 1818 1375 1871 1422; x_wconf 86' lang='lat' dir='ltr'><em>qun</em></span> 
     </span>
     <span class='ocr_line' id='line_1_9' title="bbox 245 1438 1870 1511; baseline 0.004 -23"><span class='ocrx_word' id='word_1_89' title='bbox 245 1438 397 1489; x_wconf 72' lang='lat' dir='ltr'><em>auctoritate</em></span> <span class='ocrx_word' id='word_1_90' title='bbox 415 1439 557 1505; x_wconf 79' lang='lat' dir='ltr'><em>apostoliea</em></span> <span class='ocrx_word' id='word_1_91' title='bbox 581 1440 659 1491; x_wconf 86' lang='lat' dir='ltr'><em>iibere</em></span> <span class='ocrx_word' id='word_1_92' title='bbox 681 1441 765 1490; x_wconf 87' lang='lat' dir='ltr'><em>omnio</em></span> <span class='ocrx_word' id='word_1_93' title='bbox 788 1441 893 1491; x_wconf 83' lang='lat' dir='ltr'><em>definire</em></span> <span class='ocrx_word' id='word_1_94' title='bbox 919 1448 1038 1506; x_wconf 86' lang='lat' dir='ltr'><em>poterunt</em></span> <span class='ocrx_word' id='word_1_95' title='bbox 1061 1449 1086 1492; x_wconf 84' lang='lat' dir='ltr'><em>ot</em></span> <span class='ocrx_word' id='word_1_96' title='bbox 1108 1451 1183 1508; x_wconf 83' lang='lat' dir='ltr'><em>gratu</em></span> <span class='ocrx_word' id='word_1_97' title='bbox 1205 1449 1281 1493; x_wconf 88' lang='lat' dir='ltr'><em>eruut</em></span> <span class='ocrx_word' id='word_1_98' title='bbox 1293 1459 1368 1508; x_wconf 63' lang='lat' dir='ltr'><em>pern.</em></span> <span class='ocrx_word' id='word_1_99' title='bbox 1386 1441 1416 1508; x_wconf 88' lang='lat'><em>8,</em></span> <span class='ocrx_word' id='word_1_100' title='bbox 1439 1459 1486 1493; x_wconf 78' lang='lat' dir='ltr'><em>one.</em></span> <span class='ocrx_word' id='word_1_101' title='bbox 1507 1443 1564 1494; x_wconf 86' lang='lat' dir='ltr'><em>reti.</em></span> <span class='ocrx_word' id='word_1_102' title='bbox 1652 1443 1687 1508; x_wconf 86' lang='lat' dir='ltr'><em>w)</em></span> <span class='ocrx_word' id='word_1_103' title='bbox 1707 1463 1753 1496; x_wconf 83' lang='lat' dir='ltr'><em>orn.</em></span> <span class='ocrx_word' id='word_1_104' title='bbox 1774 1445 1802 1504; x_wconf 73' lang='lat'><em>13</em></span> <span class='ocrx_word' id='word_1_105' title='bbox 1821 1447 1870 1511; x_wconf 85' lang='lat' dir='ltr'><em>cfr.</em></span> 
     </span>
     <span class='ocr_line' id='line_1_10' title="bbox 247 1522 549 1592; baseline -0.003 -17"><span class='ocrx_word' id='word_1_106' title='bbox 247 1541 328 1590; x_wconf 80' lang='lat' dir='ltr'><em>supro</em></span> <span class='ocrx_word' id='word_1_107' title='bbox 341 1543 369 1592; x_wconf 83' lang='lat' dir='ltr'><em>p.</em></span> <span class='ocrx_word' id='word_1_108' title='bbox 383 1522 442 1590; x_wconf 83' lang='lat'><em>352,</em></span> <span class='ocrx_word' id='word_1_109' title='bbox 462 1525 506 1576; x_wconf 84' lang='lat' dir='ltr'><em>tin.</em></span> <span class='ocrx_word' id='word_1_110' title='bbox 525 1523 549 1575; x_wconf 84' lang='grc'><em>9.</em></span> 
     </span>
    </p>
   </div>
   <div class='ocr_carea' id='block_1_4' title="bbox 440 2403 1676 2688">
    <p class='ocr_par' dir='ltr' id='par_1_5' title="bbox 440 2403 1676 2688">
     <span class='ocr_line' id='line_1_11' title="bbox 794 2403 1576 2550; baseline 0.004 -40"><span class='ocrx_word' id='word_1_111' title='bbox 794 2408 893 2511; x_wconf 80' lang='lat' dir='ltr'><em>eoo.</em></span> <span class='ocrx_word' id='word_1_112' title='bbox 943 2403 1324 2514; x_wconf 82' lang='lat' dir='ltr'><em>nurerun</em></span> <span class='ocrx_word' id='word_1_113' title='bbox 1567 2532 1576 2550; x_wconf 50' lang='grc'>,</span> 
     </span>
     <span class='ocr_line' id='line_1_12' title="bbox 440 2572 1676 2688; baseline 0.003 -6"><span class='ocrx_word' id='word_1_114' title='bbox 440 2572 1107 2686; x_wconf 80' lang='lat' dir='ltr'><em>eouenuuruusn</em></span> <span class='ocrx_word' id='word_1_115' title='bbox 1152 2577 1261 2684; x_wconf 83' lang='lat' dir='ltr'><em>uu</em></span> <span class='ocrx_word' id='word_1_116' title='bbox 1307 2575 1676 2688; x_wconf 77' lang='lat' dir='ltr'><em>nurnero</em></span> 
     </span>
    </p>
   </div>
   <div class='ocr_carea' id='block_1_5' title="bbox 730 2748 1387 3028">
    <p class='ocr_par' dir='ltr' id='par_1_6' title="bbox 730 2748 1387 3028">
     <span class='ocr_line' id='line_1_13' title="bbox 730 2748 1387 2914; baseline -0.002 -55"><span class='ocrx_word' id='word_1_117' title='bbox 730 2748 1387 2914; x_wconf 75' lang='lat' dir='ltr'><em>nonuunuuroo</em></span> 
     </span>
     <span class='ocr_line' id='line_1_14' title="bbox 920 2946 1190 3028; baseline 0.007 -2"><span class='ocrx_word' id='word_1_118' title='bbox 920 2946 1016 3028; x_wconf 78' lang='grc'><strong>877.</strong></span> <span class='ocrx_word' id='word_1_119' title='bbox 1043 2955 1126 3028; x_wconf 79' lang='lat' dir='ltr'><em>Mar.</em></span> <span class='ocrx_word' id='word_1_120' title='bbox 1158 2956 1190 3028; x_wconf 87' lang='grc'><em>7.</em></span> 
     </span>
    </p>
   </div>
   <div class='ocr_carea' id='block_1_6' title="bbox 202 3139 1959 5324">
    <p class='ocr_par' dir='ltr' id='par_1_7' title="bbox 361 3139 1869 3244">
     <span class='ocr_line' id='line_1_15' title="bbox 361 3139 1869 3244; baseline 0.001 -25"><span class='ocrx_word' id='word_1_121' title='bbox 361 3139 507 3237; x_wconf 70' lang='lat' dir='ltr'><em>[streone</em></span> <span class='ocrx_word' id='word_1_122' title='bbox 529 3157 620 3222; x_wconf 81' lang='lat' dir='ltr'><em>edisti</em></span> <span class='ocrx_word' id='word_1_123' title='bbox 647 3157 768 3244; x_wconf 74' lang='lat' dir='ltr'><em>forero,</em></span> <span class='ocrx_word' id='word_1_124' title='bbox 801 3158 883 3239; x_wconf 75' lang='lat' dir='ltr'><em>qnod</em></span> <span class='ocrx_word' id='word_1_125' title='bbox 911 3159 1061 3238; x_wconf 77' lang='lat' dir='ltr'><em>seqnitur,</em></span> <span class='ocrx_word' id='word_1_126' title='bbox 1097 3159 1131 3220; x_wconf 90' lang='lat' dir='ltr'><em>in</em></span> <span class='ocrx_word' id='word_1_127' title='bbox 1161 3158 1272 3234; x_wconf 86' lang='lat' dir='ltr'><em>tneern,</em></span> <span class='ocrx_word' id='word_1_128' title='bbox 1299 3159 1400 3222; x_wconf 86' lang='lat' dir='ltr'><em>neseio</em></span> <span class='ocrx_word' id='word_1_129' title='bbox 1430 3177 1566 3239; x_wconf 80' lang='lat' dir='ltr'><em>quonam</em></span> <span class='ocrx_word' id='word_1_130' title='bbox 1593 3179 1632 3220; x_wconf 79' lang='lat' dir='ltr'><em>en·</em></span> <span class='ocrx_word' id='word_1_131' title='bbox 1654 3157 1766 3234; x_wconf 79' lang='lat' dir='ltr'><em>codiee,</em></span> <span class='ocrx_word' id='word_1_132' title='bbox 1793 3178 1869 3240; x_wconf 76' lang='lat' dir='ltr'><em>pro</em></span> 
     </span>
    </p>

    <p class='ocr_par' dir='ltr' id='par_1_8' title="bbox 203 3258 1273 3346">
     <span class='ocr_line' id='line_1_16' title="bbox 203 3258 1273 3346; baseline 0.003 -25"><span class='ocrx_word' id='word_1_133' title='bbox 203 3258 311 3322; x_wconf 76' lang='lat' dir='ltr'><em>niatu</em></span> <span class='ocrx_word' id='word_1_134' title='bbox 333 3265 379 3344; x_wconf 86' lang='lat' dir='ltr'><em>est</em></span> <span class='ocrx_word' id='word_1_135' title='bbox 400 3283 421 3323; x_wconf 90' lang='lat' dir='ltr'><em>n</em></span> <span class='ocrx_word' id='word_1_136' title='bbox 442 3261 620 3340; x_wconf 82' lang='lat' dir='ltr'><em>Sirrnondo,</em></span> <span class='ocrx_word' id='word_1_137' title='bbox 654 3263 761 3327; x_wconf 79' lang='lat' dir='ltr'><em>Caroli</em></span> <span class='ocrx_word' id='word_1_138' title='bbox 794 3262 884 3328; x_wconf 70' lang='lat' dir='ltr'><em>ditor·</em></span> <span class='ocrx_word' id='word_1_139' title='bbox 915 3261 1064 3346; x_wconf 77' lang='lat' dir='ltr'><em>Copitnlo</em></span> <span class='ocrx_word' id='word_1_140' title='bbox 1089 3283 1123 3343; x_wconf 79' lang='lat' dir='ltr'><em>p,</em></span> <span class='ocrx_word' id='word_1_141' title='bbox 1141 3267 1273 3342; x_wconf 67' lang='lat' dir='ltr'><em>dilsqq.</em></span> 
     </span>
    </p>

    <p class='ocr_par' dir='ltr' id='par_1_9' title="bbox 242 3361 1868 3763">
     <span class='ocr_line' id='line_1_17' title="bbox 349 3361 1867 3451; baseline 0.001 -25"><span class='ocrx_word' id='word_1_142' title='bbox 349 3361 399 3427; x_wconf 89' lang='lat' dir='ltr'><em>De</em></span> <span class='ocrx_word' id='word_1_143' title='bbox 420 3369 533 3443; x_wconf 83' lang='lat' dir='ltr'><em>aetate,</em></span> <span class='ocrx_word' id='word_1_144' title='bbox 556 3387 620 3446; x_wconf 81' lang='lat' dir='ltr'><em>qno</em></span> <span class='ocrx_word' id='word_1_145' title='bbox 637 3365 746 3451; x_wconf 74' lang='lat' dir='ltr'><em>forino</em></span> <span class='ocrx_word' id='word_1_146' title='bbox 769 3367 800 3430; x_wconf 80' lang='lat' dir='ltr'><strong><em>A</em></strong></span> <span class='ocrx_word' id='word_1_147' title='bbox 825 3367 1027 3448; x_wconf 76' lang='lat' dir='ltr'><em>prouentyato</em></span> <span class='ocrx_word' id='word_1_148' title='bbox 1050 3366 1107 3443; x_wconf 89' lang='lat' dir='ltr'><em>sit,</em></span> <span class='ocrx_word' id='word_1_149' title='bbox 1138 3366 1222 3429; x_wconf 89' lang='lat' dir='ltr'><em>inter</em></span> <span class='ocrx_word' id='word_1_150' title='bbox 1251 3365 1291 3430; x_wconf 76' lang='lat' dir='ltr'><em>G.</em></span> <span class='ocrx_word' id='word_1_151' title='bbox 1309 3363 1352 3430; x_wconf 87' lang='lat' dir='ltr'><em>H.</em></span> <span class='ocrx_word' id='word_1_152' title='bbox 1369 3364 1470 3442; x_wconf 78' lang='lat' dir='ltr'><em>Perte,</em></span> <span class='ocrx_word' id='word_1_153' title='bbox 1500 3367 1555 3446; x_wconf 75' lang='lat' dir='ltr'><em>qni</em></span> <span class='ocrx_word' id='word_1_154' title='bbox 1581 3386 1667 3428; x_wconf 81' lang='lat' dir='ltr'><em>orrrro</em></span> <span class='ocrx_word' id='word_1_155' title='bbox 1689 3369 1761 3430; x_wconf 84' lang='lat'><strong>861.</strong></span> <span class='ocrx_word' id='word_1_156' title='bbox 1787 3365 1867 3428; x_wconf 84' lang='lat' dir='ltr'><em>edio·</em></span> 
     </span>
     <span class='ocr_line' id='line_1_18' title="bbox 244 3468 1868 3558; baseline 0.003 -30"><span class='ocrx_word' id='word_1_157' title='bbox 244 3469 309 3530; x_wconf 86' lang='lat' dir='ltr'><em>tnrn</em></span> <span class='ocrx_word' id='word_1_158' title='bbox 336 3468 496 3548; x_wconf 78' lang='lat' dir='ltr'><em>attribuit,</em></span> <span class='ocrx_word' id='word_1_159' title='bbox 526 3473 555 3532; x_wconf 91' lang='lat' dir='ltr'><em>et</em></span> <span class='ocrx_word' id='word_1_160' title='bbox 581 3469 662 3534; x_wconf 88' lang='lat' dir='ltr'><em>otios</em></span> <span class='ocrx_word' id='word_1_161' title='bbox 690 3470 772 3534; x_wconf 86' lang='lat' dir='ltr'><em>uiros</em></span> <span class='ocrx_word' id='word_1_162' title='bbox 799 3471 936 3535; x_wconf 83' lang='lat' dir='ltr'><em>eruditos</em></span> <span class='ocrx_word' id='word_1_163' title='bbox 962 3471 1114 3536; x_wconf 78' lang='lat' dir='ltr'><em>dissensio</em></span> <span class='ocrx_word' id='word_1_164' title='bbox 1138 3469 1216 3554; x_wconf 85' lang='lat' dir='ltr'><em>fnit.</em></span> <span class='ocrx_word' id='word_1_165' title='bbox 1269 3469 1346 3558; x_wconf 79' lang='lat' dir='ltr'><em>Onne</em></span> <span class='ocrx_word' id='word_1_166' title='bbox 1375 3491 1445 3535; x_wconf 85' lang='lat' dir='ltr'><em>vero</em></span> <span class='ocrx_word' id='word_1_167' title='bbox 1469 3472 1531 3534; x_wconf 89' lang='lat' dir='ltr'><em>ium</em></span> <span class='ocrx_word' id='word_1_168' title='bbox 1554 3475 1632 3535; x_wconf 86' lang='lat' dir='ltr'><em>reete</em></span> <span class='ocrx_word' id='word_1_169' title='bbox 1654 3471 1804 3534; x_wconf 88' lang='lat' dir='ltr'><em>rnonitnrn</em></span> <span class='ocrx_word' id='word_1_170' title='bbox 1826 3471 1868 3534; x_wconf 88' lang='lat' dir='ltr'><em>sit</em></span> 
     </span>
     <span class='ocr_line' id='line_1_19' title="bbox 242 3569 1867 3655; baseline 0 -21"><span class='ocrx_word' id='word_1_171' title='bbox 242 3569 279 3634; x_wconf 82' lang='lat' dir='ltr'><em>de</em></span> <span class='ocrx_word' id='word_1_172' title='bbox 298 3571 432 3638; x_wconf 84' lang='lat' dir='ltr'><em>ecelesiis</em></span> <span class='ocrx_word' id='word_1_173' title='bbox 452 3575 719 3655; x_wconf 41' lang='lat' dir='ltr'><em>*imperatricis</em></span> <span class='ocrx_word' id='word_1_174' title='bbox 738 3595 906 3639; x_wconf 80' lang='lat' dir='ltr'><em>sermonem</em></span> <span class='ocrx_word' id='word_1_175' title='bbox 927 3576 999 3655; x_wconf 72' lang='lat' dir='ltr'><em>fieri</em></span> <span class='ocrx_word' id='word_1_176' title='bbox 1022 3580 1051 3638; x_wconf 90' lang='lat' dir='ltr'><em>et</em></span> <span class='ocrx_word' id='word_1_177' title='bbox 1072 3598 1105 3639; x_wconf 88' lang='lat' dir='ltr'><em>n.</em></span> <span class='ocrx_word' id='word_1_178' title='bbox 1124 3579 1196 3639; x_wconf 85' lang='grc'><strong>861.</strong></span> <span class='ocrx_word' id='word_1_179' title='bbox 1218 3575 1340 3639; x_wconf 87' lang='lat' dir='ltr'><em>nuttam</em></span> <span class='ocrx_word' id='word_1_180' title='bbox 1364 3573 1588 3653; x_wconf 66' lang='lat' dir='ltr'><em>expeditionem</em></span> <span class='ocrx_word' id='word_1_181' title='bbox 1607 3593 1670 3639; x_wconf 86' lang='lat' dir='ltr'><em>esse</em></span> <span class='ocrx_word' id='word_1_182' title='bbox 1686 3578 1867 3655; x_wconf 74' lang='lat' dir='ltr'><em>susceptore,</em></span> 
     </span>
     <span class='ocr_line' id='line_1_20' title="bbox 245 3675 1867 3763; baseline 0.001 -23"><span class='ocrx_word' id='word_1_183' title='bbox 245 3675 288 3740; x_wconf 81' lang='lat' dir='ltr'><em>ae</em></span> <span class='ocrx_word' id='word_1_184' title='bbox 309 3696 404 3757; x_wconf 75' lang='lat' dir='ltr'><em>qnam</em></span> <span class='ocrx_word' id='word_1_185' title='bbox 426 3695 490 3740; x_wconf 91' lang='lat' dir='ltr'><em>non</em></span> <span class='ocrx_word' id='word_1_186' title='bbox 513 3677 665 3742; x_wconf 87' lang='lat' dir='ltr'><em>irnrnerito</em></span> <span class='ocrx_word' id='word_1_187' title='bbox 686 3679 750 3742; x_wconf 87' lang='lat' dir='ltr'><em>ista</em></span> <span class='ocrx_word' id='word_1_188' title='bbox 774 3679 882 3742; x_wconf 85' lang='lat' dir='ltr'><em>verbo:</em></span> <span class='ocrx_word' id='word_1_189' title='bbox 915 3677 956 3742; x_wconf 90' lang='lat' dir='ltr'><em>de</em></span> <span class='ocrx_word' id='word_1_190' title='bbox 979 3678 1058 3758; x_wconf 86' lang='lat' dir='ltr'><em>illis,</em></span> <span class='ocrx_word' id='word_1_191' title='bbox 1090 3679 1145 3763; x_wconf 85' lang='lat' dir='ltr'><em>qui</em></span> <span class='ocrx_word' id='word_1_192' title='bbox 1174 3699 1245 3742; x_wconf 90' lang='lat' dir='ltr'><em>oum</em></span> <span class='ocrx_word' id='word_1_193' title='bbox 1277 3678 1407 3742; x_wconf 82' lang='lat' dir='ltr'><em>seniore</em></span> <span class='ocrx_word' id='word_1_194' title='bbox 1439 3681 1549 3741; x_wconf 88' lang='lat' dir='ltr'><em>nostro</em></span> <span class='ocrx_word' id='word_1_195' title='bbox 1578 3699 1715 3762; x_wconf 87' lang='lat' dir='ltr'><em>pergere</em></span> <span class='ocrx_word' id='word_1_196' title='bbox 1745 3677 1867 3743; x_wconf 90' lang='lat' dir='ltr'><em>debent</em></span> 
     </span>
    </p>

    <p class='ocr_par' dir='ltr' id='par_1_10' title="bbox 202 3779 1959 4283">
     <span class='ocr_line' id='line_1_21' title="bbox 202 3779 1959 3864; baseline 0.003 -21"><span class='ocrx_word' id='word_1_197' title='bbox 202 3791 228 3830; x_wconf 80' lang='lat'><em>²⁰</em></span> <span class='ocrx_word' id='word_1_198' title='bbox 245 3779 362 3864; x_wconf 83' lang='lat' dir='ltr'><em>referri</em></span> <span class='ocrx_word' id='word_1_199' title='bbox 387 3780 523 3863; x_wconf 80' lang='lat' dir='ltr'><em>possint,</em></span> <span class='ocrx_word' id='word_1_200' title='bbox 562 3785 702 3846; x_wconf 78' lang='lat' dir='ltr'><em>constare</em></span> <span class='ocrx_word' id='word_1_201' title='bbox 731 3781 808 3845; x_wconf 77' lang='lat' dir='ltr'><em>inibi</em></span> <span class='ocrx_word' id='word_1_202' title='bbox 837 3781 960 3845; x_wconf 85' lang='lat' dir='ltr'><em>uidetur</em></span> <span class='ocrx_word' id='word_1_203' title='bbox 992 3781 1073 3845; x_wconf 84' lang='lat' dir='ltr'><em>irone</em></span> <span class='ocrx_word' id='word_1_204' title='bbox 1098 3779 1238 3864; x_wconf 83' lang='lat' dir='ltr'><em>formem</em></span> <span class='ocrx_word' id='word_1_205' title='bbox 1271 3800 1334 3844; x_wconf 90' lang='lat' dir='ltr'><em>non</em></span> <span class='ocrx_word' id='word_1_206' title='bbox 1363 3801 1393 3845; x_wconf 89' lang='lat' dir='ltr'><em>a.</em></span> <span class='ocrx_word' id='word_1_207' title='bbox 1411 3783 1487 3856; x_wconf 86' lang='grc'>861,</span> <span class='ocrx_word' id='word_1_208' title='bbox 1519 3779 1573 3844; x_wconf 87' lang='lat' dir='ltr'><em>sed</em></span> <span class='ocrx_word' id='word_1_209' title='bbox 1600 3801 1630 3844; x_wconf 86' lang='lat' dir='ltr'><em>o.</em></span> <span class='ocrx_word' id='word_1_210' title='bbox 1651 3784 1723 3846; x_wconf 77' lang='lat'><strong>877.</strong></span> <span class='ocrx_word' id='word_1_211' title='bbox 1751 3781 1866 3847; x_wconf 86' lang='lat' dir='ltr'><em>editonr</em></span> <span class='ocrx_word' id='word_1_212' title='bbox 1957 3845 1959 3848; x_wconf 84' lang='lat'>.</span> 
     </span>
     <span class='ocr_line' id='line_1_22' title="bbox 244 3882 1866 3968; baseline 0.001 -21"><span class='ocrx_word' id='word_1_213' title='bbox 244 3902 308 3948; x_wconf 86' lang='lat' dir='ltr'><em>esse</em></span> <span class='ocrx_word' id='word_1_214' title='bbox 329 3882 404 3967; x_wconf 82' lang='lat' dir='ltr'><em>(cfr.</em></span> <span class='ocrx_word' id='word_1_215' title='bbox 426 3905 453 3948; x_wconf 91' lang='lat' dir='ltr'><em>o.</em></span> <span class='ocrx_word' id='word_1_216' title='bbox 464 3884 627 3962; x_wconf 72' lang='lat' dir='ltr'><em>Neorion,</em></span> <span class='ocrx_word' id='word_1_217' title='bbox 651 3885 813 3949; x_wconf 85' lang='lat' dir='ltr'><em>Hintrnrer</em></span> <span class='ocrx_word' id='word_1_218' title='bbox 839 3907 866 3951; x_wconf 88' lang='lat' dir='ltr'><em>o.</em></span> <span class='ocrx_word' id='word_1_219' title='bbox 886 3885 994 3949; x_wconf 87' lang='lat' dir='ltr'><em>Reirns</em></span> <span class='ocrx_word' id='word_1_220' title='bbox 1002 3906 1037 3965; x_wconf 78' lang='lat' dir='ltr'><em>p.</em></span> <span class='ocrx_word' id='word_1_221' title='bbox 1054 3888 1122 3961; x_wconf 87' lang='grc'>158,</span> <span class='ocrx_word' id='word_1_222' title='bbox 1138 3887 1202 3947; x_wconf 91' lang='lat' dir='ltr'><em>not.</em></span> <span class='ocrx_word' id='word_1_223' title='bbox 1215 3889 1252 3961; x_wconf 80' lang='grc'><em>4;</em></span> <span class='ocrx_word' id='word_1_224' title='bbox 1272 3905 1304 3964; x_wconf 80' lang='lat' dir='ltr'><em>p.</em></span> <span class='ocrx_word' id='word_1_225' title='bbox 1319 3885 1390 3959; x_wconf 85' lang='lat'><em>335,</em></span> <span class='ocrx_word' id='word_1_226' title='bbox 1406 3887 1486 3962; x_wconf 90' lang='lat' dir='ltr'><em>not.;</em></span> <span class='ocrx_word' id='word_1_227' title='bbox 1508 3883 1682 3961; x_wconf 86' lang='lat' dir='ltr'><em>Diinrmter,</em></span> <span class='ocrx_word' id='word_1_228' title='bbox 1701 3883 1866 3968; x_wconf 77' lang='lat' dir='ltr'><em>Ostfroinls.</em></span> 
     </span>
     <span class='ocr_line' id='line_1_23' title="bbox 246 3985 1868 4072; baseline 0 -20"><span class='ocrx_word' id='word_1_229' title='bbox 246 3987 342 4052; x_wconf 82' lang='lat' dir='ltr'><em>Reiob</em></span> <span class='ocrx_word' id='word_1_230' title='bbox 358 3989 423 4052; x_wconf 90' lang='grc' dir='ltr'><em>ΙΙΙ</em></span> <span class='ocrx_word' id='word_1_231' title='bbox 424 3988 446 4067; x_wconf 83' lang='lat'><em>²,</em></span> <span class='ocrx_word' id='word_1_232' title='bbox 463 4010 497 4070; x_wconf 78' lang='lat' dir='ltr'><em>p.</em></span> <span class='ocrx_word' id='word_1_233' title='bbox 516 3993 572 4067; x_wconf 80' lang='grc'><em>42;</em></span> <span class='ocrx_word' id='word_1_234' title='bbox 595 3989 791 4067; x_wconf 85' lang='lat' dir='ltr'><em>Sirmondns,</em></span> <span class='ocrx_word' id='word_1_235' title='bbox 808 3989 993 4072; x_wconf 74' lang='lat' dir='ltr'><em>Batonius).</em></span> <span class='ocrx_word' id='word_1_236' title='bbox 1032 3989 1121 4070; x_wconf 75' lang='lat' dir='ltr'><em>Quod</em></span> <span class='ocrx_word' id='word_1_237' title='bbox 1135 4007 1205 4052; x_wconf 87' lang='lat' dir='ltr'><em>vero</em></span> <span class='ocrx_word' id='word_1_238' title='bbox 1220 3991 1370 4051; x_wconf 88' lang='lat' dir='ltr'><em>nutnrarn</em></span> <span class='ocrx_word' id='word_1_239' title='bbox 1381 3985 1505 4070; x_wconf 71' lang='lat' dir='ltr'><em>funins</em></span> <span class='ocrx_word' id='word_1_240' title='bbox 1521 3988 1553 4051; x_wconf 79' lang='lat' dir='ltr'><strong><em>A</em></strong></span> <span class='ocrx_word' id='word_1_241' title='bbox 1567 3988 1687 4064; x_wconf 83' lang='lat' dir='ltr'><em>attinet,</em></span> <span class='ocrx_word' id='word_1_242' title='bbox 1702 3987 1868 4052; x_wconf 73' lang='lat' dir='ltr'><em>Drinrnrter</em></span> 
     </span>
     <span class='ocr_line' id='line_1_24' title="bbox 246 4085 1868 4174; baseline -0.001 -18"><span class='ocrx_word' id='word_1_243' title='bbox 246 4091 266 4156; x_wconf 89' lang='lat' dir='ltr'><em>t.</em></span> <span class='ocrx_word' id='word_1_244' title='bbox 283 4112 307 4157; x_wconf 88' lang='lat' dir='ltr'><em>e.</em></span> <span class='ocrx_word' id='word_1_245' title='bbox 338 4092 411 4158; x_wconf 85' lang='lat' dir='ltr'><em>bene</em></span> <span class='ocrx_word' id='word_1_246' title='bbox 437 4094 565 4158; x_wconf 81' lang='lat' dir='ltr'><em>coniecit</em></span> <span class='ocrx_word' id='word_1_247' title='bbox 590 4092 674 4157; x_wconf 81' lang='lat' dir='ltr'><em>nib-it</em></span> <span class='ocrx_word' id='word_1_248' title='bbox 699 4085 782 4172; x_wconf 86' lang='lat' dir='ltr'><em>esse,</em></span> <span class='ocrx_word' id='word_1_249' title='bbox 808 4093 873 4157; x_wconf 86' lang='lat' dir='ltr'><em>nisi</em></span> <span class='ocrx_word' id='word_1_250' title='bbox 895 4093 1154 4174; x_wconf 82' lang='lat' dir='ltr'><em>propositionem,</em></span> <span class='ocrx_word' id='word_1_251' title='bbox 1181 4095 1217 4154; x_wconf 88' lang='lat' dir='ltr'><em>nt</em></span> <span class='ocrx_word' id='word_1_252' title='bbox 1242 4092 1367 4171; x_wconf 77' lang='lat' dir='ltr'><em>opinor,</em></span> <span class='ocrx_word' id='word_1_253' title='bbox 1396 4090 1436 4154; x_wconf 88' lang='lat' dir='ltr'><em>ob</em></span> <span class='ocrx_word' id='word_1_254' title='bbox 1463 4090 1665 4170; x_wconf 79' lang='lat' dir='ltr'><em>optimatibus</em></span> <span class='ocrx_word' id='word_1_255' title='bbox 1693 4096 1868 4172; x_wconf 69' lang='lat' dir='ltr'><em>conception</em></span> 
     </span>
     <span class='ocr_line' id='line_1_25' title="bbox 245 4192 1868 4283; baseline -0.002 -22"><span class='ocrx_word' id='word_1_256' title='bbox 245 4197 317 4278; x_wconf 86' lang='lat' dir='ltr'><em>(efr.</em></span> <span class='ocrx_word' id='word_1_257' title='bbox 342 4219 415 4262; x_wconf 88' lang='lat' dir='ltr'><em>oum</em></span> <span class='ocrx_word' id='word_1_258' title='bbox 439 4199 567 4263; x_wconf 80' lang='lat' dir='ltr'><em>seniore</em></span> <span class='ocrx_word' id='word_1_259' title='bbox 592 4201 748 4283; x_wconf 88' lang='lat' dir='ltr'><em>nostro),</em></span> <span class='ocrx_word' id='word_1_260' title='bbox 770 4219 809 4264; x_wconf 80' lang='lat' dir='ltr'><em>ee</em></span> <span class='ocrx_word' id='word_1_261' title='bbox 824 4218 888 4278; x_wconf 84' lang='lat' dir='ltr'><em>qna</em></span> <span class='ocrx_word' id='word_1_262' title='bbox 902 4197 1076 4278; x_wconf 66' lang='lat' dir='ltr'><em>negritniare</em></span> <span class='ocrx_word' id='word_1_263' title='bbox 1097 4197 1142 4260; x_wconf 87' lang='lat' dir='ltr'><em>uei</em></span> <span class='ocrx_word' id='word_1_264' title='bbox 1158 4195 1291 4260; x_wconf 82' lang='lat' dir='ltr'><em>edietum</em></span> <span class='ocrx_word' id='word_1_265' title='bbox 1312 4192 1434 4278; x_wconf 83' lang='lat' dir='ltr'><em>(forma</em></span> <span class='ocrx_word' id='word_1_266' title='bbox 1448 4193 1497 4277; x_wconf 87' lang='lat' dir='ltr'><em>B)</em></span> <span class='ocrx_word' id='word_1_267' title='bbox 1519 4193 1637 4258; x_wconf 81' lang='lat' dir='ltr'><em>additis</em></span> <span class='ocrx_word' id='word_1_268' title='bbox 1651 4214 1728 4258; x_wconf 87' lang='lat' dir='ltr'><em>sune</em></span> <span class='ocrx_word' id='word_1_269' title='bbox 1742 4194 1868 4276; x_wconf 75' lang='lat' dir='ltr'><em>uiribus·</em></span> 
     </span>
    </p>

    <p class='ocr_par' dir='ltr' id='par_1_11' title="bbox 203 4295 1868 4592">
     <span class='ocr_line' id='line_1_26' title="bbox 203 4295 1868 4383; baseline -0.002 -20"><span class='ocrx_word' id='word_1_270' title='bbox 203 4315 228 4354; x_wconf 71' lang='lat'><em>2³</em></span> <span class='ocrx_word' id='word_1_271' title='bbox 246 4299 319 4364; x_wconf 70' lang='lat' dir='ltr'><em>etune</em></span> <span class='ocrx_word' id='word_1_272' title='bbox 345 4302 446 4366; x_wconf 86' lang='lat' dir='ltr'><em>uerbis</em></span> <span class='ocrx_word' id='word_1_273' title='bbox 472 4303 669 4383; x_wconf 77' lang='lat' dir='ltr'><em>compositum</em></span> <span class='ocrx_word' id='word_1_274' title='bbox 691 4306 753 4380; x_wconf 88' lang='lat' dir='ltr'><em>est;</em></span> <span class='ocrx_word' id='word_1_275' title='bbox 788 4303 882 4366; x_wconf 88' lang='lat' dir='ltr'><em>ntiter</em></span> <span class='ocrx_word' id='word_1_276' title='bbox 908 4302 1029 4366; x_wconf 83' lang='lat' dir='ltr'><em>censuit</em></span> <span class='ocrx_word' id='word_1_277' title='bbox 1056 4321 1083 4366; x_wconf 91' lang='lat' dir='ltr'><em>o.</em></span> <span class='ocrx_word' id='word_1_278' title='bbox 1099 4299 1245 4364; x_wconf 83' lang='lat' dir='ltr'><em>Noorden</em></span> <span class='ocrx_word' id='word_1_279' title='bbox 1275 4299 1294 4364; x_wconf 90' lang='lat' dir='ltr'><em>t.</em></span> <span class='ocrx_word' id='word_1_280' title='bbox 1311 4321 1335 4364; x_wconf 86' lang='lat' dir='ltr'><em>e.</em></span> <span class='ocrx_word' id='word_1_281' title='bbox 1364 4319 1395 4380; x_wconf 79' lang='lat' dir='ltr'><em>p.</em></span> <span class='ocrx_word' id='word_1_282' title='bbox 1413 4301 1491 4375; x_wconf 87' lang='grc'>335,</span> <span class='ocrx_word' id='word_1_283' title='bbox 1521 4298 1576 4379; x_wconf 75' lang='lat' dir='ltr'><em>qni</em></span> <span class='ocrx_word' id='word_1_284' title='bbox 1607 4317 1675 4362; x_wconf 84' lang='lat' dir='ltr'><em>earn</em></span> <span class='ocrx_word' id='word_1_285' title='bbox 1699 4295 1797 4380; x_wconf 83' lang='lat' dir='ltr'><em>refert</em></span> <span class='ocrx_word' id='word_1_286' title='bbox 1826 4298 1868 4362; x_wconf 89' lang='lat' dir='ltr'><em>ud</em></span> 
     </span>
     <span class='ocr_line' id='line_1_27' title="bbox 245 4401 1865 4492; baseline 0.001 -27"><span class='ocrx_word' id='word_1_287' title='bbox 245 4404 393 4468; x_wconf 82' lang='lat' dir='ltr'><em>tributum</em></span> <span class='ocrx_word' id='word_1_288' title='bbox 424 4406 488 4469; x_wconf 86' lang='lat' dir='ltr'><em>illis</em></span> <span class='ocrx_word' id='word_1_289' title='bbox 518 4405 729 4470; x_wconf 82' lang='lat' dir='ltr'><em>Nouimunuis</em></span> <span class='ocrx_word' id='word_1_290' title='bbox 761 4406 814 4492; x_wconf 90' lang='lat' dir='ltr'><em>qui</em></span> <span class='ocrx_word' id='word_1_291' title='bbox 846 4407 876 4469; x_wconf 91' lang='lat' dir='ltr'><em>in</em></span> <span class='ocrx_word' id='word_1_292' title='bbox 903 4406 1016 4490; x_wconf 84' lang='lat' dir='ltr'><em>Ligeri</em></span> <span class='ocrx_word' id='word_1_293' title='bbox 1047 4411 1138 4468; x_wconf 86' lang='lat' dir='ltr'><em>erant</em></span> <span class='ocrx_word' id='word_1_294' title='bbox 1168 4403 1346 4468; x_wconf 86' lang='lat' dir='ltr'><em>seeundum</em></span> <span class='ocrx_word' id='word_1_295' title='bbox 1379 4402 1463 4488; x_wconf 91' lang='lat' dir='ltr'><em>quod</em></span> <span class='ocrx_word' id='word_1_296' title='bbox 1497 4401 1557 4465; x_wconf 88' lang='lat' dir='ltr'><em>sibi</em></span> <span class='ocrx_word' id='word_1_297' title='bbox 1586 4401 1626 4466; x_wconf 83' lang='lat' dir='ltr'><em>ab</em></span> <span class='ocrx_word' id='word_1_298' title='bbox 1651 4402 1699 4466; x_wconf 81' lang='lat' dir='ltr'><em>eis</em></span> <span class='ocrx_word' id='word_1_299' title='bbox 1723 4403 1783 4466; x_wconf 83' lang='lat' dir='ltr'><em>tuit</em></span> <span class='ocrx_word' id='word_1_300' title='bbox 1806 4403 1865 4466; x_wconf 89' lang='lat' dir='ltr'><em>iur-</em></span> 
     </span>
     <span class='ocr_line' id='line_1_28' title="bbox 244 4507 1435 4592; baseline 0 -22"><span class='ocrx_word' id='word_1_301' title='bbox 244 4507 385 4592; x_wconf 83' lang='lat' dir='ltr'><em>positum</em></span> <span class='ocrx_word' id='word_1_302' title='bbox 408 4507 608 4574; x_wconf 87' lang='lat' dir='ltr'><em>reddendum</em></span> <span class='ocrx_word' id='word_1_303' title='bbox 632 4510 734 4590; x_wconf 83' lang='lat' dir='ltr'><em>(Arm.</em></span> <span class='ocrx_word' id='word_1_304' title='bbox 758 4509 884 4574; x_wconf 88' lang='lat' dir='ltr'><em>Bertin.</em></span> <span class='ocrx_word' id='word_1_305' title='bbox 909 4509 953 4574; x_wconf 87' lang='lat' dir='ltr'><em>od</em></span> <span class='ocrx_word' id='word_1_306' title='bbox 973 4532 1002 4574; x_wconf 91' lang='lat' dir='ltr'><em>o.</em></span> <span class='ocrx_word' id='word_1_307' title='bbox 1021 4512 1093 4586; x_wconf 80' lang='lat'><em>877,</em></span> <span class='ocrx_word' id='word_1_308' title='bbox 1115 4508 1160 4574; x_wconf 83' lang='lat' dir='ltr'><em>ed.</em></span> <span class='ocrx_word' id='word_1_309' title='bbox 1180 4508 1281 4575; x_wconf 76' lang='lat' dir='ltr'><em>ii&#39;uitr</em></span> <span class='ocrx_word' id='word_1_310' title='bbox 1297 4529 1330 4591; x_wconf 79' lang='lat' dir='ltr'><em>p.</em></span> <span class='ocrx_word' id='word_1_311' title='bbox 1351 4511 1435 4592; x_wconf 83' lang='lat'><strong>135).</strong></span> 
     </span>
    </p>

    <p class='ocr_par' dir='ltr' id='par_1_12' title="bbox 245 4609 1869 4798">
     <span class='ocr_line' id='line_1_29' title="bbox 351 4609 1869 4697; baseline -0.003 -22"><span class='ocrx_word' id='word_1_312' title='bbox 351 4611 555 4691; x_wconf 83' lang='lat' dir='ltr'><em>Hinomorns,</em></span> <span class='ocrx_word' id='word_1_313' title='bbox 577 4615 633 4696; x_wconf 81' lang='lat' dir='ltr'><em>qni</em></span> <span class='ocrx_word' id='word_1_314' title='bbox 654 4615 745 4679; x_wconf 85' lang='lat' dir='ltr'><em>edisti</em></span> <span class='ocrx_word' id='word_1_315' title='bbox 766 4635 918 4679; x_wconf 84' lang='lat' dir='ltr'><em>snmrnorn</em></span> <span class='ocrx_word' id='word_1_316' title='bbox 939 4615 983 4678; x_wconf 85' lang='lat' dir='ltr'><em>od</em></span> <span class='ocrx_word' id='word_1_317' title='bbox 1004 4613 1129 4678; x_wconf 85' lang='lat' dir='ltr'><em>oerbnrn</em></span> <span class='ocrx_word' id='word_1_318' title='bbox 1148 4611 1217 4697; x_wconf 81' lang='lat' dir='ltr'><em>fero</em></span> <span class='ocrx_word' id='word_1_319' title='bbox 1240 4631 1307 4676; x_wconf 86' lang='lat' dir='ltr'><em>enrn</em></span> <span class='ocrx_word' id='word_1_320' title='bbox 1329 4633 1363 4676; x_wconf 90' lang='lat' dir='ltr'><em>eo</em></span> <span class='ocrx_word' id='word_1_321' title='bbox 1385 4611 1612 4676; x_wconf 76' lang='lat' dir='ltr'><em>conueniendum</em></span> <span class='ocrx_word' id='word_1_322' title='bbox 1634 4609 1762 4686; x_wconf 77' lang='lat' dir='ltr'><em>exhibet,</em></span> <span class='ocrx_word' id='word_1_323' title='bbox 1780 4609 1869 4692; x_wconf 78' lang='lat' dir='ltr'><em>falso</em></span> 
     </span>
     <span class='ocr_line' id='line_1_30' title="bbox 245 4711 1868 4798; baseline -0.001 -20"><span class='ocrx_word' id='word_1_324' title='bbox 245 4715 327 4780; x_wconf 83' lang='lat' dir='ltr'><em>ittnd</em></span> <span class='ocrx_word' id='word_1_325' title='bbox 341 4720 504 4782; x_wconf 87' lang='lat' dir='ltr'><em>oonoentni</em></span> <span class='ocrx_word' id='word_1_326' title='bbox 522 4719 733 4784; x_wconf 82' lang='lat' dir='ltr'><em>Uerisioeensi</em></span> <span class='ocrx_word' id='word_1_327' title='bbox 748 4718 821 4782; x_wconf 84' lang='lat' dir='ltr'><em>inde</em></span> <span class='ocrx_word' id='word_1_328' title='bbox 836 4741 856 4782; x_wconf 87' lang='lat' dir='ltr'><em>o</em></span> <span class='ocrx_word' id='word_1_329' title='bbox 871 4718 921 4782; x_wconf 88' lang='lat' dir='ltr'><em>die</em></span> <span class='ocrx_word' id='word_1_330' title='bbox 940 4723 987 4784; x_wconf 81' lang='lat'><em>14.</em></span> <span class='ocrx_word' id='word_1_331' title='bbox 1006 4739 1045 4783; x_wconf 91' lang='lat' dir='ltr'><em>rn.</em></span> <span class='ocrx_word' id='word_1_332' title='bbox 1062 4719 1152 4782; x_wconf 88' lang='lat' dir='ltr'><em>Innii</em></span> <span class='ocrx_word' id='word_1_333' title='bbox 1167 4736 1264 4798; x_wconf 73' lang='lat' dir='ltr'><em>nsque</em></span> <span class='ocrx_word' id='word_1_334' title='bbox 1279 4715 1322 4780; x_wconf 83' lang='lat' dir='ltr'><em>od</em></span> <span class='ocrx_word' id='word_1_335' title='bbox 1344 4715 1425 4779; x_wconf 84' lang='lat' dir='ltr'><em>diem</em></span> <span class='ocrx_word' id='word_1_336' title='bbox 1442 4714 1583 4796; x_wconf 78' lang='lat' dir='ltr'><em>prinrnrn</em></span> <span class='ocrx_word' id='word_1_337' title='bbox 1605 4735 1645 4780; x_wconf 86' lang='lat' dir='ltr'><em>nr.</em></span> <span class='ocrx_word' id='word_1_338' title='bbox 1662 4713 1742 4778; x_wconf 78' lang='lat' dir='ltr'><em>Iri-tii</em></span> <span class='ocrx_word' id='word_1_339' title='bbox 1763 4711 1868 4776; x_wconf 82' lang='lat' dir='ltr'><em>bubito</em></span> 
     </span>
    </p>

    <p class='ocr_par' dir='ltr' id='par_1_13' title="bbox 204 4815 1868 5324">
     <span class='ocr_line' id='line_1_31' title="bbox 204 4815 1867 4908; baseline -0.001 -27"><span class='ocrx_word' id='word_1_340' title='bbox 204 4839 228 4878; x_wconf 83' lang='lat' dir='ltr'><em>so</em></span> <span class='ocrx_word' id='word_1_341' title='bbox 245 4821 416 4902; x_wconf 64' lang='lat' dir='ltr'><em>asserente.</em></span> <span class='ocrx_word' id='word_1_342' title='bbox 461 4821 571 4908; x_wconf 80' lang='lat' dir='ltr'><em>Refert</em></span> <span class='ocrx_word' id='word_1_343' title='bbox 591 4825 675 4887; x_wconf 85' lang='lat' dir='ltr'><em>enirn</em></span> <span class='ocrx_word' id='word_1_344' title='bbox 697 4824 732 4886; x_wconf 92' lang='lat' dir='ltr'><em>in</em></span> <span class='ocrx_word' id='word_1_345' title='bbox 754 4823 841 4888; x_wconf 83' lang='lat' dir='ltr'><em>Ann.</em></span> <span class='ocrx_word' id='word_1_346' title='bbox 864 4823 991 4887; x_wconf 90' lang='lat' dir='ltr'><em>Bertin.</em></span> <span class='ocrx_word' id='word_1_347' title='bbox 1016 4824 1036 4888; x_wconf 95' lang='lat' dir='ltr'><em>t.</em></span> <span class='ocrx_word' id='word_1_348' title='bbox 1053 4843 1096 4888; x_wconf 88' lang='lat' dir='ltr'><em>e.:</em></span> <span class='ocrx_word' id='word_1_349' title='bbox 1130 4821 1210 4886; x_wconf 94' lang='lat' dir='ltr'><em>Inde</em></span> <span class='ocrx_word' id='word_1_350' title='bbox 1235 4821 1390 4906; x_wconf 80' lang='lat' dir='ltr'><em>pinsitum</em></span> <span class='ocrx_word' id='word_1_351' title='bbox 1413 4839 1506 4882; x_wconf 82' lang='lat' dir='ltr'><em>suurn</em></span> <span class='ocrx_word' id='word_1_352' title='bbox 1529 4818 1683 4902; x_wconf 80' lang='lat' dir='ltr'><em>generale</em></span> <span class='ocrx_word' id='word_1_353' title='bbox 1707 4815 1867 4881; x_wconf 83' lang='lat' dir='ltr'><em>Kalendis</em></span> 
     </span>
     <span class='ocr_line' id='line_1_32' title="bbox 245 4921 1868 5015; baseline -0.002 -28"><span class='ocrx_word' id='word_1_354' title='bbox 245 4923 320 4988; x_wconf 90' lang='lat' dir='ltr'><em>Iulii</em></span> <span class='ocrx_word' id='word_1_355' title='bbox 342 4925 466 5006; x_wconf 87' lang='lat' dir='ltr'><em>hebuit,</em></span> <span class='ocrx_word' id='word_1_356' title='bbox 489 4927 545 4991; x_wconf 92' lang='lat' dir='ltr'><em>ubi</em></span> <span class='ocrx_word' id='word_1_357' title='bbox 570 4949 628 5014; x_wconf 85' lang='lat' dir='ltr'><em>per</em></span> <span class='ocrx_word' id='word_1_358' title='bbox 651 4929 795 5015; x_wconf 83' lang='lat' dir='ltr'><em>capitulo</em></span> <span class='ocrx_word' id='word_1_359' title='bbox 818 4926 891 5011; x_wconf 86' lang='lat' dir='ltr'><em>(ofr.</em></span> <span class='ocrx_word' id='word_1_360' title='bbox 918 4928 994 5009; x_wconf 78' lang='lat' dir='ltr'><em>Gap.</em></span> <span class='ocrx_word' id='word_1_361' title='bbox 1019 4929 1149 5009; x_wconf 67' lang='lat' dir='ltr'><em>insen),</em></span> <span class='ocrx_word' id='word_1_362' title='bbox 1178 4925 1317 5011; x_wconf 85' lang='lat' dir='ltr'><em>qualiter</em></span> <span class='ocrx_word' id='word_1_363' title='bbox 1340 4944 1473 5009; x_wconf 88' lang='lat' dir='ltr'><em>rognum</em></span> <span class='ocrx_word' id='word_1_364' title='bbox 1498 4921 1656 4986; x_wconf 81' lang='lat' dir='ltr'><em>Frenoiee</em></span> <span class='ocrx_word' id='word_1_365' title='bbox 1680 4922 1765 4986; x_wconf 83' lang='lat' dir='ltr'><em>filiun</em></span> <span class='ocrx_word' id='word_1_366' title='bbox 1789 4941 1868 4984; x_wconf 84' lang='lat' dir='ltr'><em>suus</em></span> 
     </span>
     <span class='ocr_line' id='line_1_33' title="bbox 246 5024 1868 5116; baseline -0.002 -25"><span class='ocrx_word' id='word_1_367' title='bbox 246 5027 458 5094; x_wconf 85' lang='lat' dir='ltr'><em>Hludowieus</em></span> <span class='ocrx_word' id='word_1_368' title='bbox 483 5052 556 5095; x_wconf 87' lang='lat' dir='ltr'><em>oum</em></span> <span class='ocrx_word' id='word_1_369' title='bbox 579 5030 729 5096; x_wconf 85' lang='lat' dir='ltr'><em>fidelibus</em></span> <span class='ocrx_word' id='word_1_370' title='bbox 754 5032 826 5096; x_wconf 88' lang='lat' dir='ltr'><em>eius</em></span> <span class='ocrx_word' id='word_1_371' title='bbox 851 5038 884 5096; x_wconf 87' lang='lat' dir='ltr'><em>et</em></span> <span class='ocrx_word' id='word_1_372' title='bbox 907 5031 997 5116; x_wconf 87' lang='lat' dir='ltr'><em>regni</em></span> <span class='ocrx_word' id='word_1_373' title='bbox 1027 5029 1222 5115; x_wconf 85' lang='lat' dir='ltr'><em>primoribus</em></span> <span class='ocrx_word' id='word_1_374' title='bbox 1251 5033 1396 5112; x_wconf 86' lang='lat' dir='ltr'><em>regeret,</em></span> <span class='ocrx_word' id='word_1_375' title='bbox 1425 5047 1527 5110; x_wconf 87' lang='lat' dir='ltr'><em>usquo</em></span> <span class='ocrx_word' id='word_1_376' title='bbox 1557 5024 1634 5090; x_wconf 87' lang='lat' dir='ltr'><em>dum</em></span> <span class='ocrx_word' id='word_1_377' title='bbox 1667 5027 1736 5111; x_wconf 87' lang='lat' dir='ltr'><em>ipse</em></span> <span class='ocrx_word' id='word_1_378' title='bbox 1764 5025 1868 5089; x_wconf 82' lang='lat' dir='ltr'><em>Romu</em></span> 
     </span>
     <span class='ocr_line' id='line_1_34' title="bbox 245 5130 1866 5220; baseline -0.001 -26"><span class='ocrx_word' id='word_1_379' title='bbox 245 5130 381 5211; x_wconf 84' lang='lat' dir='ltr'><em>rediret,</em></span> <span class='ocrx_word' id='word_1_380' title='bbox 405 5132 580 5215; x_wconf 81' lang='lat' dir='ltr'><em>ordinavit,</em></span> <span class='ocrx_word' id='word_1_381' title='bbox 605 5142 638 5200; x_wconf 91' lang='lat' dir='ltr'><em>et</em></span> <span class='ocrx_word' id='word_1_382' title='bbox 659 5135 821 5220; x_wconf 92' lang='lat' dir='ltr'><em>quomodo</em></span> <span class='ocrx_word' id='word_1_383' title='bbox 845 5135 1001 5199; x_wconf 89' lang='lat' dir='ltr'><em>tributum</em></span> <span class='ocrx_word' id='word_1_384' title='bbox 1032 5134 1187 5219; x_wconf 84' lang='lat' dir='ltr'><em>deporto</em></span> <span class='ocrx_word' id='word_1_385' title='bbox 1211 5132 1303 5216; x_wconf 86' lang='lat' dir='ltr'><em>regni</em></span> <span class='ocrx_word' id='word_1_386' title='bbox 1328 5131 1487 5196; x_wconf 82' lang='lat' dir='ltr'><em>Frenoiee</em></span> <span class='ocrx_word' id='word_1_387' title='bbox 1512 5151 1609 5216; x_wconf 83' lang='lat' dir='ltr'><em>quem</em></span> <span class='ocrx_word' id='word_1_388' title='bbox 1633 5137 1708 5195; x_wconf 87' lang='lat' dir='ltr'><em>ente</em></span> <span class='ocrx_word' id='word_1_389' title='bbox 1731 5137 1866 5194; x_wconf 87' lang='lat' dir='ltr'><em>mortem</em></span> 
     </span>
     <span class='ocr_line' id='line_1_35' title="bbox 245 5233 1866 5324; baseline -0.001 -24"><span class='ocrx_word' id='word_1_390' title='bbox 245 5235 392 5301; x_wconf 85' lang='lat' dir='ltr'><em>Lotherii</em></span> <span class='ocrx_word' id='word_1_391' title='bbox 429 5239 559 5319; x_wconf 81' lang='lat' dir='ltr'><em>habuit,</em></span> <span class='ocrx_word' id='word_1_392' title='bbox 596 5239 653 5305; x_wconf 85' lang='lat' dir='ltr'><em>eed</em></span> <span class='ocrx_word' id='word_1_393' title='bbox 685 5247 718 5306; x_wconf 86' lang='lat' dir='ltr'><em>et</em></span> <span class='ocrx_word' id='word_1_394' title='bbox 751 5240 791 5304; x_wconf 90' lang='lat' dir='ltr'><em>de</em></span> <span class='ocrx_word' id='word_1_395' title='bbox 827 5238 1016 5324; x_wconf 80' lang='lat' dir='ltr'><em>Burgundio</em></span> <span class='ocrx_word' id='word_1_396' title='bbox 1051 5238 1255 5322; x_wconf 85' lang='lat' dir='ltr'><em>exigeretur,</em></span> <span class='ocrx_word' id='word_1_397' title='bbox 1292 5235 1467 5322; x_wconf 84' lang='lat' dir='ltr'><em>disposuit,</em></span> <span class='ocrx_word' id='word_1_398' title='bbox 1503 5236 1627 5300; x_wconf 82' lang='lat' dir='ltr'><em>seilicet</em></span> <span class='ocrx_word' id='word_1_399' title='bbox 1661 5237 1777 5298; x_wconf 86' lang='lat' dir='ltr'><em>uteie.</em></span> <span class='ocrx_word' id='word_1_400' title='bbox 1806 5233 1866 5318; x_wconf 74' lang='lat' dir='ltr'><em>efr.</em></span> 
     </span>
    </p>
   </div>
   <div class='ocr_carea' id='block_1_7' title="bbox 204 5338 1760 5508">
    <p class='ocr_par' dir='ltr' id='par_1_14' title="bbox 204 5338 1760 5508">
     <span class='ocr_line' id='line_1_36' title="bbox 204 5338 467 5424; baseline 0.023 -24"><span class='ocrx_word' id='word_1_401' title='bbox 204 5359 227 5400; x_wconf 82' lang='lat' dir='ltr'><em>n</em></span> <span class='ocrx_word' id='word_1_402' title='bbox 245 5338 335 5424; x_wconf 83' lang='lat' dir='ltr'><em>infra</em></span> <span class='ocrx_word' id='word_1_403' title='bbox 356 5344 420 5407; x_wconf 88' lang='lat' dir='ltr'><em>not.</em></span> <span class='ocrx_word' id='word_1_404' title='bbox 440 5347 467 5406; x_wconf 92' lang='lat'><em>1.</em></span> 
     </span>
     <span class='ocr_line' id='line_1_37' title="bbox 1269 5423 1760 5508; baseline -0.01 -17"><span class='ocrx_word' id='word_1_405' title='bbox 1269 5427 1326 5508; x_wconf 82' lang='lat' dir='ltr'><em>(B.</em></span> <span class='ocrx_word' id='word_1_406' title='bbox 1344 5427 1391 5501; x_wconf 89' lang='grc' dir='ltr'><em>ΙΙ,</em></span> <span class='ocrx_word' id='word_1_407' title='bbox 1414 5427 1495 5500; x_wconf 82' lang='lat'><em>257,·</em></span> <span class='ocrx_word' id='word_1_408' title='bbox 1520 5423 1556 5486; x_wconf 78' lang='lat' dir='ltr'><em>P.</em></span> <span class='ocrx_word' id='word_1_409' title='bbox 1575 5426 1646 5488; x_wconf 73' lang='lat' dir='ltr'><em>rto.</em></span> <span class='ocrx_word' id='word_1_410' title='bbox 1671 5426 1760 5505; x_wconf 75' lang='lat'><strong><em>536.)</em></strong></span> 
     </span>
    </p>
   </div>
   <div class='ocr_carea' id='block_1_8' title="bbox 349 5855 615 5894">
    <p class='ocr_par' dir='ltr' id='par_1_15' title="bbox 349 5855 615 5894">
     <span class='ocr_line' id='line_1_38' title="bbox 349 5855 615 5894; baseline 0.004 -1"><span class='ocrx_word' id='word_1_411' title='bbox 349 5857 389 5893; x_wconf 84' lang='lat' dir='ltr'><em>LL.</em></span> <span class='ocrx_word' id='word_1_412' title='bbox 405 5855 573 5894; x_wconf 69' lang='lat' dir='ltr'><strong>CAPITULARIA</strong></span> <span class='ocrx_word' id='word_1_413' title='bbox 592 5855 615 5893; x_wconf 86' lang='lat' dir='ltr'><em>n.</em></span> 
     </span>
    </p>
   </div>
   <div class='ocr_carea' id='block_1_9' title="bbox 0 0 2284 6421">
    <p class='ocr_par' dir='ltr' id='par_1_16' title="bbox 0 0 2284 6421">
     <span class='ocr_line' id='line_1_39' title="bbox 0 0 2284 6421; baseline 0 0"><span class='ocrx_word' id='word_1_414' title='bbox 0 0 2284 6421; x_wconf 95' lang='lat' dir='ltr'><em> </em></span> 
     </span>
    </p>
   </div>
  </div>
 </body>
</html>
