4560 6426
417 439 479 505 300
579 437 826 495 ΟΑΡΙΤΙΙΙιΑΒΙΔ
845 437 975 496 REGUM
994 437 1180 494 Fatuclus
1198 434 1460 492 ocolunnuntls
1479 433 1628 504 (KAROLI
1641 433 1688 503 11).
1709 463 1738 472 —
1758 431 1879 488 Na2'10.

336 621 397 676 860.
415 633 503 695 rum,
536 613 671 681 firmiter
701 615 936 696 banniverunt,
970 621 1007 678 ut
1029 614 1148 679 amodo
1180 621 1213 679 et
1240 613 1397 698 deinceps
1421 611 1529 675 nullus
1553 616 1751 696 praesumat.
1796 607 1840 672 Ει
1862 607 1919 694 qui
1942 629 2038 694 prae-

414 720 604 804 sumpserit,
637 719 817 785 socundum
845 721 937 806 leges
966 718 1094 783 divinas
1126 725 1160 783 et
1190 719 1350 782 humanas
1381 722 1415 780 et
1438 714 1616 780 secundum
1640 713 1783 800 capitula
1805 713 2038 799 imporatorum

415 843 453 886 ac
476 822 768 908 praedecessorum
791 844 924 888 suorum
948 823 1010 888 hoc
1033 823 1208 888 emendare
1232 829 1377 908 cogatur.
1420 819 1522 884 utut
1545 820 1767 904 unusquisque
1791 817 1876 882 infra
1900 818 2036 904 patriam

415 949 486 992 cum
511 949 593 1014 pace
618 935 651 993 et
675 929 746 993 sine
770 929 985 1015 oppressione
1007 948 1188 1015 pauperum
1212 932 1245 990 et
1268 924 1594 991 circummanentium
1619 923 1776 986 consistat
1799 929 1833 988 et
1855 924 1888 987 in
1912 923 2036 986 bostem

418 1033 469 1095 vel
493 1031 534 1096 ad
558 1032 713 1118 placitum
739 1033 809 1096 sive
833 1031 875 1096 ad
899 1039 1022 1096 curtem
1048 1033 1182 1096 veniens
1211 1030 1251 1095 do
1283 1051 1341 1095 suo
1372 1030 1419 1094 sio
1443 1029 1598 1094 warnitus
1628 1027 1668 1091 de
1696 1027 1792 1096 domo
1816 1047 1874 1090 sua
1898 1034 2037 1102 moveat,
2071 1056 2082 1093 a

414 1143 451 1200 ut
474 1157 546 1200 oum
571 1157 652 1222 pace
676 1137 798 1218 venire,
823 1145 909 1200 stare
934 1143 967 1200 et
990 1137 1031 1202 ad
1054 1136 1184 1201 domurn
1208 1156 1299 1200 suam
1323 1133 1428 1198 redire
1452 1129 1575 1219 possit’.

1190 1394 1264 1480 (Ε)

468 1495 656 1584 Oapitula
686 1505 812 1564 autem
846 1499 1120 1584 imperatorum
1151 1499 1279 1564 domni
1306 1495 1440 1562 Karoli
1469 1503 1507 1560 et
1536 1495 1662 1561 domni
1689 1494 1908 1560 Hludowici
1939 1493 1984 1558 de

581 1602 726 1666 talibus
750 1602 888 1680 rebus,
912 1611 953 1667 ut
976 1603 1020 1668 de
1045 1605 1180 1670 multis
1203 1623 1331 1689 pauca
1354 1601 1417 1665 hic
1440 1619 1646 1687 ponamus,
1670 1599 1871 1662 istasunt.

527 1721 586 1806 (l.)
620 1713 684 1786 Si²3
711 1732 775 1802 quis
805 1733 880 1787 infra
905 1751 1024 1804 regnum
1046 1734 1174 1804 rapinam
1196 1733 1297 1789 fecerit
1327 1736 1379 1787 aut
1404 1731 1535 1800 cuiquam
1563 1731 1660 1784 nostro
1687 1729 1763 1784 fideli
1790 1728 1906 1798 eiusque
1933 1730 2040 1786 homini
2061 1742 2084 1779 m

416 1815 524 1886 aliquid
539 1817 568 1872 vi
590 1818 749 1882 abstulerit,
773 1819 802 1874 in
825 1819 920 1890 triplo,
944 1821 990 1875 cui
1005 1821 1113 1890 aliquid
1128 1820 1255 1886 abstulit,
1277 1819 1388 1890 legibus
1404 1821 1566 1887 componat,
1590 1819 1620 1871 et
1634 1815 1750 1886 insuper
1764 1815 1887 1871 bannum
1904 1820 2040 1885 nostrum,

416 1903 446 1958 id
468 1907 513 1959 est
530 1905 680 1976 sexaginta
701 1907 814 1973 solidos,
837 1907 919 1962 nobis
942 1907 1094 1978 persolvat.
1138 1907 1320 1964 Postmodum
1343 1923 1409 1962 vero
1433 1922 1450 1960 a
1472 1903 1575 1959 comite
1597 1906 1665 1958 ante
1687 1920 1739 1958 nos
1761 1903 1929 1971 adducatur,
1953 1909 1990 1960 et
2011 1905 2041 1959 in

415 1990 562 2046 bastonico
585 1995 711 2048 retrusus
733 2011 821 2063 usque
844 1994 908 2050 dum
933 1994 1014 2050 nobis
1036 1995 1184 2065 placuerit,
1206 2011 1313 2065 poenas
1335 1993 1404 2048 luat.
1448 1991 1520 2046 Nam
1542 1989 1567 2044 si
1588 1987 1700 2061 publice
1723 1994 1819 2045 actum
1833 1991 1927 2058 fuerit,
1950 1990 2041 2062 publi-

416 2094 477 2132 cam
499 2077 565 2134 inde
587 2082 656 2150 agat
677 2080 884 2150 poenitentiam
908 2081 988 2136 iuxta
1010 2084 1172 2137 sanctorum
1188 2099 1327 2136 canonum
1342 2079 1526 2134 sanctionem.
1571 2076 1600 2131 Si
1624 2094 1689 2133 vero
1713 2078 1836 2144 occulte,
1865 2079 2040 2135 sacerdotum

418 2163 536 2220 consilio
559 2181 593 2220 ex
608 2167 663 2222 hoo
678 2169 747 2238 agat
762 2167 984 2238 poenitentiam:
1007 2168 1143 2238 quoniam
1164 2167 1318 2239 raptores,
1342 2169 1375 2221 ut
1396 2165 1439 2220 ait
1453 2164 1608 2235 apostolus,
1630 2163 1686 2218 nisi
1702 2181 1795 2220 veram
1819 2163 1930 2236 egerint
1945 2166 2040 2237 poeni·
2062 2181 2084 2220 ιι.

417 2250 546 2318 tentiam,
571 2251 696 2323 ‘regnum
718 2254 771 2308 Dei
793 2272 852 2310 non
872 2255 1075 2325 possidebunt’.
1120 2255 1173 2320 Qui
1188 2272 1255 2310 vero
1278 2255 1312 2310 de
1327 2253 1411 2309 rebus
1426 2252 1607 2308 ecclesiarum
1623 2251 1731 2320 aliquid
1746 2251 1904 2318 abstulerit,
1927 2253 2041 2324 gravius

416 2337 482 2392 inde
505 2337 657 2405 iudicatum
685 2340 753 2410 quia
776 2358 917 2396 sacrarum
940 2360 1033 2398 rerum
1059 2341 1167 2398 ablatio
1194 2341 1370 2412 sacrilegium
1394 2342 1450 2405 est,
1481 2343 1511 2394 et
1537 2338 1689 2409 sacrilegus
1712 2341 1841 2404 vocatur,
1868 2339 1917 2408 qui
1944 2341 2042 2396 exeis

415 2424 524 2494 aliquid
546 2425 698 2482 abstulerit
719 2431 770 2482 aut
791 2428 925 2498 rapuerit.
970 2427 1103 2484 Extomes
1125 2446 1246 2498 namque
1269 2446 1287 2483 a
1309 2426 1453 2483 liminibus
1477 2429 1592 2480 sanctae
1613 2425 1712 2481 matris
1728 2425 1863 2482 ccclesiae
1885 2427 1957 2482 tales
1980 2445 2040 2498 per·

416 2528 502 2567 sonae
525 2530 613 2582 usque
636 2513 671 2568 ad
694 2513 918 2570 satisfactionem
938 2515 1081 2582 ecclesiae,
1104 2533 1189 2585 quam
1202 2517 1353 2580 laeserunt,
1377 2516 1444 2568 sunt
1457 2511 1606 2568 habendae
1621 2515 1707 2581 atque
1723 2512 1841 2568 firmiter
1856 2513 2041 2570 denotandae.

525 2605 583 2691 (Ι.)
617 2615 660 2672 nt
681 2617 776 2674 item
822 2599 886 2673 Si²⁴
902 2620 966 2689 quis
989 2620 1018 2674 in
1034 2620 1159 2676 exercitu
1175 2619 1250 2675 infra
1265 2637 1383 2690 regnum
1398 2617 1458 2672 sine
1473 2616 1598 2672 iussione
1613 2615 1754 2670 dominica
1770 2633 1820 2686 per
1837 2615 1894 2670 vim
1909 2617 2041 2673 hostilem
2060 2639 2087 2678 so

417 2701 525 2772 aliquid
545 2703 675 2773 praedari
697 2704 820 2761 voluerit
841 2710 892 2761 aut
912 2707 1026 2762 foenum
1045 2708 1146 2762 tollere
1168 2711 1219 2762 aut
1240 2723 1360 2778 granum
1381 2705 1439 2759 sive
1454 2721 1559 2774 pecora
1573 2703 1682 2758 maiora
1698 2702 1741 2757 vel
1757 2702 1867 2758 minora
1887 2703 2041 2775 domosque

418 2788 579 2860 infrangere
603 2791 648 2846 vel
676 2792 839 2858 incendere,
866 2793 938 2848 haec
964 2811 1000 2849 ne
1027 2794 1109 2860 fiant,
1140 2794 1254 2850 omnino
1276 2792 1466 2864 prohibemus.
1511 2789 1615 2855 Quodsi
1638 2789 1674 2844 ab
1697 2789 1792 2859 aliquo
1819 2793 2043 2862 praesumptiose

417 2875 525 2931 lactum
548 2875 647 2945 fuerit,
671 2878 821 2948 sexaginta
843 2880 961 2946 solidos,
985 2880 1009 2934 si
1032 2881 1105 2935 liber
1127 2883 1178 2947 est,
1202 2880 1240 2934 sit
1262 2879 1423 2950 culpabilis,
1448 2881 1478 2932 et
1499 2877 1595 2932 omnia
1617 2875 1721 2930 similia
1742 2876 1884 2943 restituat,
1907 2881 1957 2933 aut
1980 2896 2043 2934 oum

418 2961 566 3018 duodecim
588 2964 709 3019 testibus
732 2982 761 3021 ee
784 2969 895 3037 purget.
941 2967 970 3021 Si
993 2985 1059 3022 vero
1083 2985 1179 3023 servus
1201 2968 1256 3022 hoc
1279 2966 1386 3030 fecerit,
1410 2963 1527 3035 capitali
1550 2963 1660 3018 crimini
1684 2962 1837 3030 subiaceat,
1861 2967 1891 3020 et
1913 2965 2042 3021 dominus

417 3049 513 3104 omnia
535 3049 640 3105 similia
662 3051 804 3118 restituat,
828 3053 896 3122 quia
919 3071 1030 3110 servum
1052 3072 1133 3109 suum
1155 3071 1213 3108 non
1236 3054 1359 3108 correxit
1380 3070 1433 3108 neo
1455 3050 1616 3118 custodivit,
1640 3049 1758 3105 uitalia
1780 3067 1837 3105 non
1852 3056 2043 3122 perpetraret;
2062 3074 2087 3112 aa

416 3135 551 3206 quoniam
575 3137 598 3190 si
621 3138 772 3208 nosipsos
795 3139 974 3207 comedimus,
998 3141 1055 3196 cito
1078 3141 1246 3196 deficiemus.
1290 3139 1489 3209 Unusquisque
1505 3141 1602 3192 tamen
1617 3136 1760 3192 custodiat
1775 3137 1930 3194 exercitum
1953 3158 2042 3208 suum,

418 3239 453 3277 ne
476 3222 573 3292 aliqua
595 3224 778 3295 depraedatio
801 3225 876 3280 infre
897 3244 1015 3298 regnum
1037 3227 1095 3283 fiat.

518 3318 576 3400 (3.)
610 3326 653 3382 Et
675 3328 767 3384 item.
812 3311 876 3384 Si²s¹
898 3330 962 3400 quis
985 3332 1098 3387 domum
1120 3331 1244 3387 alienam
1266 3330 1418 3386 cuiuslibet
1440 3330 1601 3402 infregerit,
1630 3329 1765 3398 quicquid
1787 3329 1888 3386 exinde
1911 3348 1962 3401 per
1984 3331 2042 3387 vim

416 3412 567 3468 abstulerit
589 3417 640 3468 ant
662 3416 789 3485 rapuerit
811 3417 857 3473 vel
879 3417 1024 3485 furaverit,
1055 3419 1206 3474 secundum
1229 3419 1321 3488 legem
1348 3435 1409 3472 earn
1433 3417 1488 3483 illi,
1517 3417 1595 3472 cuius
1623 3417 1721 3471 domus
1749 3415 1836 3472 fuerit
1863 3417 1985 3473 infracta
2012 3422 2042 3476 et

417 3499 554 3569 spoliata,
585 3500 614 3554 in
642 3501 758 3572 triplum
788 3509 954 3575 componat,
983 3509 1013 3559 et
1039 3505 1155 3576 insuper
1180 3505 1303 3560 bannum
1334 3504 1505 3559 dominicum
1535 3505 1635 3559 solvat.
1686 3502 1714 3557 Si
1737 3519 1834 3558 servus
1857 3504 1910 3560 hoc
1933 3505 2040 3573 fecerit,
2060 3517 2086 3566 30,
2180 3493 2182 3498 ’

417 3587 588 3642 sententiam
611 3588 784 3658 superiorem
806 3591 936 3661 accipiat,
960 3595 990 3646 et
1009 3591 1125 3663 insuper
1148 3592 1300 3648 seeundum
1322 3591 1414 3661 legem
1437 3609 1516 3645 suam
1532 3589 1767 3661 compositionem
1782 3589 1877 3646 faciat.
1922 3593 1951 3647 si
1966 3593 2040 3661 quis·

418 3673 488 3728 libet
505 3674 588 3730 homo
604 3674 720 3744 aliquod
742 3677 801 3732 tale
825 3678 957 3732 damnum
980 3679 1065 3734 alicui
1088 3680 1195 3745 iecerit,
1219 3697 1270 3750 pro
1294 3695 1350 3747 quo
1373 3678 1487 3749 plenam
1503 3677 1736 3748 compositionem
1752 3676 1845 3732 iacere
1864 3695 1921 3732 non
1937 3678 2040 3748 valeat,

416 3760 599 3831 semetipsum
622 3761 651 3815 in
673 3763 765 3818 wadio
788 3782 839 3834 pro
863 3781 943 3821 servo
966 3766 1033 3821 dare
1057 3767 1171 3822 studeat
1192 3783 1280 3835 usque
1303 3765 1370 3819 dum
1391 3766 1506 3836 plenam
1528 3764 1763 3835 compositionem
1785 3763 1969 3836 adimplesti!¹

503 3914 560 3981 De
591 3919 785 4004 capitulis
815 3927 946 3984 autem
976 3942 996 3985 a
1025 3918 1139 3984 nobis
1168 3941 1236 4006 per
1265 3940 1427 4004 regnum
1459 3927 1640 3986 nostrum
1670 3919 1850 3984 directis
1878 3922 1959 3986 ista

1065 4033 1260 4110 excerpta
1283 4031 1389 4086 sunt.
1782 4063 1784 4066 -
2060 4051 2085 4092 a

525 4131 586 4217 (4)
621 4126 695 4198 Ut²6
710 4145 902 4218 unusquisque
918 4146 1019 4202 missus
1041 4147 1071 4201 in
1088 4165 1138 4202 suo
1154 4147 1299 4202 missatico
1315 4146 1506 4217 provisionem
1522 4145 1634 4211 habeat,
1658 4147 1698 4213 ut,
1722 4146 1745 4200 si
1761 4146 1864 4216 aliquis
1888 4148 1922 4204 de
1937 4148 2042 4204 nostris

419 4229 547 4286 fidelibus
570 4247 621 4300 per
642 4231 817 4288 missaticum
840 4251 921 4288 suum
944 4233 1090 4289 transierit
1118 4238 1169 4288 aut
1196 4234 1236 4288 ibi
1265 4233 1422 4288 consistens
1446 4233 1489 4287 vel
1513 4250 1692 4287 commanens
1715 4233 1829 4304 rapinas
1852 4236 1897 4289 vel
1927 4235 2041 4307 deprae·

416 4317 546 4372 dationes
569 4320 620 4372 aut
641 4318 713 4373 talia
736 4320 846 4374 inlicita
871 4321 983 4386 fecerit,
1014 4321 1049 4376 de
1072 4320 1173 4389 quibus
1198 4321 1272 4376 Deus
1300 4319 1404 4376 offendi
1426 4319 1499 4374 solet
1521 4323 1550 4374 et
1572 4320 1692 4390 populus
1715 4337 1766 4390 pro
1791 4321 1973 4391 oppressione
1995 4339 2041 4394 ge·

417 4421 505 4470 mere,
534 4407 673 4473 quatenus
702 4407 756 4462 hoo
784 4407 928 4463 subtiliter
950 4409 979 4463 et
1002 4408 1141 4463 veraciter
1162 4407 1317 4477 investiget
1347 4405 1380 4461 et
1412 4397 1589 4461 seeundum
1622 4398 1728 4482 legem
1753 4399 1920 4463 emendari
1943 4400 2043 4465 faciat

416 4489 553 4560 nobisque
576 4493 728 4559 renuntiet,
750 4494 875 4564 qualiter
896 4494 961 4550 iude
983 4512 1036 4550 nos
1060 4494 1100 4549 ric
1122 4494 1291 4561 ordinemus,
1314 4496 1348 4548 ut
1362 4510 1414 4548 nec
1429 4493 1521 4563 ipsum
1536 4511 1588 4548 nec
1610 4493 1697 4548 alium
1720 4493 1774 4549 hoc
1795 4512 1879 4565 agere
1896 4495 2027 4552 delectet.
2060 4517 2086 4556 eu

525 4585 586 4667 (5.)
620 4594 664 4651 Et
686 4597 778 4652 item.
824 4579 897 4652 Ut²7
920 4599 998 4653 missi
1022 4599 1051 4653 in
1074 4598 1187 4654 illomm
1209 4597 1360 4652 missaticis
1384 4613 1479 4651 curam
1502 4596 1640 4663 habeant,
1670 4615 1705 4652 ne
1729 4597 1857 4654 homines
1879 4599 1970 4654 nostri
1992 4603 2043 4654 aut

417 4681 610 4752 aliiquilibet
633 4683 740 4740 vicinos
763 4702 828 4740 suos
850 4685 971 4741 maiores
994 4687 1039 4740 vel
1062 4685 1184 4741 minores
1207 4688 1334 4756 tempore
1358 4683 1484 4749 aestatis,
1507 4684 1620 4753 quando
1643 4684 1680 4738 ad
1700 4684 1817 4740 herbam
1838 4703 1903 4741 suos
1918 4686 2042 4742 caballos

419 4768 550 4835 mittunt,
574 4770 618 4824 vel
640 4773 768 4841 tempore
796 4771 908 4837 hiemis,
935 4773 1049 4843 quaudo
1077 4773 1263 4828 marascalcos
1286 4771 1399 4826 illorum
1428 4771 1464 4825 ad
1487 4771 1596 4826 fodrum
1620 4771 1759 4843 dirigunt,
1792 4771 1898 4828 vicinos
1920 4773 2042 4829 maiores

420 4855 464 4911 vel
487 4855 610 4912 minores
633 4857 848 4928 depraedentur.
893 4857 929 4913 Et
952 4859 975 4914 si
998 4860 1117 4930 egerint,
1141 4860 1194 4914 hoo
1217 4859 1317 4924 auam,
1341 4861 1374 4912 ut
1396 4857 1603 4928 praediximus,
1626 4859 1764 4914 veraciter
1786 4859 1866 4914 missi
1887 4861 1979 4916 nostri
2000 4861 2041 4915 in·

419 4942 570 5013 vestigent,
593 4945 623 4998 et
645 4936 797 5020 legaliter
819 4937 1026 5001 emendatum
1049 4945 1131 5001 nobis
1146 4945 1319 5011 renuntient,
1343 4949 1375 5000 ut
1390 4944 1419 4999 in
1436 4944 1545 5000 seniore
1561 4945 1614 5000 hoo
1637 4945 1677 4999 sic
1692 4946 1879 5014 emendemus,
1902 4951 2042 5017 quatenus
2060 4968 2085 5006 u.

419 5029 547 5085 homines
571 5047 635 5114 suos
659 5029 687 5085 in
710 5035 855 5102 potestate
877 5033 984 5088 habeat
1006 5037 1036 5088 et
1058 5034 1186 5089 contenti
1209 5033 1267 5088 sint
1288 5032 1393 5088 debitis
1417 5036 1446 5086 et
1467 5031 1596 5087 indebita
1618 5032 1722 5088 iniuste
1745 5051 1803 5088 non
1825 5035 1972 5104 appetant.

529 5124 587 5209 (6.)
617 5124 774 5189 Volumus
790 5128 898 5202 etiam,
915 5134 950 5191 ut
966 5126 1006 5191 de
1023 5127 1188 5191 beneficiis
1204 5126 1378 5190 destructis
1395 5132 1428 5190 et
1446 5127 1534 5189 silvis
1551 5126 1689 5191 venditis
1706 5137 1772 5191 tam
1789 5150 1830 5193 ex
1848 5129 2040 5216 republica,

420 5248 516 5313 qnam
540 5250 581 5294 ex
605 5229 704 5293 rebus
728 5230 978 5311 ecclesiasticis,
1008 5232 1097 5295 missi
1122 5231 1224 5294 nostri
1249 5249 1360 5295 omnes
1384 5228 1603 5308 admoneant,
1627 5240 1663 5294 ιιι
1685 5231 1726 5296 de
1751 5239 1876 5312 cetero,
1908 5235 1962 5320 qui
1986 5235 2043 5298 illa

420 5333 551 5414 habent,
576 5334 694 5399 exinde
719 5357 754 5399 se
779 5343 918 5400 caveant
941 5343 973 5399 ct
997 5336 1067 5415 hoc,
1092 5333 1177 5419 quod
1202 5335 1287 5399 male
1312 5340 1419 5397 actum
1443 5339 1510 5412 est,
1535 5341 1690 5418 quantum
1714 5337 1894 5420 potuerint,
1929 5359 2041 5404 emen-

522 5491 550 5558 g)
568 5492 690 5543 adhibeat
710 5493 731 5544 l.
2061 5519 2088 5558 ω

523 5627 568 5695 23>
587 5627 677 5696 Sceptra
698 5645 728 5698 p.
741 5630 851 5697 290sq.,
873 5645 894 5683 c.
910 5631 938 5683 11
964 5628 1076 5695 (Bam.
1095 5627 1159 5682 Leo.
1173 5627 1217 5695 ΙΙ,
1242 5643 1263 5681 c.
1280 5627 1352 5696 383).
1438 5627 1483 5693 24)
1503 5625 1572 5681 Ictu.
1591 5644 1612 5682 c.
1627 5629 1660 5682 10
1681 5629 1792 5694 (chsd.
1811 5629 1872 5685 Lea
1886 5631 1913 5700 I,
1938 5646 1959 5686 e.
1972 5633 2042 5698 341).

420 5733 464 5798 ⁶25)
484 5731 556 5788 Ibid.
574 5749 593 5786 c.
608 5735 624 5788 8
645 5733 758 5803 (Auscp.
772 5735 827 5801 ΙΙΙ,
846 5749 867 5788 c.
881 5736 935 5802 ab).
1017 5734 1062 5801 26)
1083 5733 1148 5802 Cup.
1166 5733 1237 5786 miss.
1251 5731 1344 5785 Silius.
1355 5731 1415 5798 853,
1432 5747 1517 5800 aalma
1530 5749 1560 5800 p.
1575 5731 1634 5796 274,
1657 5749 1678 5788 c.
1693 5735 1733 5788 12.
1813 5735 1858 5803 27)
1877 5733 1948 5789 ltu.
1966 5751 1988 5790 c.
2002 5737 2043 5790 13.
