4560 6426
438 436 499 497 350
601 431 846 487 capitulatam
865 431 992 487 REGUM
1012 432 1194 488 enunciat:
1212 431 1474 488 OCCIDEN'IALIS
1494 432 1641 500 (KAROLI
1654 434 1700 502 ΙΙ).
1718 465 1751 474 -
1769 434 1819 488 Nr.
1832 435 1891 489 279.

360 615 419 667 87¹3.
438 606 634 691 Adalgarius
651 607 949 693 Augustidunensis
973 602 1191 674 ecclcsiae¹¹²7
1215 610 1384 695 episcopus
1408 609 1595 695 subscripsi.
1640 607 1776 672 Hemina
1791 607 1924 673 Diensis
1947 608 2054 673 eccle-

438 711 506 774 siae
516 702 545 747 ‘²⁸
569 712 741 796 episcopus
766 710 953 797 subscripsi.
1001 712 1151 776 himarus
1173 711 1431 776 Ruthenensium
1455 702 1654 776 ecclesiae29
1677 713 1849 798 episcopus
1865 711 2055 796 subscripsi.

439 813 635 879 Theotarius
660 814 883 880 Gerundensis
914 808 1115 880 ecelesiae3⁰
1142 816 1314 902 episcopus
1344 816 1532 901 subscripsi.
1585 813 1684 898 Hugo
1715 806 1843 878 abbam.
1893 815 2054 879 Albustus

437 918 538 980 abbas
562 938 603 981 ex
625 920 840 996 monasterio,
864 920 948 1005 quod
972 927 1106 983 vocatur
1128 919 1302 984 Bethleem
1326 921 1394 984 sire
1414 919 1590 984 Ferrarius.
1635 919 1831 983 Hilduinus'
1858 911 1998 984 abbasfl-²
2022 925 2056 982 et

437 1021 714 1086 bibliothecarius.
754 1021 930 1086 Vullardus
953 1023 1038 1087 abba
1054 1023 1181 1108 scripsit
1197 1029 1230 1086 et
1248 1023 1448 1108 subscripsit.
1495 1022 1681 1086 Gauzlenus
1698 1014 1819 1086 abnui-³
1837 1022 2053 1086 etarchican·
2085 1041 2097 1078 a

439 1124 624 1189 mmm&

327 1333 351 1384 4.
366 1333 418 1384 Iar.
436 1314 508 1396 (E.)
531 1307 772 1380 Libelluswgl
787 1315 1110 1401 proclamationis
1134 1318 1337 1382 ecclesiae
1354 1316 1560 1382 Remensis
1577 1315 1766 1380 adversus
1782 1315 2054 1381 illudowicum

587 1441 716 1505 regem
741 1418 885 1485 Oarolo
909 1422 1136 1506 imperatori
1161 1423 1319 1486 oblatus
1344 1422 1380 1486 in
1406 1419 1551 1505 synodo
1575 1420 1899 1504 Porrigonensir.

545 1540 717 1605 Paternis¹
740 1542 935 1625 magisteriis
958 1544 1163 1624 instruimur,
1187 1551 1232 1620 ut,
1256 1547 1283 1608 si
1308 1566 1372 1629 qua
1393 1544 1517 1608 maiora
1540 1544 1671 1628 negotia
1694 1543 1747 1606 rel
1770 1543 1910 1606 maiores
1935 1563 2055 1606 causae

435 1652 569 1709 exrrrtae
594 1646 729 1724 fuerint,
759 1645 800 1710 ad
829 1645 941 1710 sedem
965 1648 1193 1732 apostolicam,
1223 1654 1320 1733 prout
1349 1648 1528 1711 auctoritas
1551 1647 1648 1711 docet
1671 1653 1704 1710 et
1726 1667 1795 1710 mos
1819 1646 1971 1730 antiquus
1995 1644 2053 1709 ob·
2074 1665 2099 1703 rc

436 1749 545 1828 tinuit,
579 1770 710 1835 semper
732 1749 925 1814 referantur.
970 1750 1130 1836 Ideoque,
1166 1752 1264 1836 quia¹
1286 1750 1486 1836 imperialem
1511 1750 1738 1814 excellentiam
1766 1756 1907 1813 vestram
1932 1748 2055 1834 synodo

435 1873 589 1936 praeesse
613 1859 646 1916 et
669 1854 806 1917 vicarios
830 1854 1139 1941 sedisapostolicae
1164 1861 1295 1942 praesto
1320 1855 1412 1920 uobis
1436 1855 1554 1919 adesse
1578 1855 1773 1938 gaudemus,
1798 1852 1998 1916 calamitates
2022 1856 2055 1914 et

424 1949 581 2020 'miserias
599 1957 759 2023 ecclesiae
783 1963 914 2022 nostrae
937 1949 1130 2023 ac'filiorum
1155 1966 1350 2037 nostrornm,
1374 1979 1454 2044 quas
1477 1958 1539 2021 lroc
1561 1979 1644 2022 anno
1667 1959 1708 2022 ab
1725 1955 1917 2020 Hlndorvioo
1941 1947 2055 2041 rego35
2108 1989 2111 1996 ⁴

436 2061 576 2146 itemque
600 2060 793 2125 illudowico
816 2063 882 2127 filio
915 2063 984 2126 cius
1014 2069 1046 2126 et
1076 2063 1288 2148 complicibus
1318 2083 1443 2138 corum,
1476 2060 1594 2125 caedes
1624 2059 1776 2125 videlicet
1807 2066 1840 2124 et
1870 2060 2054 2141 homicidia,

436 2162 605 2244 adulteria,
630 2164 874 2246 fornicationes,
899 2167 1040 2252 rapinas,
1065 2167 1237 2252 sacrilegia
1261 2173 1294 2230 et
1317 2173 1427 2230 catera
1449 2166 1590 2250 flagitia,
1622 2184 1705 2248 quae
1728 2165 1837 2228 nullus
1862 2185 2054 2228 enumerare
2074 2181 2097 2220 1⁵

437 2274 555 2353 potest,
580 2270 719 2333 ecelesia
742 2277 853 2334 nostra
884 2293 1041 2356 perpessa
1064 2279 1130 2354 cst,
1153 2280 1282 2336 vestrae
1308 2271 1474 2335 seronitati
1506 2268 1736 2332 innotescimus
1761 2269 1987 2346 obsecrantes,
2019 2273 2055 2330 ut
2135 2339 2140 2346 ¹

436 2393 494 2456 pro
517 2371 579 2436 Dei
605 2374 833 2458 omnipotentis
858 2396 967 2439 amore
999 2385 1032 2440 et
1056 2397 1112 2460 pro
1136 2376 1281 2460 ingenita
1305 2374 1396 2439 vobis
1419 2373 1621 2457 benignitate
1645 2393 1683 2436 ao
1706 2392 1764 2458 pro
1789 2373 1968 2435 ministerio
1993 2373 2054 2435 irn-

436 2477 542 2560 posito
567 2477 660 2541 nobis
688 2485 721 2541 et
744 2478 905 2542 ecclesiae
939 2485 1070 2544 nostrae
1104 2501 1142 2543 ac
1172 2480 1245 2543 filiis
1276 2477 1395 2543 nostris
1428 2476 1604 2540 seeundum
1628 2475 1882 2561 promulgatamy
1905 2475 2054 2539 omnibus

436 2586 577 2643 vestram
595 2579 787 2665 sapientiam
811 2583 989 2646 consulatis
1006 2583 1128 2668 pariter
1151 2604 1188 2646 ac
1204 2582 1411 2660 succurratis,
1434 2601 1475 2643 ne
1499 2579 1540 2644 dc
1563 2585 1671 2642 cetero
1694 2578 1772 2641 talia
1795 2599 1832 2642 ae
1856 2585 1947 2642 tauta
1970 2578 2056 2642 mala

435 2683 574 2747 ecclesia
597 2693 707 2749 nostra
730 2707 767 2749 aa
791 2708 926 2772 regnum
950 2688 1102 2772 patiatur,
1127 2687 1236 2772 qualia
1259 2687 1418 2750 hactenus
1443 2693 1594 2770 passumz
1617 2689 1677 2746 est.
2074 2709 2100 2750 ao

1300 2845 1376 2852 ----

311 2956 350 3009 14.
367 2958 416 3008 nir.
520 2942 593 3025 (F.)
626 2935 885 3009 Definitior³⁶
908 2945 1050 3031 synodi
1074 2945 1383 3031 Pontigoncnsis
1411 2944 1457 3008 do
1480 2939 1710 3026 Adalgaudo
1734 2940 1968 3026 presbytero

1132 3050 1359 3114 infamator.

541 3166 649 3232 Pridie
672 3167 749 3232 Idus
771 3166 847 3233 Iulii
871 3171 903 3233 in
926 3170 1008 3250 loco,
1034 3171 1088 3254 qui
1112 3176 1247 3234 vocatur
1269 3168 1468 3254 Pontigonis,
1493 3169 1538 3231 ita
1561 3166 1622 3230 de⁸
1646 3163 1839 3249 Adalgaudo
1864 3163 2055 3251 presbytero

434 3293 453 3333 a
482 3271 599 3354 legatis
632 3271 718 3336 sedis
748 3265 992 3358 apostolicuell,
1025 3273 1136 3338 Leone
1174 3273 1383 3360 apocrisiario
1414 3270 1567 3335 sanetaeb
1598 3268 1684 3333 sedis
1714 3266 1914 3345 Romanam,
1946 3266 2057 3345 Petro,

433 3375 581 3439 Iohanne
611 3375 753 3460 itemque
782 3375 927 3442 Iohanne
959 3371 1111 3462 legatis3⁸
1140 3384 1360 3444 memoratae⁰
1389 3383 1520 3440 sanctae
1550 3371 1656 3437 sedis⁰
1686 3377 1720 3434 et
1742 3371 1905 3456 Ansegiso
1936 3371 2056 3435 vicario
2075 3399 2100 3438 a

434 3478 579 3543 eiusdem
603 3478 757 3543 sanctae‘¹
782 3479 870 3544 sedis
901 3488 934 3545 ct
961 3482 1002 3546 ab
1034 3483 1121 3546 omni
1151 3483 1285 3548 coneilio
1309 3481 1477 3546 definitum
1500 3486 1581 3558 est·‚
1611 3483 1666 3540 ut⁰
1690 3476 1736 3540 illi
1762 3476 1892 3562 propria
1916 3477 2056 3540 ecclesia

434 3582 588 3646 reddatur
611 3588 645 3646 et
667 3603 687 3645 a
709 3583 865 3668 praelatis
888 3583 1046 3649 Kalendis
1070 3593 1210 3672 quatuor
1237 3587 1394 3651 mensium
1426 3584 1538 3648 dilatio
1569 3581 1608 3646 ad
1637 3581 1758 3644 famam
1791 3599 1882 3643 suam
1911 3600 2055 3666 purgau-

535 3754 563 3820 u)
582 3773 629 3808 ona.
649 3755 671 3808 l.
769 3757 796 3822 v)
814 3760 954 3812 Hilduinus
1049 3761 1294 3812 arelucancallarius
1317 3775 1365 3809 orn.
1384 3756 1408 3807 5.
1505 3757 1540 3819 u)
1557 3757 1594 3807 ita
1611 3756 1639 3806 in
1657 3754 1687 3819 l,
1707 3755 1792 3805 nescio
1813 3762 1899 3804 rurum
1922 3771 1952 3804 ea
1970 3753 2056 3803 codice

432 3849 541 3906 arnrpta,
560 3859 596 3892 on
606 3844 680 3910 ficto.
771 3843 800 3909 x)
818 3847 933 3898 Paternis
1016 3847 1077 3912 quia
1095 3863 1142 3897 aaa.
1156 3845 1181 3898 3.
1268 3843 1295 3912 y)
1314 3843 1491 3912 peruulgatam
1504 3842 1565 3893 Bol.
1653 3839 1676 3904 a)
1695 3857 1771 3908 passa
1788 3840 1824 3890 iol.
1911 3837 1937 3906 a)
1957 3838 2057 3890 Verba.-

433 3929 463 3978 dc
476 3927 626 3992 Adalgaudo
639 3930 786 3996 presbytero
803 3931 831 3981 in
848 3930 872 3982 8.
887 3941 960 3996 pont:
977 3932 1110 3984 delinitum
1123 3940 1161 3984 est
1175 3933 1261 3999 posito
1273 3939 1339 3981 sunt.
1418 3930 1445 3994 h)
1463 3939 1568 3982 narratae
1646 3931 1775 3978 ltumanac
1793 3943 1840 3976 our.
1854 3925 1877 3976 8.
1958 3925 1983 3992 c)
2002 3942 2055 3976 me·
2074 3941 2099 3979 aa

432 4021 544 4066 moratae
626 4016 692 4066 sadis
710 4033 758 4067 orn.
776 4015 801 4067 8.
887 4016 913 4080 (ll
931 4035 979 4070 ora.
993 4017 1016 4070 8.
1103 4021 1127 4083 o)
1149 4019 1238 4070 Coma
1256 4018 1347 4069 demunt
1364 4016 1390 4065 in
1407 4014 1436 4076 8,·
1454 4015 1566 4081 soqrrr'nrr·
1583 4031 1634 4064 uno
1653 4023 1738 4065 arrone
1756 4013 1823 4076 Quia
1842 4013 1959 4078 domnus,
1978 4013 2052 4079 hasra

430 4117 457 4166 p.
470 4099 529 4160 352,
548 4101 593 4153 lin.
606 4099 648 4153 30.

536 4255 580 4314 27)
598 4254 704 4309 Antron.
801 4256 845 4324 28)
864 4256 924 4311 Die.
1018 4259 1063 4328 29)
1082 4257 1194 4314 mono.
1291 4259 1336 4327 30)
1358 4257 1472 4312 Gerana.
1563 4257 1608 4324 31)
1630 4255 1798 4308 Turonensis.
1891 4255 1936 4322 32)
1958 4253 2055 4306 Merra·

432 4355 505 4408 stati
523 4355 550 4408 S.
563 4356 728 4426 Audmncri,
747 4357 774 4413 S.
784 4358 890 4413 Barim?
903 4360 956 4426 (st,
973 4360 1067 4430 Omer).
1154 4362 1199 4432 33)
1215 4361 1374 4415 Mouuetair'
1387 4361 1416 4416 S.
1428 4360 1558 4415 Geranarai
1570 4358 1747 4413 Parisiorum.
1829 4357 1871 4425 34)
1884 4357 1941 4410 Hic
1953 4357 2056 4411 libellus

431 4458 491 4511 sine
503 4458 600 4514 iudicio
614 4461 736 4529 turipum
753 4461 868 4516 traditus
885 4469 930 4517 est.
966 4463 1107 4533 &paratur
1118 4479 1178 4518 aero
1195 4465 1225 4517 iu
1238 4465 1313 4518 Anu.
1327 4463 1430 4518 Berlin.
1449 4464 1467 4519 l.
1480 4479 1501 4518 c.
1515 4479 1545 4532 p.
1561 4462 1622 4516 130:
1648 4461 1695 4515 lV.
1709 4461 1803 4516 Nonas
1816 4458 1940 4513 eiusdem
1953 4459 2055 4512 niensis
2074 4479 2098 4518 rr

434 4563 534 4618 iterum
554 4568 743 4620 convenerunt
761 4566 895 4637 episcopi;
914 4571 943 4622 et
961 4569 1114 4638 imperator
1131 4569 1161 4622 in
1180 4568 1286 4637 synodo
1305 4567 1440 4632 residens,
1468 4566 1578 4621 audivit
1605 4565 1701 4619 missos
1724 4563 1817 4618 fratris
1835 4563 1878 4617 sui
1898 4563 2054 4618 illudowici

434 4667 507 4737 regis
525 4709 530 4721 .
546 4707 571 4723 ..
590 4685 639 4738 per
657 4687 725 4738 quos
747 4671 833 4740 petiit
855 4674 964 4741 partem
988 4673 1022 4728 de
1044 4690 1130 4743 regno
1149 4653 1305 4727 Hludorrici
1328 4669 1504 4742 imperatoris
1597 4668 1669 4723 sieut
1691 4667 1716 4721 ei
1735 4669 1907 4736 competeret
1925 4684 1958 4720 ex
1976 4667 2055 4720 here-

433 4769 524 4824 ditate
542 4775 571 4826 et
589 4773 631 4826 illi
650 4773 789 4828 firmatum
808 4775 900 4830 fuerat
918 4780 1103 4844 sacramento;
1130 4783 1153 4830 et
1177 4793 1237 4830 cum
1258 4777 1289 4830 ia
1311 4775 1391 4830 riardo
1412 4773 1507 4844 synodi
1529 4772 1643 4828 sesamis
1659 4771 1835 4825 remorationis
1851 4786 1941 4839 rapum
1959 4772 2055 4825 mentio

432 4873 496 4940 fiat,
513 4874 651 4930 Ditmmler
669 4877 685 4931 l.
698 4894 718 4932 c.
737 4883 802 4932 rcere
817 4879 928 4934 coniecit
943 4881 1097 4948 petulcam
1115 4881 1232 4935 ooeksmc
1250 4879 1386 4936 Rerreueis
1404 4879 1451 4932 hoc
1467 4877 1511 4931 die
1530 4877 1665 4945 probam
1687 4890 1754 4942 aase;
1780 4875 1830 4942 cfr.
1849 4875 1928 4928 etiarn
1945 4874 2055 4928 Scludrs

432 4977 449 5032 l.
461 4993 481 5031 c.
496 4994 524 5045 p.
537 4980 601 5044 3645
619 4980 698 5034 aliter
715 4997 737 5034 v.
750 4981 875 5036 Neardea
892 4984 908 5037 1.
921 4997 942 5037 c.
956 4999 984 5051 p.
999 4985 1058 5039 321.
1162 4985 1205 5050 35)
1224 4984 1258 5039 Α.
1271 4983 1330 5049 875,
1347 4997 1434 5036 uenae
1452 4981 1588 5036 Decembri
1612 4979 1750 5033 turonicae
1774 4979 1805 5031 iu
1827 4995 1937 5046 rarorum
1954 4978 2055 5033 Kuroli
2073 4998 2099 5036 ro

431 5081 519 5149 facim·
545 5084 594 5149 cfr.
612 5084 687 5138 Arra.
709 5085 852 5154 aurora,
874 5085 926 5142 SS.
941 5086 972 5154 V,
995 5087 1085 5155 aaa·
1111 5087 1185 5140 Arra.
1209 5086 1316 5140 Bertirr.
1338 5086 1388 5140 hc.
1407 5103 1436 5154 p.
1450 5085 1515 5148 127,Ι
1543 5083 1689 5138 Histonium
1713 5081 1787 5150 epist.
1812 5081 1848 5133 ud
1869 5083 1947 5150 episc.
1971 5081 2055 5136 dibre.
2108 5071 2110 5078 ¹

433 5169 790 5255 aerumnosarum.
811 5190 997 5258 raucas·
1020 5190 1165 5258 mammo,
1193 5187 1328 5256 carrara.
1353 5187 1433 5243 nera
1446 5187 1508 5255 11²,
1527 5203 1556 5256 p.
1570 5188 1681 5254 arnsqq.
1787 5185 1831 5252 aa)
1855 5186 1929 5239 nna.
1950 5185 2054 5239 aaran.

432 5289 448 5341 1.
461 5303 481 5342 r.
494 5304 523 5356 p.
537 5290 600 5344 130:
633 5290 726 5345 Pridie
748 5291 813 5347 Idus
837 5293 901 5347 Iulii
921 5297 1111 5348 convenerunt
1134 5291 1256 5363 episcopi
1280 5295 1309 5345 et
1335 5291 1412 5345 misit
1436 5289 1588 5360 imperator
1612 5288 1730 5344 vicarios
1753 5288 1967 5358 apostolici
1988 5291 2055 5343 Post

433 5391 534 5445 multas
562 5394 753 5448 contentiones
779 5396 814 5450 de
839 5395 1001 5466 presbiteris
1028 5397 1200 5451 diversarum
1227 5395 1435 5466 parrochiarum
1464 5393 1680 5449 reclamantibus
1707 5393 1744 5446 ad
1770 5393 1867 5447 missos
1896 5392 2052 5462 apostolici.

431 5495 475 5561 37)
495 5495 512 5548 1
516 5495 581 5550 bid:
602 5497 646 5552 Vl.
660 5498 725 5552 Idus
744 5501 809 5554 Iulii
828 5541 876 5556 ...
896 5507 1033 5556 venerunt
1050 5503 1127 5557 missi
1146 5502 1241 5557 domni
1254 5502 1402 5572 apostolici
1416 5501 1470 5555 Leo
1485 5502 1630 5572 episcopus
1649 5500 1837 5568 (Gulu'rrearia)
1855 5503 1884 5552 et
1902 5498 2053 5569 apomisia·
2069 5523 2094 5562 45

322 5623 325 5630 ·
432 5600 488 5652 rius
511 5618 543 5654 ac
567 5619 653 5672 nepos
676 5606 822 5674 apostolici
842 5611 927 5676 atque
946 5609 1044 5663 Petrus
1063 5607 1313 5678 Poro-Sempronii
1331 5606 1546 5675 (Fossombrorw)
1566 5606 1723 5675 episeopus,
1745 5604 1899 5658 deferentes
1919 5603 2053 5672 epistolas

432 5705 591 5774 irruperatori
612 5713 640 5760 et
658 5708 827 5779 imperatrici
848 5717 876 5764 ot
894 5713 1078 5769 salutationes
1096 5714 1242 5782 apostolici
1263 5712 1299 5765 ad
1318 5712 1468 5781 episcopos.
1558 5713 1603 5776 38)
1622 5711 1711 5778 ,δ’τφνιι.
1727 5729 1756 5778 p.
1768 5712 1827 5777 349,
1847 5709 1893 5760 lia.
1908 5711 1967 5775 sisa.
