4568 6434
331 447 597 504 ADDITAMENTA
618 451 666 504 AD
683 452 929 507 CAPl'l'Ubhltlh
949 452 1078 507 RllGUld
1098 452 1281 508 FRANCIAE
1302 453 1529 507 ORlENTALlS.
1548 483 1581 493 -
1600 453 1648 507 Nr.
1661 454 1720 508 252.
1771 457 1829 519 231

216 621 339 701 sedem,
370 632 415 702 ut,
439 646 522 708 quae
545 625 641 690 nobis
664 625 873 691 sacerdotalis
899 633 1003 692 mater
1056 627 1146 714 scopi
1161 629 1211 691 sui
1227 629 1394 705 consistat,
1411 635 1517 692 utrum
1534 649 1608 694 eum
1625 629 1658 693 in
1672 651 1836 694 carcerem
1855 635 1913 688 895.

216 735 268 790 est
290 725 470 811 dignitatis,
495 750 568 794 esso
584 728 705 795 debeat
722 729 878 814 magistro
896 730 1001 794 eccle·
1055 731 1107 796 vel
1141 731 1172 795 in
1206 732 1303 795 aliam
1337 731 1515 817 quamlibet
1546 732 1698 796 detrudat
1729 741 1834 796 custo-

217 830 368 895 siasticae
404 833 548 897 rationis.
610 832 718 906 Quare
759 833 920 899 servanda
952 840 1003 898 est
1055 834 1276 919 diam,qu0ad
1300 856 1403 920 usque
1425 855 1483 921 per
1506 836 1631 899 litteras
1655 857 1732 900 suas
1758 857 1837 921 apo·

217 955 290 998 cum
314 935 564 1000 mansuetudine
583 937 760 1016 humilitas,
783 943 828 1012 ut,
853 937 931 1002 lieet
947 938 1001 1001 vix
1054 937 1199 1002 stolieam
1217 938 1328 1003 sedem
1345 939 1545 1024 interpellat,
1569 939 1645 1025 quid
1670 939 1710 1003 de
1734 961 1773 1004 eo
1797 941 1838 1003 sit

185 1038 383 1103 sferondum
416 1039 457 1103 ab
490 1039 546 1103 illa
576 1053 690 1105 sancto.
719 1040 797 1106 sede
828 1041 1002 1126 inponatur
1054 1041 1250 1107 faciendum.

215 1142 338 1227 iugum,
363 1143 568 1208 conferamus
593 1152 625 1210 ct
649 1147 703 1230 pia
717 1144 892 1209 devotione
917 1146 999 1209 tole-

215 1267 335 1311 remus.
382 1245 417 1310 Si
440 1268 525 1328 vero,
550 1247 637 1333 quod
660 1269 724 1312 non
748 1247 854 1328 decet,
878 1248 1024 1332 quilibet,
1049 1250 1118 1312 sive
1142 1248 1184 1312 sit
1201 1250 1380 1334 presbyter,
1405 1251 1475 1315 sive
1492 1250 1657 1329 diaconus,
1681 1252 1837 1337 aliqusm⁸

218 1349 495 1436 perturbationem
520 1352 734 1416 machinando
759 1352 812 1416 etb
840 1357 950 1416 nostro
982 1352 1162 1416 ministerio
1186 1352 1369 1418 insidiando
1393 1354 1628 1439 redarguaturb
1657 1355 1772 1420 falsam
1796 1357 1837 1419 ab

216 1455 417 1538 apostolico⁰
440 1453 595 1520 detulisse
617 1456 788 1541 epistolam
814 1455 865 1518 vel
888 1455 975 1518 aliud
1000 1455 1088 1542 quid,
1113 1455 1197 1540 quod
1221 1456 1295 1522 inde
1319 1478 1385 1522 non
1409 1457 1631 1538 convenerit‘l,
1661 1461 1752 1523 salva
1774 1459 1837 1523 fide

173 1582 197 1620 ro
217 1564 250 1621 et
273 1558 398 1643 integro
421 1559 526 1623 circa⁰
549 1560 766 1645 apostolicum
791 1558 988 1637 humilitate,
1020 1579 1121 1643 penes
1153 1561 1343 1646 episcopum
1374 1562 1416 1626 sit
1438 1569 1599 1647 potestas,
1631 1573 1739 1628 utrum
1763 1584 1837 1628 eum

216 1660 247 1723 in
273 1682 438 1726 carcerem
462 1669 518 1726 aut
543 1663 575 1726 in
599 1663 715 1727 aliamf
735 1662 887 1728 detrudat
910 1663 1103 1742 custodiam,
1126 1685 1230 1749 usque
1254 1685 1317 1749 quo
1341 1685 1400 1750 per
1415 1666 1588 1751 epistolam
1612 1675 1669 1731 out
1693 1690 1750 1753 per
1766 1667 1836 1731 ido-

216 1786 294 1828 neos
326 1787 403 1830 suae
431 1768 533 1852 partis
565 1768 692 1852 legatos
723 1767 937 1853 apostolicam
970 1767 1157 1852 interpellet
1186 1768 1432 1848 sublimitatem,
1465 1776 1501 1834 ut
1531 1771 1755 1855 potissimum8
1778 1793 1838 1836 sua

216 1878 328 1933 sancto
343 1870 528 1954 legationess
544 1870 697 1956 dignetur
712 1871 900 1948 decernere,
924 1870 1000 1956 quid
1016 1870 1056 1934 de
1074 1871 1194 1935 talibus
1210 1873 1295 1935 iuste
1313 1872 1425 1938 ordine
1443 1873 1497 1938 lex
1513 1867 1700 1939 Romana69
1716 1882 1838 1941 statuat

214 1973 363 2054 diffinire,
386 1981 421 2038 ut
444 1982 476 2039 et
499 1975 526 2040 is
549 1976 730 2060 corrigatur
752 1983 785 2040 ct
808 1976 926 2040 deteris
951 1973 1088 2039 modush
1112 1976 1295 2061 inponatur.

174 2122 198 2161 rs
324 2093 415 2180 Cap.
438 2099 488 2159 31.
539 2095 596 2160 Ι)ε
626 2095 781 2162 furibus
813 2104 850 2162 et
880 2098 999 2161 latro·
1391 2097 1440 2182 (31
1456 2097 1501 2182 a.)

215 2199 339 2263 nibus.
374 2198 657 2286 Tranquillitatem
670 2208 803 2266 sauctae
812 2201 876 2266 Dei
893 2201 998 2266 eecle—
1095 2199 1167 2264 De·
1187 2201 1312 2266 furibus
1337 2208 1370 2266 et
1390 2203 1575 2287 raptoribus
1592 2203 1730 2289 placotl’,
1756 2205 1781 2268 si
1803 2205 1835 2267 in

215 2303 284 2368 siae
296 2302 468 2388 inquietari
485 2311 518 2369 et
537 2325 652 2391 pacem
665 2305 840 2370 fraternam
852 2303 999 2369 infestari
1050 2303 1141 2389 ipsa⁰
1163 2303 1286 2389 praeda
1302 2304 1525 2384 occidunturd,
1549 2328 1605 2392 pro
1622 2307 1670 2371 eis
1688 2308 1838 2372 rninime⁰

215 2413 380 2472 testantur
402 2407 491 2473 fures
515 2419 548 2474 et
570 2409 729 2489 latrones,
753 2408 807 2493 qui
831 2408 999 2473 ambulant
1052 2405 1220 2471 orandum.
1260 2407 1314 2472 Sir
1329 2409 1490 2474 vulnerati
1506 2411 1560 2475 ing
1575 2411 1837 2496 desperationem

214 2509 300 2575 inter
322 2532 382 2577 uos
406 2512 501 2577 ovina
531 2513 618 2598 pelle
643 2513 843 2588 obumbrati,
867 2510 925 2576 sed
947 2512 998 2576 lu·
1051 2511 1235 2595 praesentis
1265 2512 1353 2576 vitae
1386 2513 1529 2599 prolapsi
1561 2514 1681 2579 fuerint
1713 2523 1746 2578 et
1776 2514 1839 2580 deh

170 2641 197 2680 eo
214 2615 291 2701 pina
318 2622 428 2680 mente
458 2616 615 2681 recedunt
637 2617 784 2692 alienati,
815 2635 868 2680 res
891 2615 998 2680 eccle·
1052 2613 1267 2699 pravitatibus
1298 2617 1365 2680 suis
1397 2638 1433 2680 se
1464 2619 1685 2703 poenituerint
1716 2617 1778 2692 etl,
1811 2618 1838 2682 si

215 2719 335 2782 siarum
365 2739 463 2784 saeva
489 2727 599 2784 mente
622 2719 754 2784 adducti
778 2721 943 2806 rapientes
966 2727 999 2784 et
1052 2718 1306 2803 supervixerint,
1338 2720 1410 2785 Deo
1440 2727 1474 2784 et
1496 2720 1657 2786 sacerdoti
1681 2723 1838 2806 repromi-

215 2844 349 2908 gregem
377 2821 574 2888 dominicum
605 2823 776 2910 spoliando
804 2825 998 2890 lacerantes.
1053 2821 1157 2886 serint
1174 2843 1209 2886 se
1226 2823 1466 2905 emendaturos,
1490 2825 1769 2890 communionem8
1790 2826 1838 2889 eis

214 2926 265 2992 De
300 2927 416 3013 quibus
451 2925 603 2992 Salvator
637 2930 670 2992 in
706 2928 876 3014 evangelio
911 2950 998 2993 eom-
1053 2925 1260 3012 impendere¹
1282 2947 1346 2991 non
1369 2927 1603 3012 denegamusk.

215 3037 386 3096 memorat:
427 3023 537 3105 ‘Quill'
569 3052 633 3095 non
667 3031 767 3097 intrat
794 3054 852 3119 per
880 3031 1000 3096 ostium

171 3157 196 3195 ss
216 3134 248 3199 in
282 3134 366 3201 ovile
403 3134 528 3212 ovium,
568 3135 623 3200 illc
657 3136 709 3200 fur
743 3143 794 3200 est
829 3141 862 3199 et
891 3133 1000 3210 latro’;

214 3245 312 3324 etque
347 3239 549 3304 subiunxit·:
591 3231 701 3304 ‘Furll
738 3261 801 3304 non
837 3240 939 3320 venit,
975 3239 1038 3303 nisi
1074 3244 1111 3302 ut
1150 3236 1274 3302 furetur
1307 3243 1341 3303 et
1370 3244 1492 3302 mactet
1528 3244 1561 3302 et
1599 3237 1735 3323 perdet’,
1773 3240 1837 3317 ubi,

213 3345 361 3429 quamvis
384 3344 567 3425 hereticos,
603 3345 658 3429 qui
687 3344 785 3410 fidem
810 3345 960 3408 furantur
983 3343 1155 3421 ecelesiae,
1180 3341 1348 3425 designet,
1372 3349 1481 3406 tomen
1503 3341 1707 3407 insecutione
1732 3344 1838 3408 furum

213 3455 247 3514 et
269 3447 429 3513 latronum
462 3448 624 3514 turbatam
658 3455 816 3513 monstrat
848 3469 961 3533 pacem
993 3447 1216 3512 ecclesiarum.
1271 3445 1322 3510 De
1352 3445 1471 3511 talibus
1502 3445 1670 3532 apostolus
1693 3446 1735 3510 ad
1757 3446 1835 3512 Phi-

213 3552 395 3637 lippenses:
419 3542 584 3618 ‘llidetel2
607 3573 716 3632 canes,
739 3551 847 3616 videte
870 3553 972 3616 malos
991 3548 1178 3637 operarios’.
1230 3549 1337 3615 Canes
1361 3551 1499 3626 vocavit,
1524 3549 1610 3635 quod
1633 3571 1698 3614 non
1715 3551 1838 3616 habent

170 3675 196 3716 so
214 3655 459 3730 verecundiam
483 3656 585 3720 malos
609 3656 791 3741 operarios,
815 3656 891 3741 quia
913 3656 1003 3720 nulla
1026 3655 1162 3732 faciunt,
1195 3675 1280 3740 quae
1304 3654 1418 3739 pietati
1442 3654 1648 3718 conveniunt.
1702 3653 1745 3717 Et
1767 3654 1835 3718 Do-

214 3759 320 3824 minus
353 3781 411 3845 per
440 3760 630 3845 prophetem
663 3759 809 3824 Esaiam:
849 3753 967 3845 Egon
999 3758 1157 3823 Dominus
1187 3757 1327 3842 diligens
1358 3757 1511 3821 iudicium
1542 3765 1576 3822 et
1607 3757 1680 3821 odio
1711 3757 1836 3823 babens

215 3862 383 3949 rapinam’.
434 3863 530 3928 Unde
559 3884 632 3942 nos,
663 3884 747 3949 quae
779 3862 939 3928 Dominus
974 3863 1081 3948 diligit
1103 3861 1280 3946 diligentes
1310 3866 1343 3925 et
1372 3880 1456 3946 quoe
1479 3855 1547 3924 odit
1570 3860 1642 3924 odio
1665 3861 1836 3938 habentes,

215 3968 389 4032 statuimus
413 3975 445 4033 et
467 3966 662 4045 iudicamus,
692 3972 738 4045 ut,
769 3967 798 4030 si
830 3967 902 4051 quis
933 3973 1006 4052 post
1034 3967 1116 4030 hoec
1148 3963 1340 4049 evangelice
1371 3969 1404 4028 et
1427 3962 1608 4049 apostolice
1636 3971 1733 4051 atque
1763 3987 1835 4052 pro-

216 4070 348 4156 phetica
370 4070 469 4135 verba
493 4078 526 4134 et
549 4069 774 4135 diffinitionem
792 4071 1020 4156 pacatissimae
1045 4068 1160 4154 synodi
1183 4069 1336 4132 inventus
1358 4067 1459 4132 fuerit
1473 4067 1594 4132 furtum
1618 4075 1675 4133 aut
1690 4069 1837 4154 rapinam

173 4202 199 4242 cs
218 4195 372 4240 exercere
394 4181 426 4239 et
448 4175 480 4238 in
501 4176 571 4260 ipso
588 4174 750 4240 diabolico
767 4181 842 4240 actu
858 4181 996 4239 mortem
1012 4180 1156 4238 meretur
1172 4174 1349 4250 incurrere,
1373 4171 1482 4235 nullus
1505 4193 1563 4257 pro
1587 4194 1626 4237 eo
1649 4181 1837 4258 praesumat

216 4298 308 4344 orare
332 4283 388 4343 aut
411 4279 632 4364 elemosynam
655 4277 748 4352 dare;
771 4285 805 4342 et
829 4277 1018 4362 elemosyna
1041 4297 1098 4362 pro
1123 4296 1162 4340 eo
1185 4274 1264 4339 data
1285 4275 1319 4339 in
1343 4275 1531 4338 memoriam
1555 4275 1749 4341 clericorum
1773 4299 1833 4341 nec

214 4404 395 4469 pauperum
420 4383 537 4460 veniat,
562 4383 620 4448 sed
646 4381 840 4458 execrabilis
857 4379 1033 4444 sordescat.
1080 4378 1203 4444 Beatus
1219 4377 1425 4463 Augustinus
1449 4377 1627 4443 dotalibus
1648 4379 1836 4445 horribilem

214 4487 337 4574 profert
360 4487 555 4553 senteutiam
580 4487 709 4552 dicens:
735 4477 886 4552 ‘llemoll
910 4492 942 4550 te
966 4490 1043 4571 post
1066 4493 1202 4548 mortem
1218 4489 1307 4547 tuam
1324 4481 1464 4547 fideliter
1483 4480 1623 4560 redimit,
1648 4484 1723 4570 quia
1746 4489 1779 4548 tu
1804 4490 1836 4549 te

317 4678 358 4732 30.
378 4677 405 4745 b)
423 4689 449 4731 st
533 4680 701 4746 redarguetur
720 4695 768 4728 om.
787 4678 822 4729 id.
907 4674 932 4743 c)
950 4675 1090 4743 apostolica
1108 4675 1168 4727 sede
1185 4673 1314 4725 defertid.
1394 4671 1421 4738 d)
1435 4675 1555 4726 convenit
1567 4673 1601 4724 id.
1682 4672 1708 4740 e)
1727 4675 1837 4741 argaid.

172 4783 198 4822 to
216 4763 237 4833 l)
255 4767 368 4832 aliquam
385 4765 420 4816 id.
507 4764 534 4832 g)
554 4765 713 4832 potissimum
793 4761 921 4830 legatione
939 4778 988 4813 cns.
1005 4760 1041 4811 id.
1130 4757 1158 4828 h)
1177 4767 1260 4811 metus
1279 4776 1407 4824 superscr.
1428 4759 1464 4811 id.

318 4851 360 4904 31.
395 4853 420 4910 al
439 4852 574 4918 subiungit
590 4849 615 4902 5.

319 4937 379 4990 31η.
416 4937 470 5006 dy'r.
495 4928 555 4988 Totss
569 4935 626 5002 ΙΙΙ,
644 4955 685 4987 ur.
698 4933 739 4986 32.
752 4931 793 4986 33.
886 4935 912 4994 a)
931 4935 993 5001 Gap.
1006 4934 1038 4984 X.
1056 4933 1195 4998 praemittit
1213 4932 1307 4992 Disco,-
1329 4932 1447 5000 Synodus
1474 4933 1601 4984 Liutberti
1618 4934 1687 5000 apud
1705 4934 1838 4986 Triburins

215 5025 287 5077 rubr.
312 5026 340 5076 in
359 5025 426 5085 oeta
453 5025 597 5077 Decedam
615 5039 650 5074 re.
684 5023 724 5072 Ex
742 5021 851 5072 concilio
868 5022 1029 5072 Triburiensi
1047 5019 1115 5087 (cap.
1124 5021 1154 5072 V.
1173 5021 1234 5072 add.
1253 5019 1363 5084 Burclr.)
1381 5021 1452 5072 rubr.
1471 5038 1513 5086 op.
1531 5019 1603 5088 Κεφ,
1620 5020 1716 5072 Barclu
1723 5041 1732 5082 ,·
1757 5025 1838 5075 Fures

216 5121 242 5165 et
259 5113 382 5180 predones
400 5113 421 5162 si
441 5111 510 5170 Cata
535 5112 616 5162 Fures
634 5117 659 5161 et
676 5109 787 5160 latrones
805 5109 828 5159 si
846 5107 916 5174 Κεφ,
934 5107 1031 5158 Barrlr.
1130 5105 1158 5173 b)
1177 5115 1206 5158 ut
1223 5108 1285 5158 cdd.
1305 5107 1387 5158 Dicas.
1484 5109 1508 5168 c)
1527 5109 1636 5158 ferrando
1654 5107 1695 5158 vol
1713 5107 1750 5172 (et
1768 5109 1838 5174 Κεφ,

172 5214 198 5254 ts
217 5197 324 5266 Burei.)
347 5199 489 5266 praedando
509 5196 573 5256 Oct..
591 5195 660 5262 Κεφ,
678 5194 777 5246 Burcb.
872 5193 899 5254 d)
918 5194 1002 5246 visum
1019 5201 1058 5244 est
1075 5194 1138 5246 odd.
1156 5193 1201 5244 ild.
1296 5192 1392 5260 elnon
1410 5194 1455 5246 tid.
1558 5196 1579 5257 f)
1600 5195 1777 5262 comprehensi
1793 5203 1839 5248 aut

217 5286 279 5338 add.
298 5286 343 5338 lid.
439 5283 467 5351 g)
490 5284 628 5350 presbitero
655 5282 696 5334 vel
723 5282 831 5333 diacono
858 5282 966 5333 confessi
991 5281 1099 5345 tuerint,
1125 5282 1329 5332 communionem
1355 5280 1400 5331 ild.
1495 5277 1523 5344 b)
1542 5281 1573 5331 de
1658 5291 1683 5333 et
1709 5299 1756 5332 om.
1784 5283 1838 5334 Col.

217 5371 237 5439 i)
255 5391 303 5424 om.
323 5371 386 5432 Cot,
406 5371 475 5436 Κεφ,
495 5369 592 5422 Burcb.
678 5368 707 5431 k)
725 5385 848 5436 negemus
868 5367 938 5430 (lat,-
956 5384 1080 5434 negamus
1098 5367 1168 5434 Κεφ,
1187 5367 1285 5418 Burclr.

319 5525 365 5593 69)
388 5523 444 5590 Ost.
469 5523 546 5577 Brea
570 5521 632 5577 (bd.
660 5519 755 5575 Tlreod.
782 5521 843 5587 IX,
857 5524 890 5576 15
907 5521 944 5576 od
961 5522 1006 5590 lm.
1034 5519 1114 5576 Gora.
1136 5519 1167 5575 dc
1188 5520 1258 5586 salso
1279 5523 1329 5574 ol
1355 5519 1428 5587 (Lex
1450 5521 1530 5576 Roms
1545 5521 1666 5592 Visipotb
1689 5523 1727 5578 ed.
1746 5523 1840 5578 Hdnel

214 5645 242 5698 p.
256 5630 333 5696 188l3
351 5627 462 5692 Omont,
478 5627 568 5682 Gescb.
581 5626 606 5680 d.
626 5631 689 5680 rdm.
704 5625 801 5681 Reelrts
813 5626 831 5680 i.
847 5625 1003 5681 Mlttcloltrr
1015 5625 1040 5694 1,
1055 5644 1084 5697 p.
1100 5627 1141 5694 21,
1159 5631 1215 5680 rtet.
1228 5628 1253 5680 5.
1328 5624 1533 5692 vo)10n10‚1.
1603 5625 1732 5693 hylum.
1746 5627 1838 5690 10‚10.

175 5751 201 5797 eo
219 5733 263 5805 72)
282 5731 399 5805 Philipp.
419 5731 443 5798 3,
454 5731 478 5784 2.
567 5731 609 5800 13)
630 5729 709 5785 Esat.
727 5730 803 5792 eim.
892 5729 936 5796 74)
955 5727 1047 5797 Supra
1060 5747 1089 5796 p.
1108 5729 1167 5797 220,
1184 5734 1238 5783 not.
1256 5731 1298 5784 88.
