4634 6436
659 456 905 513 cnrlrbnaura
923 456 1070 513 marnoa
1088 458 1224 516 aaroni
1242 461 1277 516 Il.
1295 493 1327 503 -
1346 461 1396 516 Nr.
1408 463 1467 518 221.
1815 469 1874 531 103

362 632 410 694 12.
446 629 493 694 Ut
510 631 659 717 'episcopi
683 631 821 696 comites
842 636 875 695 et
891 653 1003 697 vassos
1020 639 1147 698 nostros
1164 634 1197 697 in
1213 635 1406 720 parroechia
1422 656 1532 700 eorum
1550 645 1721 703 manentes
1738 645 1874 723 paterno
1892 645 1953 700 816.

250 753 362 797 amore
391 730 574 798 secundum
607 733 864 798 ecclesiasticum
894 734 1108 800 ministerium
1137 736 1292 822 diligant;
1326 737 1388 822 ipsi
1416 758 1493 803 vero
1523 741 1660 804 comites
1688 745 1721 804 et
1744 741 1876 805 vassalli

252 855 310 900 sau
334 835 460 920 reliqua
483 837 682 920 generalitas
705 837 890 922 praedictos
914 840 1085 924 episcopos
1108 844 1143 902 ut
1164 846 1296 904 sanctos
1313 845 1424 925 patres
1440 840 1601 906 honorent
1620 849 1654 906 et
1670 849 1875 922 venerentur,

252 943 286 1002 et
306 937 348 1002 ad
368 939 583 1004 ministerium
603 939 732 1004 illorum
748 939 983 1026 peragendum,
1008 940 1203 1027 ubicumque
1220 943 1393 1026 potuerint,
1417 963 1473 1007 eos
1489 942 1644 1009 adiuvare
1661 938 1875 1012 decertentffl.

220 1040 287 1106 ssi
309 1062 402 1121 vero,
433 1041 519 1126 quod
540 1063 604 1106 nen
627 1049 795 1128 optamus,
826 1043 873 1107 eis
897 1043 1023 1120 infesti,
1052 1043 1214 1123 cominus,
1243 1065 1327 1129 quae
1350 1044 1414 1109 Dei
1438 1052 1528 1124 sunt,
1561 1067 1715 1112 exercere
1738 1049 1875 1133 possint,

250 1143 371 1229 raperti
400 1145 522 1209 luerint
553 1152 609 1208 aut
636 1146 698 1231 ipsi
726 1152 838 1210 contra
863 1146 954 1230 leges
983 1145 1091 1210 officia
1120 1168 1179 1211 sua
1206 1146 1399 1212 violaverint
1429 1155 1483 1213 et·
1510 1171 1580 1228 eos,
1614 1170 1694 1234 qnos
1726 1153 1876 1216 venerari

251 1247 386 1328 debent,
419 1249 709 1333 inquietaverint·,
746 1248 925 1320 secundum
962 1249 1142 1334 capitulare
1178 1251 1230 1314 avi
1264 1258 1297 1314 et
1333 1251 1490 1335 genitoris
1521 1245 1659 1316 nostri¹9
1687 1252 1876 1324 emendent;

251 1351 391 1436 qualiter
420 1371 549 1437 quoque
580 1351 792 1437 presbyteros
823 1372 862 1415 ac
892 1352 1035 1437 reliquos
1066 1351 1186 1436 gradus
1215 1352 1393 1431 honorent,
1422 1355 1526 1440 ipsius
1554 1355 1743 1440 capitularis
1773 1356 1877 1420 forma

252 1453 439 1520 doceantur.
484 1455 553 1541 Ipsi
583 1455 794 1520 nihilominus
824 1455 968 1542 episcopi
1001 1455 1122 1540 singuli
1149 1457 1182 1520 in
1213 1477 1271 1521 suc
1301 1457 1466 1542 episcopio
1498 1457 1657 1521 missatici
1685 1459 1789 1523 nostri
1816 1479 1874 1544 po-

205 1579 232 1618 ro
251 1563 371 1623 testate
395 1565 428 1622 ct
450 1558 643 1624 auctoritate
668 1549 889 1644 fungantur20.

363 1681 409 1741 13.
445 1677 490 1741 Ut
519 1678 664 1766 episcopi
694 1685 727 1744 et
755 1679 891 1743 comites
919 1678 952 1741 in
980 1677 1047 1741 suis
1071 1677 1259 1741 ministeriis
1284 1684 1523 1742 commorantes
1546 1680 1579 1742 ln
1604 1679 1671 1743 suis
1696 1680 1876 1745 consistant

250 1779 400 1845 domibus
430 1802 503 1846 cum
527 1782 594 1845 suis
617 1782 766 1846 vassallis
790 1803 896 1866 neque
920 1787 1133 1866 praesumant
1156 1782 1327 1845 occasione
1351 1782 1461 1866 capitii
1485 1783 1517 1845 in
1541 1785 1742 1869 pauperioris
1765 1785 1874 1848 cuius-

250 1885 338 1970 piam
361 1885 459 1951 vicini
482 1884 591 1966 domo,
621 1884 686 1948 nisi
710 1886 831 1970 rogali,
859 1875 1098 1962 commorari²¹,
1123 1885 1198 1969 quia
1222 1885 1264 1948 ob
1287 1884 1349 1948 hoc
1373 1885 1517 1950 maxime
1541 1884 1818 1971 depraedationes
1842 1893 1876 1950 et

251 1986 430 2052 discordias
459 1993 594 2052 actenus
621 1988 790 2074 pululasse
819 1987 1028 2053 manifestum
1059 1985 1118 2051 est.
1164 1987 1384 2052 Praevideant
1414 2009 1543 2073 quoque
1572 1988 1751 2053 secundum
1778 1989 1874 2052 mini-

206 2112 232 2150 rs
251 2091 385 2156 sterium
408 2090 630 2176 unnsquisque
662 2111 772 2167 suum,
804 2111 845 2155 ne
875 2091 908 2154 in
937 2095 1100 2175 potestate
1129 2090 1257 2155 illorum
1285 2090 1426 2176 praedae
1458 2098 1491 2155 et
1519 2091 1763 2156 devastationes
1785 2091 1874 2156 liant.

250 2194 293 2260 ut
322 2195 349 2258 si
381 2194 481 2279 aliqui
511 2194 573 2257 hoc
602 2193 711 2258 lacere
742 2194 989 2280 temptaverint,
1020 2193 1128 2257 omnib
1158 2215 1218 2257 sua
1240 2194 1361 2259 virtute
1391 2195 1455 2258 illis
1486 2196 1649 2260 resistant.
1696 2193 1739 2257 Et
1763 2195 1788 2258 si
1812 2194 1876 2279 ipsi

248 2318 309 2382 per
331 2317 366 2361 se
390 2297 614 2381 constringere
638 2295 679 2360 ad
703 2296 967 2386 emendationem
991 2296 1064 2360 illos
1088 2319 1153 2361 non
1176 2298 1352 2382 potuerint,
1381 2299 1565 2362 constitutis
1590 2299 1697 2364 missis
1720 2287 1875 2362 nostris22'

249 2391 481 2478 renunuent²³,
506 2405 541 2464 ut
563 2401 709 2485 ipsorum
734 2399 848 2463 inditio
871 2399 1022 2484 legaliter
1045 2399 1223 2464 secundum
1241 2401 1421 2486 capitulare
1445 2401 1496 2464 avi
1516 2407 1548 2464 ct
1564 2401 1720 2485 genitoris
1738 2391 1875 2465 ιιο61τί24

252 2503 454 2570 emendent&
491 2502 614 2577 Quodsi
638 2508 672 2567 et
694 2503 756 2588 ipsi
780 2500 841 2565 hoc
865 2502 1037 2566 emendare
1061 2503 1279 2587 nequiverint,
1303 2502 1345 2568 ad
1361 2510 1505 2567 nostram
1523 2505 1670 2569 notitiam
1686 2503 1875 2590 perducant.

206 2642 233 2684 ao
361 2625 410 2688 14.
443 2621 503 2702 Ut,
532 2623 661 2707 quoties
685 2622 830 2686 divinum
859 2621 1013 2686 iudicium
1043 2623 1184 2707 aliquem
1215 2623 1375 2688 ecclesiae
1399 2624 1584 2710 praesulem
1615 2645 1633 2689 e
1662 2623 1794 2690 sacculo
1818 2644 1875 2687 vc-

251 2727 389 2808 caverit,
420 2725 528 2790 nullus
560 2723 601 2789 ad
631 2725 751 2790 suimet
779 2725 996 2812 perditionem
1019 2725 1192 2791 facultates
1217 2726 1287 2790 eins
1310 2726 1460 2806 invadat,
1492 2728 1621 2813 diripiat
1650 2733 1683 2792 ct
1712 2725 1753 2790 ad
1777 2725 1876 2790 suos*l

249 2830 349 2896 usus*
371 2821 598 2904 transferat²⁵;
623 2828 682 2894 sed
704 2829 896 2914 erogatariis
916 2833 950 2893 et
971 2829 1239 2914 eleemosynariis
1258 2830 1490 2895 ecclesiasticis
1507 2851 1579 2895 cum
1596 2830 1698 2916 ipsius
1714 2830 1874 2895 ecclesiae

251 2934 426 2998 constituto
450 2954 628 2999 oeconomo
652 2933 792 2998 liberum
821 2933 863 2998 sit
885 2932 1041 2996 canonico
1070 2953 1158 2997 more
1187 2933 1272 2997 iuste
1295 2935 1595 3019 rationabiliterque
1619 2933 1778 3019 deputata
1801 2955 1874 2997 suc-

251 3037 373 3102 cessori
397 3037 524 3101 suturo⁸
546 3056 715 3102 reservare
732 3036 784 3100 vel
802 3027 1069 3121 quibuscumque,
1094 3035 1180 3099 sicut
1200 3035 1345 3121 expedit,
1368 3057 1426 3122 pro
1444 3037 1514 3101 eius
1537 3037 1652 3123 spiritu
1668 3025 1875 3103 distribuere.

206 3158 232 3199 a
250 3138 345 3213 Quod
362 3125 424 3225 'qui
450 3140 561 3226 inique
585 3138 763 3224 cupiditate
793 3136 976 3222 transgredi
999 3140 1272 3224 praesumpserit,
1301 3144 1337 3201 nt
1364 3131 1551 3224 superius2⁶
1573 3140 1791 3226 praelibatum
1815 3146 1875 3218 est,

250 3244 526 3330 inrefragabiliter
548 3243 714 3308 multetur.

361 3369 409 3432 15.
444 3364 490 3430 Ut
519 3385 615 3429 nemo
644 3362 790 3427 fidelium
820 3368 1003 3426 nostrorum
1033 3358 1271 3445 quodammodo
1299 3359 1442 3445 aliquem
1472 3361 1575 3442 celet,
1607 3383 1705 3447 quem
1727 3366 1875 3426 nostrum

250 3468 360 3533 coierit
388 3468 552 3533 infidelem
581 3486 672 3547 esse,
702 3486 810 3550 neque
839 3466 870 3530 ei
898 3463 1173 3529 sustentationem
1201 3483 1447 3549 quamcumque.
1465 3471 1633 3550 praestare
1661 3456 1874 3550 pertentat‘27,

250 3571 277 3634 ei
308 3592 383 3636 eum
413 3570 454 3635 ad
484 3576 630 3635 nostram
659 3568 851 3634 fidelitatem
881 3586 1037 3632 revocare
1065 3566 1255 3651 nequiverit.
1302 3565 1505 3653 Quicumque
1534 3572 1645 3632 antem
1673 3574 1785 3632 contra
1812 3567 1875 3631 hoc

206 3694 233 3732 ³0
250 3674 375 3755 lecerit,
398 3674 689 3761 praedecessorum
714 3680 747 3738 et
771 3671 1012 3759 progenitorum
1037 3676 1220 3735 nostrorum
1244 3669 1398 3735 iudicium
1420 3670 1619 3757 experietur.

358 3792 563 3859 Ansbsrtusf
598 3792 863 3879 archiepiscopus
903 3791 1092 3876 subscripsi.
1153 3789 1317 3855 Iohannes
1357 3791 1488 3856 humilis
1522 3790 1680 3856 Aretinee
1715 3790 1875 3855 ecclesiae

250 3899 425 3984 episcopus
457 3897 644 3984 subscripsi.
690 3895 875 3961 Adalardns
904 3916 1020 3959 servus
1052 3915 1220 3959 servorum
1242 3893 1307 3958 Dei
1338 3900 1470 3958 sanctae
1486 3893 1687 3958 Veronensis
1716 3893 1874 3958 ecclesiae

251 4003 424 4089 episcopus
454 4000 644 4087 subscripsi.
689 3997 1143 4084 AdalgeudusVercellensie
1174 3997 1333 4062 ecclesiae
1364 3997 1538 4083 episcopus
1569 3996 1758 4081 subscripsi.
1803 3994 1874 4059 Aac

251 4105 486 4194 Eporediensis
521 4106 695 4192 episcopus
731 4103 919 4190 subscripsi.
976 4101 1175 4167 Benedictus
1216 4101 1389 4186 episcopus
1423 4097 1653 4165 Cremonensis
1687 4100 1874 4186 subscripsi.

208 4225 234 4265 ³³
252 4208 431 4274 Hildradus
465 4208 621 4274 Albensis
659 4207 831 4293 episcopus
871 4205 1061 4291 subscripsi.
1117 4202 1284 4269 Gerardus
1319 4203 1460 4288 exiguus
1495 4203 1659 4268 ecclesiae
1692 4201 1875 4268 Laudensis

253 4313 425 4400 episcopus
455 4311 641 4399 subscripsi.
686 4310 851 4374 Iohannes
878 4309 1010 4374 humilis
1038 4309 1213 4395 episcopus
1243 4312 1377 4373 sauctae
1402 4305 1583 4370 Ticinensis
1614 4306 1772 4370 ccclesiae
1797 4305 1873 4370 sub-

253 4416 377 4503 scripsi.
422 4413 604 4480 Teudulfus
628 4412 849 4478 'sardonensis
880 4413 1054 4499 episcopus
1083 4411 1269 4497 subscripsi.
1317 4409 1494 4475 Hilduinus
1517 4408 1670 4473 Astansis
1701 4407 1875 4495 episcopus

356 4620 383 4688 a)
402 4630 427 4674 st
505 4623 705 4690 inquietaverint
722 4637 770 4673 om.
788 4617 813 4671 2.
888 4618 917 4686 b)
936 4619 1017 4670 omnis
1034 4615 1059 4669 2.
1134 4616 1159 4683 ο)
1176 4617 1325 4669 emendetur
1341 4615 1366 4668 3.
1441 4615 1468 4681 d)
1487 4616 1528 4668 ins
1546 4632 1622 4668 suum
1640 4612 1665 4666 4.
1740 4614 1765 4678 e)
1783 4631 1831 4666 orn.
1850 4613 1875 4666 3.

253 4708 277 4775 I)
295 4711 439 4763 Ansbertns
516 4711 616 4762 comitis
634 4709 697 4761 cdd.
715 4706 740 4760 d.
758 4725 789 4761 erc
806 4706 891 4760 codice
908 4706 1091 4759 Belloccccmi.

210 4923 236 4962 sc
356 4911 400 4975 18)
420 4909 515 4979 Supra
532 4926 554 4965 c.
568 4911 597 4975 6,·
614 4910 663 4976 cfr.
677 4908 759 4963 amm
772 4907 849 4962 Gonu.
862 4923 906 4975 ap.
921 4904 1069 4960 Valentiam
1082 4905 1141 4972 853,
1161 4919 1246 4972 aspra
1260 4920 1288 4972 p.
1300 4904 1343 4972 76,
1360 4919 1381 4957 c.
1393 4905 1426 4968 6,·
1446 4902 1561 4972 Psppissi
1574 4902 1639 4971 Gap.
1654 4902 1874 4971 1166301-810,

253 5016 314 5066 tora.
331 5011 359 5080 I,
379 5029 409 5083 p.
426 5015 491 5080 209,
514 5029 536 5068 c.
552 5017 584 5078 5,·
611 5011 747 5066 Adrnmvit.
765 5009 916 5076 823-325,
935 5009 951 5061 1.
970 5022 991 5060 c.
1005 5023 1036 5075 p.
1049 5005 1107 5074 307,
1126 5022 1146 5060 c.
1160 5007 1203 5062 25.
1318 5006 1361 5073 19)
1382 5005 1536 5074 &phetora
1553 5004 1622 5058 clod
1640 5005 1738 5060 Kcroli
1759 5009 1782 5058 ct
1801 5003 1875 5058 Hla-

252 5114 344 5170 dowici
360 5115 526 5184 deperditum
544 5131 598 5171 casa
616 5115 733 5182 adetum·
756 5113 803 5180 cfr.
822 5117 912 5166 codem
929 5109 1029 5165 Kareli
1045 5109 1120 5178 epist.
1133 5109 1280 5196 7907800,
1298 5109 1315 5164 l.
1332 5124 1352 5162 c.
1367 5124 1396 5176 p.
1409 5108 1468 5162 203.
1538 5108 1583 5176 20)
1603 5107 1656 5174 crs.
1674 5123 1743 5176 mccc
1761 5107 1876 5162 disserui

252 5217 284 5272 ia
301 5219 497 5289 ‘ditectionem
520 5219 546 5274 d.
565 5220 632 5274 Iast.
649 5220 671 5286 s.
689 5223 777 5273 ostar.
800 5215 869 5270 GF?
888 5213 947 5281 XI,
966 5229 995 5281 1³·
1011 5213 1063 5267 245
1080 5229 1117 5280 sq.
1204 5213 1249 5281 21)
1269 5211 1325 5278 Ost.
1345 5211 1428 5279 Gapp.
1449 5210 1521 5280 Pop.
1539 5212 1599 5278 366,
1615 5226 1701 5278 supro
1713 5226 1742 5278 p.
1756 5211 1798 5280 92,
1815 5227 1837 5266 c.
1850 5213 1875 5265 3.

253 5321 297 5388 22)
315 5321 503 5392 Mittatcsrpes
519 5323 537 5378 I.
554 5337 575 5377 c.
589 5337 619 5389 p.
631 5321 683 5375 216
693 5336 722 5375 a.
808 5320 853 5384 23)
873 5313 1089 5371 Oommcuorctio
1106 5313 1166 5382 825,
1188 5319 1248 5369 tom.
1268 5314 1295 5380 Ι,
1310 5330 1340 5384 p.
1355 5314 1407 5368 308
1420 5329 1466 5382 sq,
1483 5329 1505 5368 c.
1518 5315 1542 5368 2.
1553 5315 1578 5368 3.
1664 5313 1709 5380 24)
1730 5313 1788 5383 Gap
1804 5315 1875 5369 miss.

210 5440 236 5480 ss
252 5424 312 5491 819,
329 5425 347 5480 l.
364 5441 385 5479 c.
397 5443 429 5494 p.
440 5425 501 5493 290,
518 5441 540 5479 c.
555 5426 586 5478 12
592 5441 601 5490 ,·
630 5423 697 5492 Gap.
714 5423 746 5477 dc
763 5421 913 5476 homibus
929 5419 1081 5486 aot-813,
1102 5419 1118 5472 I.
1137 5434 1159 5472 c.
1173 5434 1202 5486 p.
1217 5418 1268 5472 180
1278 5435 1315 5486 sq.
1413 5419 1458 5486 25)
1479 5417 1536 5484 Gfr.
1554 5416 1670 5484 Itidrtcr,
1687 5417 1876 5472 Kirdrcaroelst

252 5525 291 5581 cd.
308 5527 334 5582 8.
348 5528 473 5596 p.1334;
493 5526 569 5582 (lonc.
582 5527 699 5582 Romam
715 5527 775 5594 898,
795 5524 891 5579 Manat
905 5522 1022 5590 XVIII,
1040 5521 1087 5575 col.
1099 5521 1160 5587 226,
1177 5535 1199 5574 c.
1213 5522 1261 5588 11,·
1284 5519 1361 5576 (bac.
1376 5520 1521 5576 Itosleioa.
1538 5521 1598 5589 909,
1616 5522 1634 5576 l.
1651 5537 1672 5576 c.
1690 5521 1736 5574 col.
1749 5521 1801 5574 302
1812 5537 1875 5589 sqq,

253 5632 334 5698 a145
354 5629 421 5698 Cap.
440 5631 509 5686 ssim.
520 5631 580 5698 832,
597 5646 683 5699 aspra
696 5647 726 5699 p.
739 5629 781 5696 64,
799 5645 821 5683 c.
835 5630 876 5683 11.
963 5627 1008 5697 26)
1027 5623 1117 5692 Sisara
1133 5640 1155 5680 c.
1170 5623 1211 5679 10.
1298 5623 1343 5694 21)
1364 5625 1420 5691 Ost.
1434 5623 1500 5693 Gap.
1518 5625 1588 5679 mbr.
1601 5626 1661 5692 802,
1680 5625 1775 5691 toral,
1791 5640 1821 5694 p.
1834 5625 1876 5691 92,

254 5735 318 5806 α2,·
345 5733 427 5807 Ocpp.
445 5735 592 5803 803-813,
610 5733 627 5788 l.
644 5749 665 5787 c
680 5750 709 5802 p.
723 5733 782 5800 156,
800 5747 821 5786 c.
834 5732 865 5800 2,·
890 5731 1021 5787 anncr
1037 5729 1068 5782 tn
1086 5728 1125 5782 ίΖ.
1143 5727 1165 5795 f.
1185 5727 1248 5784 Rc.
1269 5727 1382 5795 XXIV,
1399 5743 1479 5798 pam.
1491 5729 1571 5794 Aotr,
1585 5745 1615 5794 p.
1628 5729 1670 5782 81.
