4634 6436
512 415 760 484 onplroninln
778 428 909 486 REGUM
927 431 1111 487 rannone
1129 431 1359 488 offlnnrnms.
1379 465 1411 475 -
1429 434 1478 490 Νι.
1491 436 1551 490 242.
1783 441 1844 503 153

219 600 265 664 ad
283 600 451 680 Karolum,
475 601 578 682 Opera
592 603 621 680 I,
636 623 674 684 p.
694 605 786 670 1967.
824 601 897 670 (lad.
914 607 943 667 5.
959 603 1081 668 exhibet
1096 609 1222 668 tautum
1242 605 1373 670 nomina
1388 607 1576 688 oprtimatum
1595 614 1624 673 et
1641 631 1667 672 c.
1680 613 1774 673 ‹1-7.
1791 613 1828 675 19
1834 631 1845 688 ,·
1862 623 1922 678 860.

220 703 308 767 codd.
331 707 426 769 2-4.
453 705 602 770 04444444
623 705 911 772 Adnuntiationern
932 705 1067 784 Karoli;
1090 709 1118 771 3.
1135 710 1165 770 4.
1187 708 1284 772 etiarn
1311 709 1411 774 trium
1436 730 1544 792 repam
1568 711 1845 789 accumulans,

219 825 360 887 444444
388 827 487 888 aeque
514 829 553 872 44
581 809 723 890 capitum
749 811 884 874 1.3.1o.
902 813 948 872 12.
980 808 1112 890 reliquis
1139 831 1217 876 4444
1245 812 1369 876 omissis
1397 818 1544 895 44444444
1568 815 1701 895 praebet
1728 815 1794 879 cod.
1815 818 1845 879 6.

221 909 264 972 14
278 909 365 973 codd.
380 912 473 974 3-5.
491 907 643 994 Capituli
654 916 903 992 praeponuntur
924 911 1105 977 4044444444
1126 913 1340 994 4444444444
1355 920 1385 980 et
1399 914 1552 980 44440444
1574 922 1604 981 44
1619 917 1655 980 44
1668 917 1755 982 codd.
1773 921 1801 982 3.
1815 922 1844 982 4.

189 1009 282 1074 sirac
308 1012 514 1093 inscriptione
532 1035 704 1094 paperem
734 1015 903 1095 composita
923 1013 1076 1096 praedita
1102 1020 1195 1080 sunt:
1227 1015 1324 1081 Anno
1354 1019 1588 1084 incarnationis
1611 1018 1721 1084 domni
1744 1021 1846 1085 nostri

221 1115 323 1179 Ihesu
346 1114 468 1180 Ohristi
484 1115 673 1183 Doocnx.
698 1118 791 1182 Haec
815 1124 890 1182 sunt
917 1119 1061 1204 capitula
1075 1119 1313 1184 venerabilium
1330 1141 1442 1206 regum
1458 1121 1634 1203 Hlotharii‚
1656 1122 1844 1188 Hluduwici

222 1223 257 1282 44
279 1218 402 1282 scilicet
417 1217 544 1299 Karoli,
568 1240 652 1306 quae
675 1221 760 1286 inter
783 1244 819 1288 se
842 1222 1052 1288 firmaverunt
1074 1223 1177 1308 pridie
1201 1223 1250 1290 Id.
1267 1225 1339 1291 Iun.
1362 1227 1395 1289 in
1417 1247 1503 1312 pago
1527 1226 1731 1293 Treiectinse
1753 1228 1847 1292 iuxta

223 1320 329 1405 ipsum
355 1319 462 1386 locum
478 1321 673 1388 Traiectum.
719 1323 770 1390 Eo
792 1325 917 1402 ordine,
939 1345 1001 1406 440
1023 1323 1075 1390 tic
1089 1325 1251 1405 44444444
1272 1332 1354 1406 ceto,
1377 1333 1504 1393 4444444
1526 1330 1562 1394 44
1583 1330 1671 1396 codd.
1690 1335 1718 1396 1.
1731 1333 1760 1393 2.
1773 1333 1803 1393 6.
1817 1332 1846 1408 7,

222 1423 280 1504 444
305 1423 378 1488 bern
404 1425 547 1489 convenit
573 1447 645 1491 444
671 1425 751 1505 illis,
782 1447 864 1510 4444
885 1426 1030 1492 Karolas
1051 1449 1083 1495 4.
1105 1431 1177 1494 862.
1200 1429 1245 1493 ad
1267 1429 1468 1514 Sapmmrias
1487 1431 1594 1514 (infra
1609 1453 1645 1513 p.
1671 1436 1746 1510 159,
1768 1454 1794 1496 c.
1815 1435 1847 1512 1)

177 1549 204 1587 1⁰
214 1527 458 1606 pronurdiarit:
485 1529 572 1614 apud
596 1529 805 1597 Confluentes
828 1553 886 1597 nos
987 1533 1150 1598 communi
1172 1533 1315 1598 fidelium
1339 1540 1523 1598 nostrorum
1547 1535 1683 1600 consilio
1708 1555 1845 1600 recon-

222 1629 446 1696 ciliavimus
470 1637 504 1698 et
527 1641 776 1699 sacramento
800 1656 859 1700 nos
875 1636 1135 1700 confirmavimus
1160 1641 1192 1701 et
1206 1636 1384 1722 capitula
1407 1637 1669 1702 scammunibus
1694 1637 1845 1703 fidelibus

221 1734 343 1799 nostris
371 1733 494 1800 dictata
518 1742 551 1801 et
574 1737 668 1802 nobis
691 1739 815 1830 relecta
837 1760 898 1804 nos
922 1738 1153 1805 observaturos
1175 1739 1385 1826 promisimus
1410 1745 1443 1804 et
1465 1740 1598 1826 publice
1622 1741 1846 1807 communibus

222 1836 375 1903 fidelibus
398 1840 517 1904 nostris
540 1839 875 1907 adnuntiavimus.

331 1940 476 2007 Karalus
501 1943 559 2020 ΙΙ,
591 1963 663 2008 cum
694 1945 825 2010 4444444
857 1965 943 2010 4440
970 1947 1042 2010 859.
1060 1943 1100 2008 H
1102 1942 1292 2010 1444044444
1319 1965 1420 2028 44444
1446 1945 1609 2011 franciae
1639 1945 1804 2013 orientalis
1832 1969 1848 2010 e

177 2062 204 2100 1⁵
223 2065 316 2126 44444
343 2067 414 2125 siro,
442 2045 527 2129 44444
552 2046 604 2111 tte
631 2068 734 2113 mense
756 2047 928 2129 8444444444
949 2050 1069 2114 4858.
1088 2047 1242 2113 hostiliter
1269 2048 1444 2127 44444444,
1474 2048 1660 2130 appulisset,
1687 2070 1756 2114 444
1776 2070 1849 2114 cum

222 2147 399 2215 Hlotlrario
420 2149 469 2215 II.
497 2155 606 2231 nepote
632 2171 758 2232 operam
784 2151 883 2230 dedit,
913 2156 950 2216 44
970 2151 1104 2231 fratrem
1125 2151 1170 2215 ad
1190 2150 1475 2216 reconciliationem
1494 2157 1526 2216 et
1547 2172 1661 2233 pacem
1681 2159 1847 2217 revocaret.

225 2253 297 2334 Qua
325 2252 363 2318 de
389 2274 489 2318 44444
521 2275 607 2337 repes
631 2256 777 2335 444444
803 2255 855 2320 die
878 2260 907 2319 4.
934 2255 1050 2319 mensis
1076 2253 1168 2319 Iunii
1190 2257 1263 2319 859.
1286 2255 1478 2321 Wormatrae
1502 2276 1565 2336 per
1592 2255 1748 2337 4444444444
1773 2255 1847 2338 (cfr.

223 2355 313 2436 infra
334 2356 452 2440 Spnod.
468 2355 562 2423 Mett.
580 2358 668 2441 859),
691 2362 759 2422 tum
780 2358 874 2423 44444
889 2358 1109 2422 Aeternarum
1130 2356 1292 2421 4444444444
1313 2358 1378 2438 ipsi
1399 2379 1471 2422 444
1486 2357 1678 2424 Hludoroieo
1700 2358 1738 2422 de
1753 2359 1849 2439 pacis

222 2459 455 2524 conditionibus
469 2464 686 2525 tractaverunt
700 2459 804 2544 (Ann.
818 2460 917 2528 Fuld.
933 2460 979 2524 ad
992 2481 1022 2526 4.
1041 2463 1113 2537 859,
1137 2460 1195 2526 SS.
1212 2461 1243 2538 I,
1259 2481 1296 2541 p.
1314 2464 1393 2539 373;
1415 2461 1502 2526 Anu.
1519 2461 1645 2526 Bertin.
1668 2461 1713 2525 ad
1727 2482 1757 2524 a.
1774 2463 1848 2539 859,

177 2579 205 2618 4ο
222 2563 270 2629 ed.
290 2563 395 2630 Waltz
407 2641 408 2644 Ἴ
409 2585 447 2644 p.
466 2564 531 2647 52).
577 2562 693 2629 ‘Gaius
719 2562 866 2646 colloquii
894 2563 1023 2643 effectius
1050 2561 1200 2642 differtur
1227 2584 1326 2645 44444
1353 2563 1398 2628 ad
1425 2566 1453 2628 8.
1477 2561 1644 2628 Kalendas
1666 2563 1850 2628 Nooenrbris

221 2667 312 2748 apud
331 2666 495 2732 Basiliam
516 2668 683 2733 civitatem.
731 2669 799 2751 Qum
821 2669 957 2734 14410444
985 2668 1168 2732 4444444444
1188 2666 1315 2731 Karlus
1338 2671 1470 2748 propter
1491 2666 1642 2732 Lotlrarii
1673 2667 1849 2731 4444444444

221 2770 262 2834 ab
289 2771 401 2834 itinere
427 2775 531 2851 coepto
558 2772 735 2836 revertitnr'
763 2772 866 2853 (Ann.
890 2771 1017 2836 Bertin.
1040 2771 1061 2835 l.
1077 2772 1131 2854 4.).
1183 2772 1297 2852 Itaque
1323 2790 1409 2836 anno
1432 2769 1557 2834 danum
1578 2772 1651 2835 860.
1665 2769 1847 2845 ’14ᾱο4444,

222 2872 349 2938 Karlus
376 2879 405 2938 et
431 2873 608 2939 Lotharius
635 2896 721 2957 44444
748 2874 915 2940 Kalendas
942 2875 1059 2939 144444
1088 2873 1178 2955 apud
1210 2877 1350 2938 44444444
1380 2873 1465 2954 quod
1490 2871 1689 2952 Confluentes
1719 2877 1850 2936 4444444

223 2977 425 3056 4040444444,
447 2978 552 3060 ilique
574 2979 612 3044 de
626 2999 710 3060 pace
730 2979 814 3044 iuter
835 3001 868 3044 se
889 2977 948 3043 diu
970 2983 1156 3056 tractantes,
1186 2978 1313 3042 44444444
1335 2977 1533 3042 4044044444
1554 2982 1649 3058 atque
1670 2976 1849 3040 amicitiam

178 3099 206 3139 2⁵
225 3082 289 3161 ipsi
312 3102 374 3162 per
404 3103 437 3146 se
466 3082 645 3148 iuramento
674 3083 814 3163 panam’
844 3082 947 3166 (Anu.
970 3082 1096 3147 Berlin.
1125 3080 1145 3146 l.
1166 3101 1192 3147 4.
1213 3102 1250 3162 p.
1272 3084 1330 3159 54,·
1368 3080 1426 3161 cfr.
1453 3080 1550 3145 etiam
1570 3080 1658 3145 Ann.
1681 3078 1779 3146 Fuld.
1806 3079 1851 3143 ad

223 3205 254 3248 a.
271 3188 344 3263 860,
366 3183 386 3249 4.
402 3185 453 3261 4.).

332 3287 549 3354 Adnuntiatio
570 3289 703 3368 Karoli,
733 3311 814 3372 4444
838 3291 875 3355 44
896 3290 998 3373 capite
1020 3293 1163 3354 44404444
1184 3292 1353 3354 conventus
1374 3291 1490 3365 exstat,
1520 3286 1560 3351 44
1581 3285 1647 3350 illis
1668 3285 1850 3367 separanda

224 3415 289 3458 esse
309 3391 443 3458 videtur.
488 3393 632 3460 Karalus
653 3394 737 3459 4444
751 3394 947 3475 pronuntiat
969 3393 1045 3458 ‘loc
1066 3393 1175 3470 anno’,
1204 3412 1289 3456 anno
1310 3391 1411 3472 444444
1433 3392 1512 3467 869,
1540 3387 1768 3454 Η4444444444
1788 3388 1848 3454 sol·

225 3494 382 3559 licitatum
403 3515 477 3573 4444,
500 3501 538 3560 ut
558 3497 595 3562 in
615 3517 745 3579 4444444
767 3519 861 3562 suum
883 3497 1010 3574 veniret,
1032 3495 1116 3577 4444
1135 3495 1257 3576 factum
1278 3515 1312 3559 44
1334 3513 1408 3558 vera
1429 3493 1497 3557 iam
1518 3494 1692 3558 4440858.
1716 3492 1849 3568 cecidit·

181 3625 209 3663 so
224 3599 329 3663 eodem
359 3619 445 3664 4444
472 3601 544 3665 8611.
567 3622 600 3665 44
626 3602 732 3682 msam
759 3621 781 3664 4
808 3600 955 3681 fidelibus
980 3599 1128 3664 adiutum
1154 3598 1287 3679 fratrem
1313 3594 1483 3678 4444444444,
1515 3596 1563 3660 tis
1590 3617 1662 3661 cum
1689 3595 1743 3661 illo
1765 3601 1848 3659 trac-

225 3707 317 3765 tasse.
363 3702 451 3784 Quae
475 3703 599 3768 indicia
625 3705 773 3785 tempom's
797 3724 870 3769 enm
898 3705 981 3768 inter
1006 3725 1039 3768 se
1060 3721 1244 3786 mcpuopere
1266 3701 1440 3782 discrepent
1461 3719 1561 3780 44444
1581 3699 1626 3763 ad
1647 3719 1678 3766 a.
1695 3701 1768 3766 858.
1791 3703 1850 3763 aut

227 3808 299 3870 859.
323 3811 382 3870 aut
403 3807 476 3871 869.
501 3806 615 3887 referri
636 3809 777 3888 possint,
805 3808 961 3873 incertum
986 3805 1144 3888 44444440,
1173 3806 1227 3869 oui
1253 3825 1338 3869 4440
1357 3803 1577 3868 Αι4444444440
1602 3801 1771 3868 tribuenda
1796 3802 1849 3866 sit,

227 3908 511 3976 4144444444·
545 3910 632 3977 unde
655 3932 715 3977 nos
814 3918 926 3977 vostra
948 3911 1088 3977 fidelitas
1112 3911 1159 3975 sic
1182 3909 1348 3974 adiuvavit
1369 3906 1409 3989 (4.
1425 3908 1487 3995 45)
1510 3911 1556 3971 et:
1589 3905 1676 3992 quod
1698 3906 1775 3991 qnia

227 4013 307 4078 utile
331 4013 425 4078 nobis
448 4013 591 4095 videtur,
619 4016 769 4081 volumus
792 4015 887 4081 vobis
909 4015 990 4080 iliud
1013 4014 1141 4090 dicere;
1175 4021 1209 4078 44
1231 4013 1258 4077 41
1281 4011 1374 4077 vobis
1474 4009 1616 4090 videtur,
1645 4029 1717 4073 cum
1741 4013 1849 4074 vestro

184 4139 210 4180 ss
228 4117 366 4182 oonsilio
387 4117 537 4183 volumus
559 4117 640 4182 illud
661 4119 808 4205 recipere
829 4117 868 4200 (l.
887 4121 906 4182 3
922 4121 1003 4200 444.)
1026 4121 1159 4198 apparet
1180 4114 1269 4181 illam
1290 4115 1335 4179 ad
1351 4113 1431 4179 solos
1446 4112 1552 4194 fideles
1567 4111 1685 4176 Karoli
1699 4111 1851 4176 directam

227 4242 292 4286 esse
319 4225 349 4286 44
376 4222 534 4300 andnam,
563 4223 756 4305 priusquam
784 4223 947 4303 optimates
974 4222 1072 4286 trium
1098 4242 1205 4304 444444
1231 4221 1276 4285 ad
1296 4219 1490 4284 conditiones
1512 4217 1606 4298 pacis
1633 4215 1851 4282 ddrlerandas

227 4325 458 4403 4044444444·
479 4325 573 4391 older
588 4325 761 4405 Diimmler‚
781 4325 943 4407 Ostfrtinlr.
960 4325 1060 4390 144404
1075 4325 1125 4403 1²,
1142 4345 1179 4405 p.
1195 4327 1275 4402 456,·
1296 4319 1658 4387 Β444444-Μ4444444444
1672 4340 1721 4384 nr.
1738 4319 1850 4384 14924.

340 4426 499 4509 Capituli,
525 4449 607 4511 4444
629 4431 765 4515 episoma
787 4435 816 4495 et
838 4429 913 4494 44444
935 4429 1074 4494 adunati
1094 4432 1344 4509 acceptaverunt,
1370 4425 1512 4490 444444
1534 4445 1573 4489 ea
1587 4427 1693 4505 parte,
1717 4422 1852 4503 acceptis

227 4530 345 4596 seilicet
366 4553 392 4596 e.
408 4535 503 4610 6-9,
526 4555 565 4598 ea
591 4531 682 4600 0444.
705 4533 795 4614 apud
811 4533 983 4598 1114444444
998 4533 1045 4597 ΙΙ.
1062 4535 1135 4610 851,
1157 4552 1258 4612 snpra
1272 4551 1311 4611 p.
1324 4533 1454 4610 72444,
1477 4528 1642 4608 desumpta
1663 4530 1748 4602 4444,
1770 4545 1851 4606 quae

184 4665 212 4702 ro
230 4636 329 4717 444444
350 4636 502 4715 derivata,
525 4656 586 4718 440
608 4635 740 4716 facilius
761 4636 801 4700 46
822 4634 953 4716 reliquis
967 4635 1199 4712 discernantur,
1215 4632 1391 4698 4444044444
1405 4631 1489 4715 typis
1503 4628 1645 4711 imprimi
1659 4629 1850 4694 miravimus.

1371 4734 1430 4818 (Β.
1445 4734 1493 4811 11,
1512 4737 1584 4811 rsa·
1606 4732 1644 4798 P.
1661 4731 1749 4811 444.)

738 4945 997 5011 Adnuntiatio
1027 4944 1162 5010 domni
1190 4941 1341 5009 Karoli.

334 5037 405 5153 Vos
439 5086 544 5167 scitis,
578 5084 738 5173 quomodo
773 5085 931 5172 aliquanti
963 5085 1112 5149 homines
1145 5083 1269 5162 444444,
1303 5101 1400 5167 qnam
1430 5099 1566 5144 necesse
1593 5077 1715 5157 iuerat,
1744 5075 1852 5142 Deum

231 5194 400 5272 timentes,
436 5198 583 5257 nostrum
612 5192 746 5257 tratrem
773 5191 1006 5256 Hludowicum
1035 5190 1129 5275 quasi
1159 5188 1220 5253 sub
1251 5187 1335 5253 bona
1366 5185 1546 5251 intentione
1578 5183 1640 5248 hoc
1670 5201 1755 5246 anno
1786 5182 1851 5246 sol-

189 5295 455 5376 4114444444444,
483 5295 575 5361 utin
599 5317 735 5381 regnum
759 5300 904 5360 nostrum
927 5294 1039 5358 taliter
1060 5293 1201 5372 veniret,
1229 5290 1314 5355 sicut
1337 5290 1401 5376 ipsi
1426 5288 1530 5354 scitis:
1567 5284 1654 5351 unde
1677 5306 1737 5351 nos
1760 5283 1852 5349 Deus

234 5406 267 5465 44
289 5407 399 5466 vestra
421 5400 565 5466 fidelitas
588 5401 634 5465 sic
657 5399 837 5479 adiuvavit,
865 5399 948 5462 sicut
971 5403 1005 5461 et
1027 5396 1112 5461 bene
1137 5395 1343 5480 cognoscitis.
1389 5391 1469 5456 Post
1492 5389 1554 5454 hoc
1576 5388 1737 5454 laboravit
1759 5386 1851 5452 adiu·

233 5510 331 5570 vante
346 5503 485 5569 Domino
509 5504 572 5568 iste
595 5503 907 5587 carissimus,nepos
930 5505 1051 5580 noster,
1075 5505 1111 5563 ut
1133 5499 1218 5564 inter
1241 5518 1301 5562 nos
1323 5515 1389 5582 pax
1412 5493 1517 5572 fieret,
1540 5491 1624 5557 sicut
1645 5511 1706 5575 per
1727 5495 1853 5555 rectum

235 5627 307 5672 esse
329 5606 443 5687 debet,
471 5613 505 5672 44
531 5613 568 5672 44
596 5606 804 5672 monentibus
827 5604 990 5690 episcopis
1013 5601 1056 5668 ad
1078 5601 1168 5667 illam
1192 5601 1363 5666 ceritatem
1387 5602 1422 5662 44
1443 5595 1623 5660 fraternam
1647 5592 1853 5659 concordiem

235 5709 363 5794 rediret,
387 5711 457 5776 sine
481 5729 546 5796 qua
567 5709 676 5776 nullus
700 5710 897 5776 christianus
921 5708 1031 5774 salvus
1054 5728 1130 5772 esse
1153 5727 1218 5772 non
1240 5708 1358 5792 potest.
1404 5701 1589 5786 Propterea
1611 5697 1790 5863 {ponamini
1812 5697 1854 5762 ad

335 5840 372 5879 U..
397 5837 565 5879 cunonem
583 5837 610 5876 u.
