4546 6398
410 437 470 498 164
704 429 950 486 onrlnuunuln
969 429 1097 484 usuum
1116 427 1300 484 nnnnclnu
1320 427 1551 484 OlilllNTAblS.
1572 459 1603 468 -
1623 428 1672 484 Nr.
1684 429 1745 486 243.

329 611 390 666 862.
408 610 445 667 ut
465 624 538 668 cum
552 602 617 668 Dei
632 601 791 667 adiutorio
814 624 874 668 nos
898 608 930 668 et
947 603 1062 668 fideles
1078 608 1205 667 nostros
1222 603 1386 668 salvemus
1410 609 1444 667 et
1460 602 1708 689 oppressoribus
1724 609 1855 668 sanctae
1871 603 2032 668 ccclesiae

410 709 612 772 resistamus.
670 706 713 770 Et
747 706 829 771 hauc
862 706 1159 790 adcognitationem
1196 706 1269 771 ideo
1300 705 1398 770 scribi
1429 708 1591 770 communi
1625 727 1787 771 consensu
1818 707 1969 784 lecimus,
1999 713 2035 772 ut

410 811 634 896 unusquisque
658 816 803 875 nostrum
828 811 916 875 illam
939 809 1060 874 habeat
1082 815 1116 874 et
1138 809 1258 874 certius
1283 809 1374 890 sciat,
1398 808 1473 895 quid
1497 816 1531 874 et
1553 810 1693 895 qualiter
1715 810 1834 875 exinde
1857 811 2033 875 observare

410 912 600 999 expressius
621 912 757 986 debeat;
781 914 943 998 quianon
966 910 1072 994 decet,
1096 920 1132 977 ut
1154 933 1213 977 rex
1237 934 1257 977 a
1280 933 1339 976 sua
1362 913 1582 997 cognitatione
1606 912 1731 992 deviet,
1760 913 1844 978 sicut
1867 934 1930 978 non
1955 934 2032 978 cou-

410 1018 510 1098 venit‚
533 1023 570 1081 ut
593 1018 769 1102 episcopus
793 1039 813 1082 a
835 1036 895 1079 sua
917 1021 1008 1079 recta
1029 1015 1274 1101 praedicatione
1298 1013 1476 1081 discordet.
2066 1040 2077 1077 s

1005 1288 1268 1354 Adnuntiatio
1292 1287 1444 1355 Karoli.

520 1445 599 1532 (lap.
624 1451 650 1510 1.
686 1444 775 1523 Hoc,
803 1443 890 1530 quod
918 1443 1058 1509 dilectus
1087 1444 1189 1508 freter
1211 1449 1322 1507 noster
1350 1443 1433 1508 dixit
1455 1465 1515 1508 uos
1538 1444 1688 1530 proxime
1712 1445 1799 1532 apud
1823 1445 2035 1512 Confluentes

411 1551 629 1625 constituisse,
652 1556 808 1635 quantum
833 1549 893 1612 luit
916 1569 957 1611 ex
981 1569 1049 1626 me,
1072 1548 1232 1612 hactenus
1256 1548 1426 1612 observavi
1449 1555 1482 1612 ct
1506 1548 1682 1612 observare
1707 1550 1817 1634 cupio,
1849 1551 1877 1613 si
1901 1558 1935 1615 et
1958 1571 2036 1634 erga

411 1673 464 1716 me
490 1653 537 1717 ita
565 1653 663 1716 fuerit
693 1653 918 1726 observatum;
949 1656 982 1714 et
1005 1641 1072 1715 ei34
1095 1657 1248 1736 reputare
1270 1671 1333 1714 non
1356 1651 1448 1728 volo,
1479 1659 1516 1714 ut
1538 1652 1608 1738 ipse
1633 1652 1781 1716 similiter
1804 1673 1882 1737 erga
1906 1654 2036 1718 moilla

411 1755 585 1820 observata
607 1777 672 1819 uon
697 1755 825 1821 habeat.
872 1753 979 1819 Credo
1003 1755 1117 1831 etiam,
1141 1755 1217 1838 quia
1240 1775 1299 1818 neo
1322 1752 1376 1817 ille
1400 1755 1478 1818 velit
1502 1775 1560 1818 nec
1584 1756 1702 1840 aliquis
1726 1755 1810 1819 alius
1833 1755 1911 1819 mibi
1938 1776 2034 1842 repu-
2056 1783 2081 1821 rc

411 1864 481 1923 tare
504 1860 618 1944 possit,
641 1865 677 1923 ut
700 1879 779 1943 erga
802 1879 876 1923 eum
899 1858 957 1922 illa
980 1857 1155 1922 observata
1178 1877 1243 1921 non
1266 1856 1418 1922 habeam.
1465 1857 1590 1931 Quodsi
1614 1859 1730 1943 aliquis
1753 1859 1877 1935 lecerit,
1902 1867 2035 1947 paratus

412 1983 482 2026 sum
514 1970 571 2027 aut
598 1962 669 2042 illa,
698 1983 781 2047 quae
811 1960 1017 2027 emendanda
1046 1969 1138 2042 sunt,
1169 1961 1345 2026 emendare
1377 1966 1434 2025 aut
1465 1960 1506 2024 de
1529 1961 1607 2041 hoo,
1639 1961 1723 2047 quod
1747 1962 1825 2026 mihi
1850 1969 2035 2048 reputatum

412 2065 519 2146 luerit,
544 2072 665 2130 certam
690 2064 827 2130 reddere
851 2065 1020 2129 rationem.

520 2198 548 2260 2.
585 2193 629 2258 Et
652 2195 679 2259 si
703 2195 754 2259 hic
772 2195 950 2260 communis
975 2213 1078 2279 nepos
1100 2198 1212 2256 noster
1227 2193 1353 2272 lecerit,
1378 2193 1462 2256 sicut
1484 2192 1586 2258 frater
1609 2198 1720 2258 noster
1743 2199 1776 2257 et
1799 2191 1957 2280 episcopi,
1981 2193 2036 2279 qui

412 2319 485 2363 curn
509 2318 549 2363 eo
572 2299 740 2364 internos
764 2297 960 2364 mediatores
982 2298 1131 2377 luerunt,
1155 2296 1234 2360 mihi
1258 2304 1291 2360 et
1315 2296 1493 2382 episcopis,
1517 2297 1573 2382 qui
1596 2316 1724 2360 mecum
1748 2303 1852 2375 eraut,
1876 2317 1918 2360 ex
1942 2301 2034 2381 parte
2053 2321 2078 2360 u

411 2403 498 2467 illius
521 2405 764 2484 nuntiaverunt,
788 2411 821 2469 et
843 2404 945 2469 frater
967 2407 1080 2467 noster
1101 2422 1187 2466 nunc
1204 2400 1295 2476 dixit,
1320 2408 1353 2464 et
1375 2400 1420 2465 ita
1442 2400 1521 2464 mibi
1541 2400 1710 2464 familiaris
1733 2405 1767 2463 et
1790 2400 1913 2462 amicus
1937 2405 2036 2485 atque

412 2505 541 2571 adiutor
564 2507 742 2572 secundum
760 2505 988 2572 rationabilem
1005 2505 1255 2593 possibilitatem
1280 2505 1439 2583 extiterit,
1463 2505 1548 2569 siout
1569 2524 1671 2588 nepos
1694 2509 1810 2588 patruo
1834 2509 1867 2569 et
1885 2503 2034 2568 christia-

411 2631 473 2674 nus
496 2631 555 2674 rex
578 2611 756 2675 christiano
789 2611 858 2696 regi
888 2630 963 2674 esse
991 2628 1051 2695 per
1072 2614 1197 2672 rectum
1220 2606 1335 2687 debet,
1359 2608 1404 2671 sic
1428 2608 1458 2671 ei
1481 2608 1627 2693 privatus
1651 2612 1685 2672 et
1707 2607 1830 2671 amicus
1854 2614 1953 2693 atque
1977 2607 2034 2672 ad-

411 2711 497 2776 iutor
529 2712 708 2778 secundum
739 2713 967 2779 rationabilem
996 2711 1244 2799 possibilitatem
1275 2733 1347 2777 esse
1372 2711 1460 2791 volo,
1484 2711 1570 2775 sicut
1592 2710 1730 2796 diligens
1755 2716 1889 2797 patruus
1914 2710 2034 2776 dilecto

413 2815 522 2900 nepoti
546 2822 580 2880 et
603 2816 686 2880 sicut
710 2815 903 2881 christianus
927 2837 987 2879 rex
1010 2813 1187 2878 christiano
1211 2814 1281 2899 regi
1304 2835 1363 2899 per
1385 2819 1509 2879 rectum
1534 2835 1608 2879 esse
1632 2813 1741 2878 debet
2053 2844 2079 2883 20

521 2947 551 3011 3.
586 2942 637 3008 De
660 2943 812 3009 fidelibus
836 2951 946 3010 autem
969 2943 1077 3009 missis
1101 2945 1186 3008 inter
1209 2964 1267 3007 nos
1291 2942 1510 3008 discurrendis
1533 2942 1629 3008 etde
1653 2942 1722 3021 bis,
1753 2962 1837 3028 quae
1870 2942 1903 3006 in
1927 2941 2036 3025 regnis

413 3048 533 3112 nostris
558 3047 763 3113 emendenda
787 3054 872 3129 sunt,
897 3046 1110 3113 emendandis
1135 3047 1231 3112 etde
1256 3054 1343 3111 statu
1366 3055 1464 3133 atque
1488 3046 1609 3112 honore
1633 3045 1846 3111 ecclesiarum
1870 3053 1904 3109 et
1928 3065 2037 3108 sacer-

412 3150 524 3215 dotum
547 3171 585 3216 ac
602 3171 769 3216 servorum
786 3151 848 3215 Dei
871 3159 904 3216 et
928 3150 968 3215 tle
991 3152 1065 3236 lege
1089 3172 1127 3214 ac
1150 3150 1274 3215 iustitis
1298 3150 1523 3216 conservanda
1545 3149 1720 3236 unicuique
1743 3149 1887 3213 fidelium
1910 3155 2036 3213 nostro-

413 3274 484 3319 rum
506 3253 540 3317 in
562 3275 664 3340 regno
689 3260 809 3334 nostro,
834 3255 1065 3338 cuiuscumque
1089 3260 1237 3318 nostrum
1260 3254 1301 3318 sit
1323 3252 1433 3332 horno,
1457 3260 1490 3318 et
1513 3253 1545 3318 iu
1569 3253 1625 3318 illo
1649 3258 1682 3317 et
1704 3253 1737 3317 iu
1761 3252 1829 3316 suis
1853 3249 2035 3336 proprieta-

412 3356 499 3420 tibus
524 3358 611 3421 etin
636 3359 704 3422 suis
728 3357 905 3423 bonoribus
929 3357 1026 3422 etde
1050 3357 1202 3445 capitulis
1226 3357 1450 3438 observandis,
1476 3357 1560 3423 sicut
1576 3358 1677 3423 irater
1700 3365 1812 3422 noster
1834 3376 1920 3419 nuuc
1944 3353 2036 3435 dixit,
2056 3385 2080 3426 ιι

413 3460 458 3524 ita
481 3465 514 3523 et
537 3480 598 3545 ego
622 3482 681 3548 per
703 3463 813 3526 omnia
836 3463 932 3548 cupio
957 3461 1141 3528 observare.

964 3717 1236 3784 Adnuntiatio
1269 3717 1488 3785 Hlotharii.

523 3871 603 3959 Gap.
623 3875 649 3937 l.
684 3871 865 3957 Postquam
892 3873 954 3937 istc
981 3879 1118 3959 patruus
1146 3896 1240 3939 meus
1270 3874 1483 3940 Hludowicus
1515 3895 1567 3939 mo
1596 3875 1627 3938 in
1660 3895 1719 3938 sua
1747 3873 1893 3938 bonitate
1923 3874 1956 3937 iu
1979 3873 2037 3937 filii

415 3976 488 4038 loco
512 3965 702 4060 suscepit35,
734 3975 780 4038 sic
813 3995 892 4059 erga
920 3997 971 4040 me
1002 3997 1134 4062 semper
1160 3978 1192 4041 in
1222 4000 1281 4043 sua
1304 3977 1457 4043 mercede
1480 3978 1571 4056 lecit,
1597 3978 1680 4054 sicut
1703 3982 1736 4040 et
1759 3977 1849 4040 illurn
1873 3975 1982 4041 decuit
2006 3981 2039 4040 et

414 4076 493 4141 mihi
523 4097 660 4142 necesse
689 4076 759 4141 fuit.
809 4076 906 4142 Unde
933 4085 1068 4164 paratus
1103 4100 1174 4142 sum
1202 4081 1249 4144 illi
1272 4081 1418 4145 debitum
1441 4080 1635 4166 obsequium
1660 4080 1833 4161 exhibere,
1863 4080 1947 4144 sicut
1978 4100 2039 4165 per
2057 4103 2083 4143 so

414 4185 540 4244 rectum
563 4177 669 4243 debeo
692 4178 811 4243 facere.

523 4308 553 4371 2.
588 4305 632 4370 Et
654 4305 694 4371 de
718 4305 781 4387 his,
804 4327 888 4392 quae
911 4313 1048 4393 patruus
1072 4329 1165 4374 meus
1180 4309 1322 4375 Karolus
1338 4313 1486 4398 proxime
1509 4332 1606 4392 nuno,
1631 4311 1758 4397 quando
1782 4313 1919 4397 primurn
1944 4312 2040 4375 simul

416 4411 635 4492 convenimus,
658 4410 738 4474 mibi
764 4409 939 4490 mandavit,
966 4412 1012 4476 sic
1037 4412 1212 4478 observare
1237 4415 1342 4500 cupio,
1366 4407 1474 4480 sicut3⁶
1496 4421 1632 4500 patruus
1656 4435 1749 4479 meus
1772 4414 1987 4480 Hludowicus
2011 4427 2041 4479 et

415 4521 554 4593 episcopi,
583 4522 633 4592 qui
662 4540 725 4578 cum
754 4541 787 4578 eo
819 4515 903 4578 inter
933 4537 984 4580 rue
1008 4523 1042 4579 et
1064 4523 1214 4601 patruum
1239 4540 1345 4584 meum
1367 4518 1526 4584 Karolum
1549 4529 1717 4584 mediatores
1741 4529 1869 4595 fuerunt,
1902 4541 1944 4584 ex
1967 4539 2041 4583 mea

415 4618 508 4695 parte
538 4610 583 4674 illi
614 4621 644 4673 et
673 4618 826 4688 episeopis,
856 4619 905 4688 qui
937 4637 1000 4675 oum
1029 4632 1067 4676 eo
1095 4624 1191 4687 erunt,
1220 4622 1431 4680 nuntiaverunt.
1476 4622 1513 4678 Et
1543 4624 1567 4678 si
1590 4616 1661 4701 lpse
1684 4624 1755 4678 mihi
1777 4624 1819 4678 ita
1841 4616 1986 4701 privatus
2010 4625 2039 4678 et
2059 4640 2083 4679 ιι

415 4713 521 4770 amicus
548 4717 633 4783 atque
662 4713 775 4768 adiutor
804 4714 957 4768 secundum
980 4715 1180 4770 rationabilem
1201 4719 1421 4786 possibilitatem
1444 4720 1587 4785 extiterit,
1618 4719 1691 4774 siout
1718 4716 1852 4795 patruus
1876 4711 1987 4796 nepoti
2012 4722 2041 4773 et

415 4809 585 4864 christianus
612 4825 661 4862 rex
693 4809 847 4864 christiano
876 4810 937 4880 regi
972 4829 1032 4866 esse
1061 4829 1112 4880 per
1145 4815 1252 4866 rectum
1282 4814 1378 4880 debet,
1409 4814 1459 4868 ita
1486 4811 1519 4870 et
1542 4814 1601 4869 illi
1630 4805 1851 4870 etfamiliaris
1879 4816 1909 4867 et
1935 4813 2041 4868 amicus

416 4907 502 4973 atque
517 4904 631 4958 adiutor
646 4904 798 4959 secundum
814 4905 1013 4962 rationabilem
1028 4906 1247 4976 possibilitatem
1271 4927 1331 4964 esse
1354 4910 1426 4976 volo,
1450 4909 1523 4964 sicut
1537 4909 1658 4980 diligens
1675 4919 1778 4985 nepos
1794 4908 1897 4963 dilecto
1921 4905 2040 4984 patruo

417 4998 450 5054 et
472 4999 642 5055 christianus
665 5016 714 5054 rex
737 5000 891 5055 christiano
915 5002 976 5072 regi
999 5019 1059 5058 esse
1083 5020 1134 5073 per
1156 5006 1264 5057 rectum
1286 5005 1379 5060 debet.

525 5114 555 5176 3.
584 5101 655 5180 Ι)ε34
679 5126 806 5182 fidelibus
825 5131 919 5183 autem
938 5129 1027 5184 missis
1046 5129 1188 5183 internos
1206 5127 1391 5185 discurrendis
1409 5133 1438 5186 et
1455 5130 1490 5184 de
1507 5131 1559 5196 his,
1578 5147 1651 5199 qnae
1669 5130 1699 5184 in
1716 5128 1809 5198 regnis
1827 5129 1929 5184 nostris
1948 5146 2039 5184 emen·
2059 5144 2085 5183 co

340 5253 342 5256 .
417 5212 510 5266 danda
528 5216 601 5277 sunt,
620 5213 821 5267 emendandisl‘
840 5215 920 5270 etde
938 5219 1016 5270 statu
1035 5219 1120 5285 atque
1138 5215 1243 5270 honore
1260 5216 1439 5272 eeclesiarum
1457 5219 1487 5270 et
1506 5216 1680 5271 sacerdotum
1692 5233 1725 5270 ac
1738 5231 1879 5270 servorum
1891 5214 1942 5269 Dei
1961 5218 1990 5268 et
2008 5215 2042 5270 de

416 5300 478 5370 lege
497 5315 529 5353 ac
547 5299 657 5353 iustitia
675 5301 865 5355 conservanda
883 5301 1034 5372 uuicuique
1052 5302 1175 5357 fidelium
1193 5306 1349 5358 nostrorum
1367 5305 1396 5358 in
1415 5321 1502 5374 regno
1521 5306 1624 5367 nostro,
1644 5301 1840 5369 cuiuscumque
1858 5303 1985 5355 nostrum
2004 5301 2042 5355 sit

518 5505 564 5572 34)
583 5504 640 5570 Cfr.
664 5520 752 5574 supra
771 5525 801 5575 p.
815 5509 876 5577 159,
898 5524 919 5563 c.
934 5511 956 5564 1.
1077 5509 1123 5574 35)
1143 5507 1176 5560 A.
1196 5507 1259 5572 uno,
1282 5523 1342 5561 cum
1359 5507 1524 5561 Hlotbortus
1546 5522 1594 5562 ran
1613 5507 1700 5572 fieret·
1725 5505 1772 5570 cfr.
1796 5506 1872 5558 Ana.
1899 5503 1982 5558 Fuld.
2008 5505 2044 5558 ad

416 5625 441 5663 a.
461 5611 520 5676 855,
541 5607 589 5662 SS.
608 5609 676 5678 Lp.
689 5610 748 5664 369.
853 5614 899 5681 36)
925 5613 970 5666 Ao
995 5612 1101 5666 uerbum
1126 5613 1181 5675 scre
1207 5611 1314 5663 mutatis
1339 5627 1404 5664 sane
1430 5610 1569 5664 nortlandia
1595 5610 1721 5663 meent
1746 5623 1807 5660 cum
1828 5607 1952 5664 Adeunt.
1971 5608 2042 5661 Kar.

415 5727 499 5781 supra
516 5728 537 5767 c.
551 5713 576 5766 2.
681 5713 725 5782 37)
746 5713 802 5780 Osr.
822 5715 856 5768 tc.
874 5731 895 5771 c.
907 5718 931 5770 3.
2059 5725 2084 5762 ⁴⁵
