4634 6436
717 458 963 514 curluuusurs
981 459 1193 516 HLUDOWICI
1210 460 1245 514 Il.
1264 490 1296 500 -
1315 459 1364 515 Nr.
1376 460 1436 515 210.
1849 463 1886 525 81

267 631 452 697 teneritudo
481 652 600 718 capere
629 633 776 718 potuisse
799 631 978 712 videretur,
1007 633 1108 697 totius
1131 631 1312 699 modestiae
1336 638 1370 699 et
1392 631 1562 718 gravitatis
1585 635 1684 717 atque
1707 631 2045 718 sapientiaesss-sso.

267 755 385 822 sapore
415 733 594 810 conditam;
633 734 826 821 protulimus
855 735 954 800 etiam
982 743 1016 800 et
1048 755 1157 800 coram
1186 736 1234 800 eis
1265 729 1368 821 relegi
1395 734 1532 800 fecimus
1561 735 1843 800 commonitorium
1870 757 1890 800 a

268 845 375 916 verba
405 838 501 903 nobis
532 837 774 922 magnificentia
804 839 969 905 traditum.
1019 839 1146 913 Quibus
1176 839 1294 904 auditis
1324 860 1437 904 omnes
1463 839 1660 904 unanimiter
1689 859 1749 924 pro
1779 844 1891 904 uestra

266 940 376 1006 indole
405 941 618 1026 omnipotenti
640 939 712 1004 Deo
741 939 925 1007 diutissime
952 943 1074 1027 gratias
1103 949 1257 1026 egerunt,
1287 943 1363 1028 quin
1385 942 1507 1028 populo
1530 961 1588 1006 suo
1616 947 1683 1005 tam
1706 940 1889 1026 piissimum

235 1041 421 1128 stamque‘l
447 1043 742 1130 sapientissimum⁶
769 1045 949 1130 principem
973 1044 1078 1125 dedit,
1107 1046 1160 1130 qui
1189 1052 1307 1110 cuncta
1330 1043 1571 1111 ordinabiliterf
1592 1043 1767 1131 disponere
1791 1046 1889 1131 cupit.

375 1148 405 1210 2.
438 1144 483 1210 Et
502 1146 653 1231 quoniam
673 1146 829 1232 religiosa
845 1147 1032 1212 sollicitudo
1048 1153 1157 1212 vestra
1172 1149 1312 1233 primum
1328 1147 1368 1213 de
1385 1147 1634 1212 conversatione
1652 1148 1889 1233 episcoporum,

267 1248 533 1334 presbyterorum
550 1255 584 1314 et
598 1257 778 1314 ceterorum
794 1251 986 1315 clericorum
1004 1271 1162 1337 quaerere
1180 1250 1314 1330 studuit,
1338 1273 1397 1316 nos
1413 1271 1552 1337 quoque,
1576 1251 1673 1337 quiae
1693 1271 1753 1316 nec
1774 1250 1891 1317 alitert

266 1351 383 1417 melius
411 1351 483 1418 fieri
510 1353 632 1438 potuit,
664 1352 804 1418 eundem
833 1353 981 1444 ordinem
1011 1353 1247 1419 servavimusl.
1291 1353 1336 1419 Et
1363 1356 1551 1441 episcopum
1575 1353 1708 1440 quidem
1736 1354 1782 1418 ita
1811 1374 1889 1419 con-

266 1455 392 1520 versari
419 1454 541 1520 debere
568 1455 830 1541 pronuntiamus,
861 1462 898 1520 ut
925 1457 994 1522 eius
1022 1457 1090 1521 vita
1117 1456 1266 1521 omnibus
1292 1463 1383 1522 recte
1406 1457 1537 1523 vivendi
1565 1457 1607 1522 sit
1634 1477 1762 1531 norman
1796 1477 1888 1542 pres-

223 1584 249 1622 m
266 1559 400 1644 byteros
428 1580 507 1625 vcro
539 1566 573 1625 et
605 1561 743 1626 clericos
774 1562 821 1626 ita
843 1561 954 1626 vivere
982 1568 1125 1647 oportet,
1158 1566 1196 1625 ut
1223 1561 1374 1626 subditae
1402 1561 1491 1646 plebi
1520 1560 1671 1645 exemplo
1702 1578 1781 1625 suae
1812 1579 1889 1624 con·

267 1663 461 1727 versationis
484 1663 666 1750 proficiant.
700 1664 759 1728 Ati
783 1663 915 1751 quidam
934 1665 1199 1751 coepiscoporum
1220 1671 1415 1745 nostrorum,
1438 1665 1493 1749 qni
1509 1663 1614 1728 bonae
1633 1663 1890 1728 conversationis

268 1765 330 1831 sibi
354 1767 478 1832 conscii
501 1773 585 1848 sunt,
609 1768 719 1855 palam
741 1768 837 1834 fateri
859 1767 1065 1849 recusabant,
1089 1789 1130 1834 ne
1153 1769 1203 1832 sui
1226 1769 1372 1855 ipsorum
1395 1766 1582 1833 laudatores
1604 1765 1807 1842 viderentur;
1835 1766 1891 1851 qui

266 1889 343 1934 vero
367 1871 607 1955 neglegentiam
632 1891 725 1936 sunm
748 1876 1000 1956 recognoscunt,
1028 1891 1118 1936 more
1141 1871 1274 1935 humani
1298 1870 1422 1955 ingenii
1446 1891 1482 1934 se
1505 1871 1592 1955 ipsos
1616 1889 1772 1934 accusare
1795 1889 1889 1935 vere-

266 1971 398 2037 bantur:
440 1973 533 2037 iuxta
566 1973 848 2039 commonitionem
886 1981 995 2039 tamen
1029 1980 1172 2040 vestram
1212 1974 1400 2060 diligentius
1438 1979 1683 2059 perscrutantes
1722 1971 1889 2058 quosdam,

222 2100 247 2139 n
267 2074 380 2160 quales
404 2074 598 2142 desideratis
622 2077 801 2163 qualesque
823 2077 934 2163 populi
959 2075 1022 2142 Dei
1043 2084 1192 2163 pastores
1219 2083 1252 2142 et
1281 2082 1423 2142 rectores
1451 2096 1525 2140 esse
1548 2074 1660 2157 decet,
1690 2075 1889 2151 invenimus3

268 2179 481 2265 quorumdam
497 2201 576 2247 varo
595 2181 838 2266 neglegentiam
854 2182 907 2246 vel
928 2202 1007 2267 erga
1023 2181 1213 2246 clericorum
1232 2178 1384 2246 suorum’¹
1400 2178 1582 2245 custodiam
1597 2184 1694 2264 atque
1711 2177 1889 2243 doctrinam

267 2284 321 2349 rel
344 2304 423 2369 erga
444 2284 588 2370 plebium
612 2283 864 2350 sollicitudinem
886 2284 1106 2370 repperimns;
1138 2282 1255 2369 quibus
1278 2290 1315 2348 ut
1337 2282 1572 2369 aliquantulum
1596 2280 1791 2347 emendandi
1813 2303 1889 2368 spa·

266 2387 347 2452 tium
374 2386 540 2468 tribuatis,
571 2388 739 2454 humiliter
771 2389 923 2474 petimus.
976 2386 1115 2461 Quodsi¹
1144 2388 1208 2453 cito
1239 2387 1361 2453 delicta
1389 2406 1454 2450 nou
1485 2386 1700 2468 correxerint,
1732 2385 1890 2451 severiori

267 2491 449 2557 sententiae
478 2491 705 2558 subiacebunt.
751 2490 926 2557 antemm
954 2492 983 2556 si
1011 2490 1165 2576 quislibet
1192 2493 1349 2556 laicorum
1378 2491 1431 2555 rel
1459 2490 1650 2555 clericorum
1677 2494 1792 2555 contra
1819 2489 1889 2574 epi·

219 2617 247 2658 sc
266 2614 401 2680 scopum
428 2599 485 2658 aut
510 2594 649 2659 alicuius
672 2594 793 2660 ordinis
817 2595 973 2660 clericum
1000 2594 1123 2680 aliquid
1146 2595 1306 2680 queritur,
1335 2593 1464 2660 noverit
1491 2613 1551 2657 nos
1575 2597 1890 2679 peraccesserat

265 2697 446 2782 legitimam
469 2697 629 2785 praebere
651 2697 850 2764 audientiam
874 2705 922 2781 et,
950 2700 978 2763 si
1001 2698 1078 2785 quid
1101 2719 1273 2786 perperam
1296 2697 1441 2784 gessisse
1464 2696 1595 2783 probati
1618 2696 1753 2777 inerint,
1777 2695 1891 2762 debita

265 2800 549 2868 animadversione
572 2802 720 2888 punirer.
1814 2863 1815 2866 ,

374 2907 403 2970 3.
437 2904 595 2970 Doctrina
617 2925 694 2972 vero
723 2912 758 2971 et
782 2904 983 2992 praedicatio
1006 2905 1040 2970 iu
1062 2904 1219 2992 populum
1241 2904 1360 2990 partim
1383 2904 1612 2990 episcoporum
1635 2908 1668 2968 et
1690 2902 1887 2988 reliquorum

265 3007 488 3089 sacerdotum,
511 3009 630 3095 partim
651 3029 731 3075 vero
753 3009 865 3096 populi
893 3008 1107 3094 neglegentia
1128 3028 1212 3087 non,
1240 3008 1324 3072 sicut
1345 3007 1568 3073 necessarium
1592 3013 1657 3088 ast,
1686 3012 1889 3092 procuratur.

218 3135 245 3176 ss
264 3110 308 3176 Et
331 3112 537 3178 sacerdotum
552 3113 684 3199 quidem
702 3113 828 3177 incuria
848 3112 1035 3177 nullatenus
1052 3118 1103 3178 est
1118 3111 1321 3186 excusanda3
1345 3111 1478 3198 quidam
1493 3131 1570 3177 vero
1586 3111 1671 3190 laici,
1696 3116 1730 3176 et
1744 3110 1889 3176 maxime

264 3221 417 3301 potentes
440 3237 478 3282 ac
499 3217 637 3297 nobiles,
660 3236 743 3302 quos
767 3215 941 3280 studiosius
965 3214 1006 3279 ad
1029 3214 1306 3302 praedicationem
1322 3215 1435 3280 venire
1458 3213 1642 3302 oportebat,
1665 3215 1760 3279 iuxta
1775 3212 1889 3280 domos

265 3340 342 3384 enas
370 3320 520 3384 basilicas
549 3311 699 3402 habentl,
729 3320 763 3384 in
792 3319 909 3406 quibus
939 3319 1085 3384 divinum
1117 3319 1291 3385 audientes
1319 3319 1461 3384 officium
1492 3319 1535 3384 ad
1562 3320 1701 3384 maiores
1730 3319 1888 3384 ecclesias

265 3423 368 3487 rarius
391 3423 504 3489 venire
528 3429 735 3489 consuerunt.
773 3422 817 3487 Et
840 3423 916 3488 dum
940 3423 1001 3488 soli
1023 3423 1136 3488 afflicti
1160 3429 1193 3488 et
1216 3443 1378 3510 pauperes
1400 3423 1545 3504 veniunt,
1570 3421 1646 3508 qnid
1668 3420 1768 3502 alind,
1791 3442 1888 3507 qnam

265 3529 302 3589 ut
324 3527 493 3612 pacienter
515 3528 603 3592 mala
624 3527 747 3607 ierant,
777 3526 843 3590 illis
865 3525 1119 3613 praedicandum
1146 3532 1217 3591 est?
1254 3526 1289 3591 si
1317 3530 1426 3591 autem
1449 3525 1585 3606 divites,
1615 3524 1669 3610 qui
1691 3523 1889 3611 pauperibus

220 3658 248 3698 so
266 3629 416 3695 iniuriam
438 3629 547 3696 facere
570 3631 673 3696 soliti⁰
698 3635 784 3710 sunt,
806 3630 920 3697 venire
942 3650 1007 3695 non
1030 3634 1238 3710 rennuerent,
1261 3630 1347 3694 illisp
1370 3630 1500 3694 omnino
1521 3626 1775 3714 praedicandum
1791 3633 1889 3708 esset,

264 3738 302 3797 ut
328 3754 349 3798 a
376 3734 498 3819 rapinis
529 3756 564 3800 sc
593 3742 859 3821 compescerent¹¹
882 3740 1017 3819 utquea,
1047 3731 1150 3798 dumm
1179 3738 1333 3820 possunt,
1363 3731 1561 3819 elemosynis
1584 3736 1722 3818 peccata
1750 3752 1810 3796 sua
1836 3752 1888 3797 re-

266 3835 443 3916 dimerent,
477 3843 513 3902 ut
543 3860 563 3903 a
592 3839 683 3902 fluxu
713 3859 823 3904 rerum
854 3838 1083 3925 temporalium
1115 3858 1151 3902 se
1180 3837 1394 3903 abstinerent.
1447 3833 1656 3901 Admonendi
1686 3840 1763 3899 sunt
1791 3833 1891 3922 igitur

266 3946 434 4025 potentes,
463 3947 500 4005 ut
526 3940 568 4006 ad
594 3941 733 4007 maiores
759 3942 934 4024 ecclesiae,
965 3943 1020 4007 ubi
1041 3940 1320 4027 praedicationem
1343 3939 1455 4005 audire
1479 3939 1620 4025 possint,
1650 3939 1788 4024 sepius¹'¹
1811 3959 1889 4004 con-

242 4063 244 4070 *
267 4043 410 4123 veniant,
433 4051 468 4108 et
490 4050 647 4130 quantum
670 4046 755 4111 dono
779 4047 1010 4132 omnipotentis
1030 4045 1094 4110 Dei
1116 4043 1237 4109 divitiis
1260 4049 1293 4108 et
1312 4043 1491 4108 honoribus
1512 4048 1659 4107 caeteros
1681 4040 1890 4120 antecedunt,

223 4173 249 4213 ss
269 4151 360 4210 tanto
384 4146 426 4212 ad
448 4146 612 4214 audienda
634 4156 812 4237 praecepta
834 4150 1009 4215 conditoris
1033 4150 1082 4213 eui
1106 4149 1246 4214 alacrius
1268 4147 1433 4213 festinent.
1470 4145 1609 4220 Quidam
1629 4151 1739 4211 autern
1755 4145 1890 4210 comites

268 4254 302 4313 et
324 4249 412 4314 vassi
435 4249 587 4316 dominici
610 4253 821 4340 presbyteros
846 4261 880 4319 et
903 4258 1051 4319 caeteros
1075 4251 1211 4317 clericos
1235 4255 1372 4330 nostros,
1401 4249 1487 4336 quod
1510 4270 1571 4316 nec
1595 4249 1758 4335 episcopis
1780 4248 1890 4314 facere

267 4352 360 4434 licet,
390 4353 514 4439 absque
542 4360 656 4420 nostra
682 4355 813 4420 licentia
837 4357 1014 4442 rccipiunt,
1046 4357 1180 4441 insuper
1204 4355 1302 4420 etiam
1324 4354 1524 4440 ubicumque
1547 4353 1713 4418 ordinatos
1736 4359 1770 4418 et
1792 4373 1890 4438 quos-

268 4453 360 4536 dam,
390 4455 431 4520 de
460 4456 578 4542 quibus
607 4456 742 4523 dubium
770 4465 837 4541 est,
869 4466 978 4525 utrum
1007 4459 1187 4524 consecrati
1216 4458 1296 4540 sint,
1330 4458 1363 4522 in
1394 4458 1594 4544 parroechiis
1624 4456 1744 4521 nostris
1766 4457 1890 4542 absque

269 4563 382 4623 nostra
403 4560 642 4627 examinatione
663 4561 781 4627 missas
801 4561 892 4627 sibim
912 4562 1082 4628 celebrare
1099 4553 1256 4636 faciunt&
1280 4560 1375 4647 quod,
1398 4581 1439 4625 ne
1455 4560 1591 4625 ulterius
1608 4559 1675 4640 fiat,
1699 4557 1891 4623 omnimodis

224 4690 251 4729 m
269 4668 319 4728 est
340 4662 563 4730 inhibendum.

375 4769 406 4832 4.
441 4765 578 4841 Quarem
608 4768 642 4832 in
673 4766 859 4833 ordinandis
889 4769 1040 4855 plebibus
1070 4774 1283 4833 sanctorumm
1313 4788 1474 4834 canonum
1504 4757 1675 4831 instituta6
1709 4768 1891 4840 serventur,

269 4875 303 4932 et
330 4868 508 4954 pestiferae
539 4870 724 4936 ambitionis
747 4872 861 4937 vitium
891 4871 1047 4937 radicitus
1075 4872 1289 4958 extirpetur¹;
1324 4876 1357 4935 ct
1384 4891 1491 4955 neque
1520 4868 1561 4933 ob
1585 4867 1786 4954 quorundam
1815 4887 1891 4952 pro·

269 4971 484 5057 pinquitatem
513 4995 573 5038 nec
600 4995 658 5060 pro
686 4975 824 5039 alicuius
847 4975 1077 5040 familiaritatis
1104 4975 1211 5061 gratia
1233 4994 1356 5059 neque,
1387 4971 1474 5059 quod
1498 4972 1637 5037 maxime
1660 4969 1890 5037 detestandum

371 5179 399 5245 d)
422 5197 552 5249 quamque
570 5181 594 5234 2.
704 5183 729 5247 e)
753 5184 943 5236 sanctissimum
960 5182 985 5234 2.
1096 5182 1121 5248 l)
1145 5190 1171 5235 st
1192 5183 1379 5235 rationabiliter
1401 5182 1465 5234 aaa.
1482 5181 1508 5233 2.
1611 5178 1640 5248 g)
1662 5180 1707 5247 qui
1731 5179 1850 5246 regaliter
1866 5177 1891 5229 2.

226 5277 253 5316 st
271 5265 299 5328 b)
317 5281 450 5319 mmsmns
467 5266 493 5321 2.
564 5267 583 5333 i)
602 5275 628 5320 et
644 5267 670 5321 2.
740 5266 770 5337 k)
787 5287 838 5337 que
855 5270 918 5321 add.
933 5268 955 5321 1.
1025 5268 1045 5334 l)
1063 5269 1108 5335 qui
1125 5269 1148 5320 si
1163 5267 1188 5320 2.
1257 5268 1293 5330 m)
1312 5267 1397 5320 om.2.
1468 5267 1497 5333 n)
1516 5267 1603 5334 puniri
1617 5263 1639 5316 l.
1708 5263 1734 5328 c)
1753 5264 1855 5316 solliciti
1869 5261 1891 5314 l.

270 5349 298 5418 p)
316 5352 367 5404 illia
445 5363 636 5423 compescerent
652 5372 701 5408 om.
719 5353 744 5407 2.
831 5355 859 5423 q)
878 5363 908 5408 ut
925 5357 988 5423 quia
1005 5353 1029 5408 1.
1115 5358 1138 5420 r)
1156 5362 1307 5422 exturpetur
1324 5353 1349 5407 2.

372 5536 401 5607 4)
428 5535 485 5602 Ost.
512 5538 592 5593 stiam
617 5535 814 5609 Eprisccpnrun
839 5542 932 5596 relntro
952 5543 1019 5608 829,
1046 5557 1132 5609 supro
1154 5558 1184 5610 p.
1202 5541 1250 5609 39,
1276 5558 1297 5596 c.
1313 5542 1356 5596 32.
1460 5540 1488 5606 5)
1515 5535 1613 5606 Quod.
1636 5536 1707 5605 Pap.
1724 5535 1789 5603 850,
1815 5533 1893 5600 infra

271 5653 313 5690 nr.
324 5639 388 5706 228,
405 5654 427 5693 c.
441 5639 481 5694 18.
585 5642 613 5709 6)
633 5641 736 5711 Corpus
753 5644 806 5698 iar.
823 5661 921 5699 annom
938 5644 1017 5712 affl,
1043 5643 1250 5713 Dacnxm,
1273 5642 1313 5698 cd.
1333 5641 1479 5711 Frtcdbrrp
1496 5646 1555 5695 tom.
1573 5640 1603 5708 I,
1620 5640 1744 5705 cot.2so;
1764 5636 1797 5692 dc
1814 5636 1893 5692 cuius

271 5739 371 5810 ruffine
386 5746 410 5796 ct
427 5748 510 5798 matr
525 5743 576 5810 cfr.
589 5743 747 5816 Himclts'as,
764 5745 955 5804 Kirdrenrcrlst
970 5746 1010 5816 Π,
1024 5763 1054 5814 p.
1067 5745 1126 5814 269,
1143 5745 1208 5801 aad
1638 5807 1641 5813 ¹

374 5854 411 5892 ns.
430 5854 598 5894 cmnmrnn
615 5856 643 5895 u.
1653 5836 1686 5891 11
