4590 6420
402 451 650 508 csrlrutarrm
670 452 797 508 REGUM
817 451 1003 507 FRANCIAE
1021 451 1284 509 occlusurums
1303 453 1541 525 (HLUDOWICI).
1562 484 1595 496 -
1614 455 1660 510 Nr.
1673 456 1732 510 289.
1817 459 1878 521 377

255 629 478 710 afflictaretur,
505 650 568 694 non
591 628 685 694 modo
708 651 727 692 a
750 629 890 716 propriis
914 629 1045 708 ineolis,
1076 651 1155 715 quos
1182 631 1272 696 nulla
1301 630 1531 696 dominationis
1554 630 1647 717 virga
1671 630 1876 706 cohercebat,
1894 632 1955 689 890.

256 730 435 798 sedetiam
459 755 479 796 a
500 723 673 819 paganis2:
710 733 862 817 quoniam
888 753 930 796 cx
953 753 1019 797 una
1043 741 1134 818 parte
1166 733 1344 799 Normanni
1372 740 1489 799 cuncta
1512 736 1642 821 penitus
1666 735 1879 800 devastantes

254 836 466 914 insistebant,
495 857 537 900 ex
565 835 629 900 alia
656 856 732 900 vero
764 835 935 901 Sarrazeni
959 835 1166 901 Provinciam
1196 837 1432 924 depopulantes
1462 845 1583 904 terram
1614 839 1646 902 in
1671 837 1878 904 solitudinem

255 941 458 1027 redigebant.
504 940 565 1005 His
589 947 621 1006 et
637 937 709 1005 aliis
726 940 911 1005 huiusmodi
929 942 1037 1004 causis
1054 942 1095 1006 ab
1121 963 1159 1007 eo
1176 943 1295 1008 auditis
1313 942 1509 1006 reverendus
1527 942 1676 1006 dominus
1694 941 1879 1027 Stephanus

225 1045 452 1131 eapostolieus
477 1043 518 1108 ad
542 1044 693 1110 lacrimas
716 1065 819 1130 usque
842 1051 1057 1131 compunctus
1081 1053 1147 1112 tam
1172 1048 1294 1128 verbis,
1325 1068 1421 1133 quam
1446 1038 1596 1134 scriptis8
1619 1047 1815 1132 generaliter
1839 1047 1879 1111 ad

255 1170 368 1216 omnes
403 1149 583 1214 Galliarum
619 1150 849 1240 cisalpinarum
884 1157 949 1214 tam
984 1150 1264 1238 archiepiscopos,
1302 1172 1400 1238 quam
1433 1159 1466 1216 et
1500 1150 1643 1237 reliquos
1674 1149 1879 1216 venerabiles

254 1253 416 1319 antistites
438 1253 571 1319 directis
596 1275 654 1319 suo
679 1255 885 1320 sanctissimo
910 1257 1109 1321 commonuit
1131 1256 1279 1331 hortatu,
1310 1263 1347 1320 ut
1378 1256 1548 1321 unanimes
1580 1262 1678 1341 atque
1702 1255 1879 1320 concordes

256 1380 369 1424 omnes
391 1359 424 1422 in
446 1358 613 1424 Ludovico
639 1365 758 1446 nepote
782 1359 945 1445 quondam
969 1359 1129 1426 Ludovici
1153 1360 1378 1446 gloriosissimi
1409 1360 1613 1446 imperatoris
1637 1359 1879 1424 eonsentientes

256 1463 341 1529 huuc
365 1483 463 1550 super
486 1462 640 1549 populum
666 1462 729 1529 Dei
751 1483 863 1550 regem
888 1466 1135 1531 constituerent.

214 1593 240 1632 ιι
367 1567 448 1632 Cum
472 1568 570 1653 igitur
593 1567 768 1653 diligenter
790 1570 1074 1654 comperissemus,
1099 1571 1184 1657 quod
1207 1591 1362 1636 assensus
1386 1575 1518 1634 sanctae
1543 1567 1722 1632 catholicae
1746 1573 1779 1631 et
1802 1589 1879 1654 apo-

254 1671 390 1736 stolicae
415 1672 526 1736 matris
542 1678 673 1754 nostrae
691 1672 765 1738 huic
781 1673 907 1739 faveret
924 1675 1085 1752 electioni,
1110 1676 1206 1740 simul
1224 1675 1435 1740 convenimus
1450 1675 1483 1738 iu
1500 1673 1666 1738 civitatem
1683 1672 1879 1750 Valentiam,

255 1774 402 1840 dominus
433 1775 559 1840 scilicet
588 1776 785 1842 Aurelianus
813 1777 1043 1864 Lugdunensis
1074 1778 1161 1844 sedis
1193 1778 1475 1865 archiepiscopus,
1509 1796 1635 1840 necnon
1668 1781 1701 1840 et
1732 1776 1879 1841 domiuus

255 1877 444 1965 Rostagnus
473 1879 564 1958 urbis
596 1880 802 1946 Arelatensis
830 1883 1114 1970 archiepiscopus,
1150 1883 1347 1950 venerabilis
1376 1902 1503 1968 quoque
1535 1880 1699 1946 Arnaldus
1731 1880 1878 1945 Ebrodu-

255 1973 384 2048 ιιιιιιὶι4
407 1982 688 2071 archiepiscopus,
712 1985 782 2071 ipse
810 2007 939 2072 quoquc
969 1986 1140 2052 dominus⁰
1163 1986 1348 2052 Bernoinus
1372 1985 1574 2050 Viennensis
1606 1985 1879 2072 archiepiscopus,

213 2110 236 2148 ιι
256 2087 347 2176 cuius
372 2087 478 2152 relatu
501 2087 703 2152 voluntatem
726 2086 880 2154 dominiib
904 2091 1076 2177 apostolici
1100 2091 1332 2156 venerabiliter
1362 2090 1563 2177 accepimus,
1593 2111 1666 2154 cum
1694 2090 1766 2155 aliis
1790 2110 1879 2154 corn-

254 2191 401 2278 pluribus
425 2193 625 2280 coepiscopis
648 2193 855 2258 tractaturis‘¹
879 2201 978 2281 atque
1002 2196 1182 2261 secundum
1203 2195 1268 2262 Dei
1293 2196 1493 2260 voluntatem
1523 2193 1701 2279 quaesituri
1726 2194 1878 2280 explora-

254 2296 377 2376 vimus,
407 2297 434 2360 si
459 2294 543 2360 hunc
566 2295 664 2381 digne
688 2302 721 2361 et
749 2297 988 2363 rationabiliter
1020 2298 1200 2364 secundum
1230 2298 1352 2363 monita
1383 2296 1537 2362 dominiib
1567 2296 1755 2382 apostolici,
1787 2298 1879 2362 cuius

256 2400 378 2487 scripta
401 2421 479 2488 prae
496 2398 644 2464 manibus
660 2393 896 2486 habebantur3,
921 2422 1019 2490 super
1042 2424 1102 2468 nos
1119 2423 1231 2490 regem
1248 2402 1445 2468 constituere
1462 2399 1667 2466 deberemus.
1712 2399 1878 2466 Assensus

256 2505 367 2589 itaque
391 2503 423 2568 iu
454 2525 494 2570 eo
525 2503 765 2585 omniomnis,
790 2511 826 2588 ut
856 2504 966 2570 nullus
996 2506 1114 2590 melius
1146 2529 1205 2572 rex
1229 2507 1299 2572 fieri
1321 2505 1504 2592 debuisset,
1529 2525 1626 2591 quam
1648 2503 1722 2583 ille,
1753 2506 1808 2590 qui
1837 2528 1879 2570 ex

212 2635 238 2674 ιι
258 2609 411 2696 prosapia
433 2609 595 2695 imperiali
618 2607 771 2694 prodiens
793 2609 899 2675 bonae
931 2632 1014 2697 puer
1045 2609 1164 2675 indolis
1196 2612 1260 2677 iam
1291 2608 1555 2683 coadolescebat;
1586 2608 1678 2672 cuius
1702 2607 1764 2673 etsi
1788 2616 1879 2673 aetas

254 2712 374 2778 idonea
395 2712 437 2778 ad
453 2711 691 2800 reprimendam
706 2710 918 2778 barbarorum
936 2715 1108 2779 saevitiam
1126 2715 1231 2779 nriuus
1256 2714 1408 2779 sulficere
1431 2712 1626 2792 videretur⁰‚
1650 2719 1761 2777 tamen
1785 2712 1878 2777 nobi-

254 2817 339 2896 lium
357 2816 538 2904 principum
562 2817 657 2882 istius
682 2816 785 2902 regni,
809 2838 946 2902 quorum
970 2839 1034 2883 nou
1058 2839 1177 2905 parvus
1202 2823 1253 2883 est
1276 2837 1448 2895 numerus,
1478 2815 1613 2880 consilio
1636 2823 1670 2882 et
1691 2816 1879 2882 fortitudine

254 2920 327 2986 Deo
350 2922 483 2986 iuvante
513 2920 820 3008 comprimerentur;
852 2922 996 2987 maxime
1028 2921 1254 3008 inclytissimi‘
1275 2920 1429 2986 Richardi
1453 2912 1567 2984 ducis5
1591 2920 1766 3006 eximiique
1790 2924 1879 3008 prin·

256 3025 336 3112 cipis
352 3025 435 3114 fulta
450 3025 625 3105 iuvamiue,
649 3025 723 3112 quin
743 3027 842 3090 etiam
858 3024 1008 3091 dominae
1027 3025 1288 3112 Hyrmengardis
1304 3024 1558 3109 gloriosissimae
1578 3023 1712 3109 reginae
1736 3026 1880 3092 utilitas⁸

212 3156 237 3195 ιι
257 3130 360 3216 regni,
376 3129 475 3196 insita
491 3129 554 3194 sibi
569 3128 776 3195 cecutissima
792 3136 890 3216 atque
908 3130 1162 3217 profundissima
1185 3153 1204 3196 a
1221 3130 1293 3194 Deo
1308 3129 1492 3215 prudentia,
1514 3128 1669 3194 adiuncto
1685 3129 1746 3194 sibi
1764 3151 1878 3217 supra-

254 3234 414 3299 dictomm
440 3217 665 3320 episcoporum
689 3234 786 3320 digno
810 3234 941 3300 hortatu
964 3255 1200 3322 procerumque
1225 3234 1324 3298 totius
1348 3233 1439 3318 regni
1463 3233 1599 3298 consilio
1623 3234 1801 3299 secundum
1816 3235 1880 3301 Dei

256 3338 403 3404 timorem
436 3337 668 3404 decentissime
701 3337 992 3406 administrabitur.
1024 3339 1193 3425 ‚Denique
1217 3339 1292 3403 freti
1324 3345 1358 3404 et
1380 3343 1471 3402 tanta
1494 3337 1656 3402 sublevati
1680 3337 1799 3404 fiducia
1821 3363 1880 3426 per

255 3442 330 3520 Dei,
354 3449 390 3506 ut
412 3440 588 3522 credimus,
613 3441 812 3508 voluntatem
847 3441 1068 3529 supradictum
1092 3442 1294 3508 Ludovicum
1328 3442 1599 3508 excellentissimi
1627 3441 1768 3507 Bosonis
1793 3445 1880 3528 regis

255 3547 357 3611 filium
374 3547 533 3632 elegimus
551 3552 649 3632 atque
666 3546 699 3610 in
714 3567 823 3631 regem
842 3546 1026 3630 ungendum
1044 3545 1249 3612 decrevimus
1265 3545 1448 3611 iudicantes
1471 3546 1563 3610 illum
1584 3545 1626 3610 ad
1649 3545 1711 3611 hoc
1735 3545 1879 3632 dignum,

211 3672 238 3712 ιι
258 3652 309 3714 oui
332 3650 632 3736 praestantissimus
650 3648 787 3715 Carolus
813 3651 988 3736 imperator
1010 3651 1074 3714 iam
1099 3651 1221 3734 regiam
1239 3655 1447 3715 concesserat
1463 3642 1680 3734 dignitatemss
1702 3657 1736 3715 et
1758 3649 1880 3715 Arnul-

254 3746 371 3840 prust,
402 3755 458 3840 qui
486 3775 657 3824 successor
692 3755 762 3818 eius
792 3753 934 3832 existite,
966 3775 1026 3839 per
1063 3774 1155 3817 suum
1191 3757 1355 3839 sceptrum
1386 3773 1509 3839 perque
1542 3774 1617 3818 suos
1650 3754 1880 3838 sagacissimos

254 3855 410 3944 legatosl,
434 3857 641 3924 Rcocullumi
657 3858 810 3924 videlieet
827 3858 1015 3946 episcopum
1033 3864 1067 3922 ct
1083 3857 1274 3922 Bertaldum
1291 3857 1452 3932 comitem,
1469 3857 1576 3922 iactor
1591 3858 1683 3943 regni
1702 3865 1880 3943 auctorque

255 3963 285 4025 in
310 3963 458 4028 omnibus
483 3985 555 4028 esse
579 3963 819 4048 comprobatur.
870 3960 944 4025 Hac
967 3969 1058 4026 tanta
1081 3961 1204 4047 talique
1233 3960 1305 4024 fulti
1335 3961 1538 4026 auctoritatis
1562 3961 1695 4026 licentia
1719 3963 1881 4026 communi

256 4088 370 4131 omnes
394 4061 513 4132 iniam
536 4067 657 4133 dictam
689 4067 853 4131 civitatem
882 4065 1096 4130 advenientes
1124 4086 1284 4130 consensu
1312 4064 1396 4129 hano
1425 4066 1549 4150 regiam
1577 4066 1647 4130 lieri
1678 4064 1881 4130 decrevimus

210 4193 236 4231 ιι
257 4171 528 4258 conscriptionem
560 4171 775 4256 manibusque
805 4171 940 4255 insuper
971 4170 1110 4256 propriis
1145 4176 1248 4235 ratam
1279 4168 1542 4256 perennibusque
1576 4190 1650 4234 eam
1679 4168 1881 4256 temporibus

254 4274 384 4338 felicem
409 4275 519 4358 vigere
544 4281 775 4362 praeoptantes
800 4273 1023 4338 roboravimus
1046 4273 1229 4359 singulique
1254 4271 1536 4359 subscripsimusl.

356 4489 380 4542 e)
400 4503 448 4535 cns.
466 4493 520 4534 cett.
538 4483 597 4535 edd.
688 4485 714 4548 ιι)
732 4485 770 4536 isa
788 4453 903 4544 Parad.‚·
927 4485 1059 4536 truchsturi
1083 4492 1137 4535 cett.
1162 4484 1220 4534 edd.
1313 4484 1337 4546 ι)
1357 4484 1457 4534 ιιιιιιιιι·
1481 4484 1580 4535 Parcet
1676 4485 1700 4548 i)
1720 4485 1809 4551 inclyti
1828 4493 1881 4536 cett.

254 4573 311 4623 edd.
398 4569 427 4638 g)
446 4571 481 4621 ita
500 4569 616 4630 Porud.,·
633 4571 753 4622 utilitatis
771 4579 826 4622 cett.
844 4569 902 4620 edd.
997 4567 1024 4636 h)
1042 4571 1127 4621 extitit
1145 4577 1198 4620 cett.
1217 4570 1277 4622 edel.
1372 4571 1390 4633 i)
1409 4572 1563 4622 Reoeulsum
1582 4571 1682 4622 Parce.
1770 4569 1799 4638 k)
1819 4572 1882 4622 Sac-

254 4659 402 4725 aeriptr'cues
420 4657 609 4709 desiderentur.

211 4877 238 4914 ω
360 4845 388 4912 2)
408 4843 479 4900 Ibid.
499 4860 530 4912 p.
543 4842 602 4899 317.
658 4881 659 4884 ι
706 4843 733 4912 3)
753 4843 817 4900 Non
839 4843 894 4898 ianr
918 4849 1031 4900 castore.
1135 4846 1163 4910 4)
1189 4843 1323 4900 Erebum.
1427 4846 1455 4915 5)
1475 4843 1661 4913 Hermandica.
1759 4849 1787 4916 6)
1807 4848 1882 4900 stan.

257 4948 342 5003 Faus.
358 4947 395 5002 ad
411 4966 437 5002 a.
449 4949 510 5015 887,
530 4947 568 5002 ed.
588 4948 680 5002 Kurzc
692 4967 721 5018 p.
739 4951 799 5004 115:
827 4947 976 5003 honorilice
993 4948 1029 5002 ud
1050 4947 1189 5003 homiuem
1208 4948 1262 5003 sibi
1280 4948 1360 5018 quasi
1379 4948 1544 5020 adoptivum
1564 4949 1651 5003 lilium
1669 4968 1730 5004 eum
1751 4950 1883 5006 iniunxit.

255 5053 282 5120 l)
302 5053 479 5120 ausa-ess.
498 5052 819 5121 wavoracenses.
908 5055 935 5122 8)
954 5052 1088 5119 mean,
1117 5053 1242 5110 Francia
1265 5054 1402 5108 miemclis
1415 5055 1460 5120 ΙΙ,
1475 5073 1504 5124 p.
1518 5055 1576 5110 716.
1594 5054 1704 5110 coniecit
1722 5055 1769 5109 hos
1785 5056 1884 5126 legatos

253 5157 338 5225 [ιιιιιι
357 5156 532 5224 Mulsum
549 5157 700 5228 ῳιιιοριιιιι
718 5155 873 5212 waresca
890 5163 914 5213 et
932 5156 1104 5214 Βαιιοιιιιιιιι
1120 5159 1239 5212 camdem
1256 5158 1478 5214 Alamannieum.

358 5845 394 5881 hl..
413 5843 580 5882 (ΞΔΡΙΤιῙΙιΛιιΙΑ
598 5843 623 5880 ll.
