<?xml version="1.0" encoding="UTF-8"?>
<!DOCTYPE html PUBLIC "-//W3C//DTD XHTML 1.0 Transitional//EN"
    "http://www.w3.org/TR/xhtml1/DTD/xhtml1-transitional.dtd">
<html xmlns="http://www.w3.org/1999/xhtml" xml:lang="en" lang="en">
 <head>
  <title>
</title>
<meta http-equiv="Content-Type" content="text/html;charset=utf-8" />
  <meta name='ocr-system' content='tesseract 3.04.00' />
  <meta name='ocr-capabilities' content='ocr_page ocr_carea ocr_par ocr_line ocrx_word'/>
</head>
<body>
  <div class='ocr_page' id='page_1' title='image "./monumentagerman07mittgoog_0388.png"; bbox 0 0 4560 6426; ppageno 0'>
   <div class='ocr_carea' id='block_1_1' title="bbox 383 447 1877 520">
    <p class='ocr_par' dir='ltr' id='par_1_1' title="bbox 383 447 1877 520">
     <span class='ocr_line' id='line_1_1' title="bbox 383 447 1877 520; baseline 0.002 -18"><span class='ocrx_word' id='word_1_1' title='bbox 383 447 630 503; x_wconf 71' lang='lat' dir='ltr'><strong>anstrannum</strong></span> <span class='ocrx_word' id='word_1_2' title='bbox 649 448 776 504; x_wconf 75' lang='lat' dir='ltr'><strong>REOUM</strong></span> <span class='ocrx_word' id='word_1_3' title='bbox 796 447 981 504; x_wconf 74' lang='lat' dir='ltr'><strong>FRANCIAE</strong></span> <span class='ocrx_word' id='word_1_4' title='bbox 1002 449 1263 504; x_wconf 80' lang='lat' dir='ltr'><strong>OCOIDENTALIS</strong></span> <span class='ocrx_word' id='word_1_5' title='bbox 1283 450 1432 518; x_wconf 76' lang='lat' dir='ltr'><strong>&lt;annom</strong></span> <span class='ocrx_word' id='word_1_6' title='bbox 1445 451 1491 520; x_wconf 88' lang='grc' dir='ltr'><strong>ΙΙ).</strong></span> <span class='ocrx_word' id='word_1_7' title='bbox 1511 481 1542 491; x_wconf 93' lang='lat'>-</span> <span class='ocrx_word' id='word_1_8' title='bbox 1561 451 1610 505; x_wconf 79' lang='grc' dir='ltr'><strong>Νι.</strong></span> <span class='ocrx_word' id='word_1_9' title='bbox 1622 452 1682 507; x_wconf 76' lang='lat'><strong>278.</strong></span> <span class='ocrx_word' id='word_1_10' title='bbox 1700 451 1759 506; x_wconf 76' lang='lat'><strong>279.</strong></span> <span class='ocrx_word' id='word_1_11' title='bbox 1816 457 1877 518; x_wconf 80' lang='grc'><strong>347</strong></span> 
     </span>
    </p>
   </div>
   <div class='ocr_carea' id='block_1_2' title="bbox 260 623 1956 922">
    <p class='ocr_par' dir='ltr' id='par_1_2' title="bbox 260 623 1956 922">
     <span class='ocr_line' id='line_1_2' title="bbox 260 623 1956 714; baseline 0.004 -29"><span class='ocrx_word' id='word_1_12' title='bbox 260 623 389 700; x_wconf 85' lang='lat' dir='ltr'><strong>tinetur,</strong></span> <span class='ocrx_word' id='word_1_13' title='bbox 414 628 444 686; x_wconf 85' lang='lat' dir='ltr'><strong>‘a</strong></span> <span class='ocrx_word' id='word_1_14' title='bbox 467 624 585 687; x_wconf 83' lang='lat' dir='ltr'><strong>comite</strong></span> <span class='ocrx_word' id='word_1_15' title='bbox 610 625 640 687; x_wconf 92' lang='lat' dir='ltr'><strong>in</strong></span> <span class='ocrx_word' id='word_1_16' title='bbox 666 624 752 702; x_wconf 88' lang='lat' dir='ltr'><strong>loeo,</strong></span> <span class='ocrx_word' id='word_1_17' title='bbox 785 623 839 688; x_wconf 91' lang='lat' dir='ltr'><strong>ubi</strong></span> <span class='ocrx_word' id='word_1_18' title='bbox 868 625 999 688; x_wconf 89' lang='lat' dir='ltr'><strong>mallum</strong></span> <span class='ocrx_word' id='word_1_19' title='bbox 1024 632 1138 689; x_wconf 86' lang='lat' dir='ltr'><strong>tenere</strong></span> <span class='ocrx_word' id='word_1_20' title='bbox 1168 625 1281 704; x_wconf 88' lang='lat' dir='ltr'><strong>debet,</strong></span> <span class='ocrx_word' id='word_1_21' title='bbox 1306 633 1526 706; x_wconf 75' lang='lat' dir='ltr'><strong>construatur,</strong></span> <span class='ocrx_word' id='word_1_22' title='bbox 1562 633 1722 712; x_wconf 86' lang='lat' dir='ltr'><strong>quatenus</strong></span> <span class='ocrx_word' id='word_1_23' title='bbox 1745 633 1880 714; x_wconf 89' lang='lat' dir='ltr'><strong>propter</strong></span> <span class='ocrx_word' id='word_1_24' title='bbox 1896 629 1956 684; x_wconf 76' lang='lat'><strong>876.</strong></span> 
     </span>
     <span class='ocr_line' id='line_1_3' title="bbox 261 726 1878 817; baseline 0.004 -29"><span class='ocrx_word' id='word_1_25' title='bbox 261 727 399 790; x_wconf 86' lang='lat' dir='ltr'><strong>calorem</strong></span> <span class='ocrx_word' id='word_1_26' title='bbox 425 726 502 789; x_wconf 87' lang='lat' dir='ltr'><strong>solis</strong></span> <span class='ocrx_word' id='word_1_27' title='bbox 526 733 560 789; x_wconf 89' lang='lat' dir='ltr'><strong>ct</strong></span> <span class='ocrx_word' id='word_1_28' title='bbox 582 727 724 812; x_wconf 76' lang='lat' dir='ltr'><strong>pluviam</strong></span> <span class='ocrx_word' id='word_1_29' title='bbox 748 729 880 813; x_wconf 89' lang='lat' dir='ltr'><strong>publica</strong></span> <span class='ocrx_word' id='word_1_30' title='bbox 902 729 1028 792; x_wconf 87' lang='lat' dir='ltr'><strong>utilitas</strong></span> <span class='ocrx_word' id='word_1_31' title='bbox 1052 750 1115 791; x_wconf 95' lang='lat' dir='ltr'><strong>non</strong></span> <span class='ocrx_word' id='word_1_32' title='bbox 1141 735 1319 793; x_wconf 88' lang='lat' dir='ltr'><strong>remaneat.</strong></span> <span class='ocrx_word' id='word_1_33' title='bbox 1371 730 1497 794; x_wconf 79' lang='lat' dir='ltr'><strong>Minora</strong></span> <span class='ocrx_word' id='word_1_34' title='bbox 1519 752 1595 795; x_wconf 87' lang='lat' dir='ltr'><strong>vcro</strong></span> <span class='ocrx_word' id='word_1_35' title='bbox 1628 731 1748 817; x_wconf 84' lang='lat' dir='ltr'><strong>placite</strong></span> <span class='ocrx_word' id='word_1_36' title='bbox 1771 753 1878 796; x_wconf 90' lang='lat' dir='ltr'><strong>eomes</strong></span> 
     </span>
     <span class='ocr_line' id='line_1_4' title="bbox 261 830 1878 922; baseline 0.004 -30"><span class='ocrx_word' id='word_1_37' title='bbox 261 830 328 892; x_wconf 82' lang='lat' dir='ltr'><strong>sive</strong></span> <span class='ocrx_word' id='word_1_38' title='bbox 351 830 436 894; x_wconf 88' lang='lat' dir='ltr'><strong>intra</strong></span> <span class='ocrx_word' id='word_1_39' title='bbox 460 851 550 893; x_wconf 90' lang='lat' dir='ltr'><strong>suam</strong></span> <span class='ocrx_word' id='word_1_40' title='bbox 574 837 786 916; x_wconf 88' lang='lat' dir='ltr'><strong>potestatem,</strong></span> <span class='ocrx_word' id='word_1_41' title='bbox 817 833 868 896; x_wconf 86' lang='lat' dir='ltr'><strong>vel</strong></span> <span class='ocrx_word' id='word_1_42' title='bbox 896 832 950 896; x_wconf 92' lang='lat' dir='ltr'><strong>ubi</strong></span> <span class='ocrx_word' id='word_1_43' title='bbox 978 833 1152 917; x_wconf 86' lang='lat' dir='ltr'><strong>impetrare</strong></span> <span class='ocrx_word' id='word_1_44' title='bbox 1175 831 1340 918; x_wconf 84' lang='lat' dir='ltr'><strong>potuerit&#39;,</strong></span> <span class='ocrx_word' id='word_1_45' title='bbox 1365 840 1504 920; x_wconf 86' lang='lat' dir='ltr'><strong>excepto</strong></span> <span class='ocrx_word' id='word_1_46' title='bbox 1526 836 1558 898; x_wconf 93' lang='lat' dir='ltr'><strong>in</strong></span> <span class='ocrx_word' id='word_1_47' title='bbox 1583 835 1724 900; x_wconf 87' lang='lat' dir='ltr'><strong>ecelesia</strong></span> <span class='ocrx_word' id='word_1_48' title='bbox 1748 841 1781 899; x_wconf 89' lang='lat' dir='ltr'><strong>et</strong></span> <span class='ocrx_word' id='word_1_49' title='bbox 1803 856 1878 922; x_wconf 89' lang='lat' dir='ltr'><strong>por-</strong></span> 
     </span>
    </p>
   </div>
   <div class='ocr_carea' id='block_1_3' title="bbox 230 935 1878 1110">
    <p class='ocr_par' dir='ltr' id='par_1_3' title="bbox 230 935 1878 1110">
     <span class='ocr_line' id='line_1_5' title="bbox 261 935 1878 1024; baseline 0.004 -27"><span class='ocrx_word' id='word_1_50' title='bbox 261 935 378 998; x_wconf 88' lang='lat' dir='ltr'><strong>ticibus</strong></span> <span class='ocrx_word' id='word_1_51' title='bbox 402 942 499 1020; x_wconf 86' lang='lat' dir='ltr'><strong>atque</strong></span> <span class='ocrx_word' id='word_1_52' title='bbox 523 936 603 998; x_wconf 87' lang='lat' dir='ltr'><strong>atrio</strong></span> <span class='ocrx_word' id='word_1_53' title='bbox 627 935 786 1000; x_wconf 88' lang='lat' dir='ltr'><strong>ecclesiae</strong></span> <span class='ocrx_word' id='word_1_54' title='bbox 812 943 844 1001; x_wconf 91' lang='lat' dir='ltr'><strong>et</strong></span> <span class='ocrx_word' id='word_1_55' title='bbox 867 938 1036 1002; x_wconf 81' lang='lat' dir='ltr'>mansione</span> <span class='ocrx_word' id='word_1_56' title='bbox 1061 937 1247 1024; x_wconf 88' lang='lat' dir='ltr'><strong>presbyteri</strong></span> <span class='ocrx_word' id='word_1_57' title='bbox 1264 937 1394 1017; x_wconf 83' lang='lat' dir='ltr'><strong>habeat,</strong></span> <span class='ocrx_word' id='word_1_58' title='bbox 1418 939 1501 1001; x_wconf 88' lang='lat' dir='ltr'><strong>siout</strong></span> <span class='ocrx_word' id='word_1_59' title='bbox 1524 939 1557 1002; x_wconf 94' lang='lat' dir='ltr'><strong>in</strong></span> <span class='ocrx_word' id='word_1_60' title='bbox 1581 938 1704 1002; x_wconf 90' lang='lat' dir='ltr'><strong>eisdem</strong></span> <span class='ocrx_word' id='word_1_61' title='bbox 1728 940 1878 1024; x_wconf 87' lang='lat' dir='ltr'><strong>capitulis</strong></span> 
     </span>
     <span class='ocr_line' id='line_1_6' title="bbox 230 1039 452 1110; baseline 0.005 -8"><span class='ocrx_word' id='word_1_62' title='bbox 230 1072 241 1110; x_wconf 63' lang='grc' dir='ltr'><strong>ι</strong></span> <span class='ocrx_word' id='word_1_63' title='bbox 261 1039 452 1103; x_wconf 81' lang='lat' dir='ltr'><strong>continetur.</strong></span> 
     </span>
    </p>
   </div>
   <div class='ocr_carea' id='block_1_4' title="bbox 458 1403 1691 1608">
    <p class='ocr_par' dir='ltr' id='par_1_4' title="bbox 458 1403 1691 1608">
     <span class='ocr_line' id='line_1_7' title="bbox 458 1403 1691 1608; baseline 0.003 -4"><span class='ocrx_word' id='word_1_64' title='bbox 458 1499 556 1605; x_wconf 76' lang='grc'><strong>279.</strong></span> <span class='ocrx_word' id='word_1_65' title='bbox 602 1495 971 1608; x_wconf 80' lang='lat' dir='ltr'><strong>SYNODUS</strong></span> <span class='ocrx_word' id='word_1_66' title='bbox 1012 1403 1691 1608; x_wconf 73' lang='lat' dir='ltr'>PONTIGONENSIS.</span> 
     </span>
    </p>
   </div>
   <div class='ocr_carea' id='block_1_5' title="bbox 806 1677 1331 1760">
    <p class='ocr_par' dir='ltr' id='par_1_5' title="bbox 806 1677 1331 1760">
     <span class='ocr_line' id='line_1_8' title="bbox 806 1677 1331 1760; baseline 0.004 -3"><span class='ocrx_word' id='word_1_67' title='bbox 806 1677 902 1758; x_wconf 77' lang='grc'>876.</span> <span class='ocrx_word' id='word_1_68' title='bbox 929 1685 1009 1758; x_wconf 91' lang='lat' dir='ltr'><strong>lun.</strong></span> <span class='ocrx_word' id='word_1_69' title='bbox 1032 1685 1075 1757; x_wconf 65' lang='lat' dir='ltr'><strong>il</strong></span> <span class='ocrx_word' id='word_1_70' title='bbox 1108 1727 1152 1735; x_wconf 91' lang='lat'>-</span> <span class='ocrx_word' id='word_1_71' title='bbox 1183 1687 1250 1760; x_wconf 89' lang='lat' dir='ltr'><strong>Iul.</strong></span> <span class='ocrx_word' id='word_1_72' title='bbox 1275 1687 1331 1759; x_wconf 84' lang='lat' dir='ltr'><strong>ib.</strong></span> 
     </span>
    </p>
   </div>
   <div class='ocr_carea' id='block_1_6' title="bbox 369 1851 1880 1953">
    <p class='ocr_par' dir='ltr' id='par_1_6' title="bbox 369 1851 1880 1953">
     <span class='ocr_line' id='line_1_9' title="bbox 369 1851 1880 1953; baseline 0.003 -21"><span class='ocrx_word' id='word_1_73' title='bbox 369 1851 463 1932; x_wconf 76' lang='lat' dir='ltr'><strong>Aeta</strong></span> <span class='ocrx_word' id='word_1_74' title='bbox 486 1868 580 1932; x_wconf 76' lang='lat' dir='ltr'><strong>buiris</strong></span> <span class='ocrx_word' id='word_1_75' title='bbox 611 1869 736 1933; x_wconf 90' lang='lat' dir='ltr'><strong>concilii</strong></span> <span class='ocrx_word' id='word_1_76' title='bbox 768 1869 885 1934; x_wconf 77' lang='lat' dir='ltr'><strong>badda</strong></span> <span class='ocrx_word' id='word_1_77' title='bbox 915 1875 990 1932; x_wconf 78' lang='lat' dir='ltr'><strong>sient</strong></span> <span class='ocrx_word' id='word_1_78' title='bbox 1019 1871 1054 1933; x_wconf 89' lang='lat' dir='ltr'><strong>in</strong></span> <span class='ocrx_word' id='word_1_79' title='bbox 1081 1871 1132 1934; x_wconf 89' lang='lat' dir='ltr'><strong>bis</strong></span> <span class='ocrx_word' id='word_1_80' title='bbox 1160 1871 1251 1934; x_wconf 83' lang='lat' dir='ltr'><strong>libris</strong></span> <span class='ocrx_word' id='word_1_81' title='bbox 1274 1872 1396 1950; x_wconf 88' lang='lat' dir='ltr'><strong>parlim</strong></span> <span class='ocrx_word' id='word_1_82' title='bbox 1419 1873 1592 1952; x_wconf 74' lang='lat' dir='ltr'><strong>impressio,</strong></span> <span class='ocrx_word' id='word_1_83' title='bbox 1620 1875 1739 1953; x_wconf 86' lang='lat' dir='ltr'><strong>partim</strong></span> <span class='ocrx_word' id='word_1_84' title='bbox 1769 1893 1880 1938; x_wconf 76' lang='lat' dir='ltr'><strong>neania-</strong></span> 
     </span>
    </p>
   </div>
   <div class='ocr_carea' id='block_1_7' title="bbox 217 1963 1947 5868">
    <p class='ocr_par' dir='ltr' id='par_1_7' title="bbox 217 1963 1947 4338">
     <span class='ocr_line' id='line_1_10' title="bbox 258 1963 1947 2060; baseline 0.004 -26"><span class='ocrx_word' id='word_1_85' title='bbox 258 1973 399 2052; x_wconf 85' lang='lat' dir='ltr'><strong>scriptis:</strong></span> <span class='ocrx_word' id='word_1_86' title='bbox 433 1974 462 2056; x_wconf 91' lang='grc'><strong>1)</strong></span> <span class='ocrx_word' id='word_1_87' title='bbox 485 1974 572 2053; x_wconf 74' lang='lat' dir='ltr'><strong>apmrl</strong></span> <span class='ocrx_word' id='word_1_88' title='bbox 593 1973 809 2052; x_wconf 80' lang='lat' dir='ltr'><strong>Sirnaondum,</strong></span> <span class='ocrx_word' id='word_1_89' title='bbox 837 1973 951 2041; x_wconf 61' lang='lat' dir='ltr'><strong>Ouum.</strong></span> <span class='ocrx_word' id='word_1_90' title='bbox 978 1976 1105 2040; x_wconf 77' lang='lat' dir='ltr'><strong>Galliac</strong></span> <span class='ocrx_word' id='word_1_91' title='bbox 1128 1979 1148 2039; x_wconf 85' lang='lat' dir='ltr'><strong>i.</strong></span> <span class='ocrx_word' id='word_1_92' title='bbox 1167 1975 1239 2052; x_wconf 84' lang='lat' dir='ltr'><strong>III,</strong></span> <span class='ocrx_word' id='word_1_93' title='bbox 1256 1996 1292 2055; x_wconf 91' lang='lat' dir='ltr'><strong>p.</strong></span> <span class='ocrx_word' id='word_1_94' title='bbox 1309 1979 1444 2056; x_wconf 73' lang='lat' dir='ltr'><strong>ibisqq.</strong></span> <span class='ocrx_word' id='word_1_95' title='bbox 1464 1975 1603 2060; x_wconf 79' lang='lat' dir='ltr'><strong>sortasse</strong></span> <span class='ocrx_word' id='word_1_96' title='bbox 1624 1978 1725 2041; x_wconf 86' lang='lat' dir='ltr'><strong>codice</strong></span> <span class='ocrx_word' id='word_1_97' title='bbox 1747 1976 1880 2057; x_wconf 71' lang='lat' dir='ltr'><strong>qrmdrm</strong></span> <span class='ocrx_word' id='word_1_98' title='bbox 1940 1963 1947 1982; x_wconf 72' lang='lat'>⁸</span> 
     </span>
     <span class='ocr_line' id='line_1_11' title="bbox 220 2074 1880 2164; baseline 0.004 -28"><span class='ocrx_word' id='word_1_99' title='bbox 220 2098 243 2136; x_wconf 89' lang='grc' dir='ltr'><strong>ιο</strong></span> <span class='ocrx_word' id='word_1_100' title='bbox 262 2074 407 2139; x_wconf 85' lang='lat' dir='ltr'><strong>Remensi</strong></span> <span class='ocrx_word' id='word_1_101' title='bbox 428 2097 528 2154; x_wconf 81' lang='lat' dir='ltr'><strong>resurr,</strong></span> <span class='ocrx_word' id='word_1_102' title='bbox 551 2079 606 2157; x_wconf 80' lang='lat' dir='ltr'><strong>quei</strong></span> <span class='ocrx_word' id='word_1_103' title='bbox 629 2074 837 2140; x_wconf 87' lang='lat' dir='ltr'><strong>iuramentum</strong></span> <span class='ocrx_word' id='word_1_104' title='bbox 854 2078 1023 2142; x_wconf 87' lang='lat' dir='ltr'><strong>IIincmari</strong></span> <span class='ocrx_word' id='word_1_105' title='bbox 1044 2079 1079 2140; x_wconf 91' lang='lat' dir='ltr'><strong>in</strong></span> <span class='ocrx_word' id='word_1_106' title='bbox 1102 2078 1236 2140; x_wconf 86' lang='lat' dir='ltr'><strong>eiusdem</strong></span> <span class='ocrx_word' id='word_1_107' title='bbox 1255 2077 1406 2158; x_wconf 76' lang='lat' dir='ltr'><strong>Operibus</strong></span> <span class='ocrx_word' id='word_1_108' title='bbox 1429 2081 1449 2142; x_wconf 87' lang='lat' dir='ltr'><strong>l.</strong></span> <span class='ocrx_word' id='word_1_109' title='bbox 1472 2079 1527 2156; x_wconf 86' lang='lat' dir='ltr'><strong>II,</strong></span> <span class='ocrx_word' id='word_1_110' title='bbox 1547 2101 1579 2160; x_wconf 87' lang='lat' dir='ltr'><strong>p.</strong></span> <span class='ocrx_word' id='word_1_111' title='bbox 1597 2083 1658 2144; x_wconf 88' lang='grc'><strong>834</strong></span> <span class='ocrx_word' id='word_1_112' title='bbox 1681 2079 1790 2164; x_wconf 80' lang='lat' dir='ltr'><strong>(infra</strong></span> <span class='ocrx_word' id='word_1_113' title='bbox 1816 2079 1880 2157; x_wconf 90' lang='lat' dir='ltr'><strong>lb),</strong></span> 
     </span>
     <span class='ocr_line' id='line_1_12' title="bbox 260 2179 1882 2265; baseline 0.001 -23"><span class='ocrx_word' id='word_1_114' title='bbox 260 2181 429 2259; x_wconf 83' lang='lat' dir='ltr'><strong>separatim</strong></span> <span class='ocrx_word' id='word_1_115' title='bbox 446 2181 568 2261; x_wconf 89' lang='lat' dir='ltr'><strong>publici</strong></span> <span class='ocrx_word' id='word_1_116' title='bbox 582 2181 664 2244; x_wconf 88' lang='lat' dir='ltr'><strong>iuris</strong></span> <span class='ocrx_word' id='word_1_117' title='bbox 681 2181 774 2265; x_wconf 57' lang='lat' dir='ltr'><strong>fenim</strong></span> <span class='ocrx_word' id='word_1_118' title='bbox 803 2179 836 2264; x_wconf 76' lang='grc'><strong>2)</strong></span> <span class='ocrx_word' id='word_1_119' title='bbox 860 2181 946 2264; x_wconf 81' lang='lat' dir='ltr'><strong>apud</strong></span> <span class='ocrx_word' id='word_1_120' title='bbox 960 2181 1097 2257; x_wconf 78' lang='lat' dir='ltr'><strong>cunrlcm,</strong></span> <span class='ocrx_word' id='word_1_121' title='bbox 1124 2181 1231 2246; x_wconf 75' lang='lat' dir='ltr'><strong>(baroli</strong></span> <span class='ocrx_word' id='word_1_122' title='bbox 1249 2181 1339 2248; x_wconf 84' lang='lat' dir='ltr'><strong>Calui</strong></span> <span class='ocrx_word' id='word_1_123' title='bbox 1357 2181 1457 2262; x_wconf 81' lang='lat' dir='ltr'><strong>Capit.</strong></span> <span class='ocrx_word' id='word_1_124' title='bbox 1475 2202 1510 2262; x_wconf 90' lang='lat' dir='ltr'><strong>p.</strong></span> <span class='ocrx_word' id='word_1_125' title='bbox 1528 2187 1672 2264; x_wconf 72' lang='lat' dir='ltr'><strong>tuasqq,</strong></span> <span class='ocrx_word' id='word_1_126' title='bbox 1688 2189 1749 2264; x_wconf 85' lang='lat' dir='ltr'><strong>&#39;ape</strong></span> <span class='ocrx_word' id='word_1_127' title='bbox 1771 2182 1882 2246; x_wconf 84' lang='lat' dir='ltr'><strong>codicis</strong></span> 
     </span>
     <span class='ocr_line' id='line_1_13' title="bbox 260 2283 1880 2370; baseline 0.002 -24"><span class='ocrx_word' id='word_1_128' title='bbox 260 2283 506 2361; x_wconf 81' lang='lat' dir='ltr'><strong>Bellaoamnsis,</strong></span> <span class='ocrx_word' id='word_1_129' title='bbox 534 2289 569 2346; x_wconf 86' lang='lat' dir='ltr'><strong>ul</strong></span> <span class='ocrx_word' id='word_1_130' title='bbox 591 2285 715 2368; x_wconf 78' lang='lat' dir='ltr'><strong>opinor,</strong></span> <span class='ocrx_word' id='word_1_131' title='bbox 741 2284 842 2362; x_wconf 84' lang='lat' dir='ltr'><strong>erlila,·</strong></span> <span class='ocrx_word' id='word_1_132' title='bbox 877 2285 909 2368; x_wconf 83' lang='lat'><strong>3)</strong></span> <span class='ocrx_word' id='word_1_133' title='bbox 929 2284 1026 2348; x_wconf 83' lang='lat' dir='ltr'><strong>Velie.</strong></span> <span class='ocrx_word' id='word_1_134' title='bbox 1049 2305 1111 2367; x_wconf 77' lang='lat' dir='ltr'><strong>rep.</strong></span> <span class='ocrx_word' id='word_1_135' title='bbox 1138 2285 1253 2350; x_wconf 87' lang='lat' dir='ltr'><strong>Obrist.</strong></span> <span class='ocrx_word' id='word_1_136' title='bbox 1270 2289 1327 2349; x_wconf 77' lang='lat'><strong>291</strong></span> <span class='ocrx_word' id='word_1_137' title='bbox 1359 2284 1417 2370; x_wconf 83' lang='lat' dir='ltr'><strong>fal.</strong></span> <span class='ocrx_word' id='word_1_138' title='bbox 1439 2289 1508 2350; x_wconf 78' lang='lat'><strong>123.</strong></span> <span class='ocrx_word' id='word_1_139' title='bbox 1554 2286 1589 2370; x_wconf 84' lang='grc'><strong>4)</strong></span> <span class='ocrx_word' id='word_1_140' title='bbox 1609 2285 1760 2353; x_wconf 85' lang='lat' dir='ltr'><strong>Vallicell.</strong></span> <span class='ocrx_word' id='word_1_141' title='bbox 1788 2285 1822 2352; x_wconf 84' lang='lat'><strong>0.</strong></span> <span class='ocrx_word' id='word_1_142' title='bbox 1843 2291 1880 2350; x_wconf 84' lang='lat' dir='ltr'><strong>ru</strong></span> 
     </span>
     <span class='ocr_line' id='line_1_14' title="bbox 256 2384 1879 2474; baseline 0.003 -25"><span class='ocrx_word' id='word_1_143' title='bbox 256 2384 316 2470; x_wconf 85' lang='lat' dir='ltr'><strong>fal.</strong></span> <span class='ocrx_word' id='word_1_144' title='bbox 334 2391 361 2450; x_wconf 89' lang='lat'><strong>3.</strong></span> <span class='ocrx_word' id='word_1_145' title='bbox 408 2388 440 2472; x_wconf 81' lang='lat'><strong>5)</strong></span> <span class='ocrx_word' id='word_1_146' title='bbox 461 2387 916 2472; x_wconf 78' lang='lat' dir='ltr'><strong>Vane.4982sol.su·e148.</strong></span> <span class='ocrx_word' id='word_1_147' title='bbox 957 2387 1213 2474; x_wconf 66' lang='lat' dir='ltr'><strong>milinandum</strong></span> <span class='ocrx_word' id='word_1_148' title='bbox 1236 2387 1386 2473; x_wconf 71' lang='lat' dir='ltr'><strong>(oltra.</strong></span> <span class='ocrx_word' id='word_1_149' title='bbox 1426 2391 1459 2473; x_wconf 85' lang='lat'><strong>7)</strong></span> <span class='ocrx_word' id='word_1_150' title='bbox 1479 2389 1566 2470; x_wconf 77' lang='lat' dir='ltr'><strong>aprrd</strong></span> <span class='ocrx_word' id='word_1_151' title='bbox 1581 2388 1617 2454; x_wconf 93' lang='lat' dir='ltr'><strong>P.</strong></span> <span class='ocrx_word' id='word_1_152' title='bbox 1633 2390 1803 2467; x_wconf 85' lang='lat' dir='ltr'><strong>Pilboemn,</strong></span> <span class='ocrx_word' id='word_1_153' title='bbox 1819 2389 1879 2455; x_wconf 82' lang='lat' dir='ltr'><strong>SS.</strong></span> 
     </span>
     <span class='ocr_line' id='line_1_15' title="bbox 260 2490 1882 2576; baseline 0.002 -22"><span class='ocrx_word' id='word_1_154' title='bbox 260 2495 375 2554; x_wconf 76' lang='lat' dir='ltr'><strong>cailan.</strong></span> <span class='ocrx_word' id='word_1_155' title='bbox 395 2513 429 2571; x_wconf 90' lang='lat' dir='ltr'><strong>p.</strong></span> <span class='ocrx_word' id='word_1_156' title='bbox 447 2495 508 2556; x_wconf 82' lang='lat'><strong>506</strong></span> <span class='ocrx_word' id='word_1_157' title='bbox 517 2510 582 2572; x_wconf 81' lang='lat' dir='ltr'><strong>sqq.</strong></span> <span class='ocrx_word' id='word_1_158' title='bbox 628 2490 661 2576; x_wconf 84' lang='lat'><strong>8)</strong></span> <span class='ocrx_word' id='word_1_159' title='bbox 690 2491 777 2571; x_wconf 81' lang='lat' dir='ltr'><strong>apud</strong></span> <span class='ocrx_word' id='word_1_160' title='bbox 803 2491 1034 2570; x_wconf 87' lang='lat' dir='ltr'><strong>Muraterium,</strong></span> <span class='ocrx_word' id='word_1_161' title='bbox 1063 2493 1122 2559; x_wconf 82' lang='lat' dir='ltr'><strong>SS.</strong></span> <span class='ocrx_word' id='word_1_162' title='bbox 1146 2514 1206 2558; x_wconf 84' lang='lat' dir='ltr'><strong>rer.</strong></span> <span class='ocrx_word' id='word_1_163' title='bbox 1231 2494 1306 2559; x_wconf 86' lang='lat' dir='ltr'><strong>Ital.</strong></span> <span class='ocrx_word' id='word_1_164' title='bbox 1322 2499 1342 2558; x_wconf 92' lang='lat' dir='ltr'><strong>t.</strong></span> <span class='ocrx_word' id='word_1_165' title='bbox 1359 2494 1448 2572; x_wconf 70' lang='lat' dir='ltr'><strong>Ias,</strong></span> <span class='ocrx_word' id='word_1_166' title='bbox 1470 2495 1524 2560; x_wconf 90' lang='lat' dir='ltr'><strong>eol.</strong></span> <span class='ocrx_word' id='word_1_167' title='bbox 1544 2497 1677 2576; x_wconf 81' lang='lat' dir='ltr'><strong>150sqq.</strong></span> <span class='ocrx_word' id='word_1_168' title='bbox 1721 2494 1882 2574; x_wconf 85' lang='lat' dir='ltr'><strong>Inscripta</strong></span> 
     </span>
     <span class='ocr_line' id='line_1_16' title="bbox 217 2596 1880 2684; baseline 0.004 -30"><span class='ocrx_word' id='word_1_169' title='bbox 217 2617 243 2654; x_wconf 83' lang='grc' dir='ltr'><strong>ιι</strong></span> <span class='ocrx_word' id='word_1_170' title='bbox 260 2600 363 2659; x_wconf 86' lang='lat' dir='ltr'><strong>aulem</strong></span> <span class='ocrx_word' id='word_1_171' title='bbox 386 2601 460 2658; x_wconf 80' lang='lat' dir='ltr'><strong>sum</strong></span> <span class='ocrx_word' id='word_1_172' title='bbox 481 2597 516 2659; x_wconf 90' lang='lat' dir='ltr'><strong>in</strong></span> <span class='ocrx_word' id='word_1_173' title='bbox 535 2602 569 2659; x_wconf 87' lang='grc'><strong>1.·</strong></span> <span class='ocrx_word' id='word_1_174' title='bbox 593 2596 743 2682; x_wconf 81' lang='lat' dir='ltr'><strong>Synodus</strong></span> <span class='ocrx_word' id='word_1_175' title='bbox 771 2597 856 2682; x_wconf 85' lang='lat' dir='ltr'><strong>apud</strong></span> <span class='ocrx_word' id='word_1_176' title='bbox 880 2599 1027 2662; x_wconf 84' lang='lat' dir='ltr'><strong>Ticinum</strong></span> <span class='ocrx_word' id='word_1_177' title='bbox 1058 2606 1131 2663; x_wconf 90' lang='lat' dir='ltr'><strong>aeta</strong></span> <span class='ocrx_word' id='word_1_178' title='bbox 1160 2597 1315 2684; x_wconf 85' lang='lat' dir='ltr'><strong>palatium</strong></span> <span class='ocrx_word' id='word_1_179' title='bbox 1339 2619 1423 2661; x_wconf 91' lang='lat' dir='ltr'><strong>anna</strong></span> <span class='ocrx_word' id='word_1_180' title='bbox 1446 2598 1678 2663; x_wconf 78' lang='lat' dir='ltr'><strong>incarnationis</strong></span> <span class='ocrx_word' id='word_1_181' title='bbox 1701 2596 1880 2662; x_wconf 85' lang='lat' dir='ltr'><strong>dominicae</strong></span> 
     </span>
     <span class='ocr_line' id='line_1_17' title="bbox 261 2698 1879 2788; baseline 0.001 -26"><span class='ocrx_word' id='word_1_182' title='bbox 261 2698 533 2776; x_wconf 82' lang='lat' dir='ltr'><strong>DOOOLXXVI,</strong></span> <span class='ocrx_word' id='word_1_183' title='bbox 556 2698 732 2766; x_wconf 85' lang='lat' dir='ltr'><strong>indictione</strong></span> <span class='ocrx_word' id='word_1_184' title='bbox 748 2701 808 2781; x_wconf 88' lang='lat' dir='ltr'><strong>IX,</strong></span> <span class='ocrx_word' id='word_1_185' title='bbox 824 2722 936 2766; x_wconf 90' lang='lat' dir='ltr'><strong>meuse</strong></span> <span class='ocrx_word' id='word_1_186' title='bbox 952 2702 1146 2776; x_wconf 76' lang='lat' dir='ltr'><strong>Februarim</strong></span> <span class='ocrx_word' id='word_1_187' title='bbox 1169 2702 1359 2766; x_wconf 84' lang='lat' dir='ltr'><strong>confirmata</strong></span> <span class='ocrx_word' id='word_1_188' title='bbox 1374 2703 1407 2766; x_wconf 90' lang='lat' dir='ltr'><strong>in</strong></span> <span class='ocrx_word' id='word_1_189' title='bbox 1423 2702 1546 2787; x_wconf 89' lang='lat' dir='ltr'><strong>synodo</strong></span> <span class='ocrx_word' id='word_1_190' title='bbox 1563 2702 1648 2788; x_wconf 85' lang='lat' dir='ltr'><strong>apud</strong></span> <span class='ocrx_word' id='word_1_191' title='bbox 1665 2701 1879 2787; x_wconf 88' lang='lat' dir='ltr'><strong>Pontigonem</strong></span> 
     </span>
     <span class='ocr_line' id='line_1_18' title="bbox 262 2803 1880 2891; baseline -0.001 -23"><span class='ocrx_word' id='word_1_192' title='bbox 262 2804 377 2868; x_wconf 85' lang='lat' dir='ltr'><strong>eodem</strong></span> <span class='ocrx_word' id='word_1_193' title='bbox 401 2825 484 2869; x_wconf 88' lang='lat' dir='ltr'><strong>anno</strong></span> <span class='ocrx_word' id='word_1_194' title='bbox 509 2811 541 2868; x_wconf 91' lang='lat' dir='ltr'><strong>et</strong></span> <span class='ocrx_word' id='word_1_195' title='bbox 564 2804 749 2886; x_wconf 88' lang='lat' dir='ltr'><strong>indictione,</strong></span> <span class='ocrx_word' id='word_1_196' title='bbox 772 2827 886 2871; x_wconf 88' lang='lat' dir='ltr'><strong>mense</strong></span> <span class='ocrx_word' id='word_1_197' title='bbox 909 2805 1018 2880; x_wconf 88' lang='lat' dir='ltr'><strong>Iunio;</strong></span> <span class='ocrx_word' id='word_1_198' title='bbox 1049 2807 1084 2868; x_wconf 88' lang='lat' dir='ltr'><strong>in</strong></span> <span class='ocrx_word' id='word_1_199' title='bbox 1109 2809 1141 2870; x_wconf 82' lang='lat'><strong>2:</strong></span> <span class='ocrx_word' id='word_1_200' title='bbox 1166 2804 1327 2891; x_wconf 85' lang='lat' dir='ltr'><strong>Synodus,</strong></span> <span class='ocrx_word' id='word_1_201' title='bbox 1351 2826 1433 2890; x_wconf 89' lang='lat' dir='ltr'><strong>quoe</strong></span> <span class='ocrx_word' id='word_1_202' title='bbox 1458 2806 1518 2869; x_wconf 84' lang='lat' dir='ltr'><strong>luit</strong></span> <span class='ocrx_word' id='word_1_203' title='bbox 1541 2810 1615 2870; x_wconf 87' lang='lat' dir='ltr'><strong>aeta</strong></span> <span class='ocrx_word' id='word_1_204' title='bbox 1630 2803 1715 2890; x_wconf 88' lang='lat' dir='ltr'><strong>apud</strong></span> <span class='ocrx_word' id='word_1_205' title='bbox 1731 2804 1880 2868; x_wconf 85' lang='lat' dir='ltr'><strong>Ticinum</strong></span> 
     </span>
     <span class='ocr_line' id='line_1_19' title="bbox 262 2907 1880 2996; baseline -0.001 -23"><span class='ocrx_word' id='word_1_206' title='bbox 262 2909 418 2995; x_wconf 87' lang='lat' dir='ltr'><strong>palatium</strong></span> <span class='ocrx_word' id='word_1_207' title='bbox 442 2929 527 2972; x_wconf 88' lang='lat' dir='ltr'><strong>anno</strong></span> <span class='ocrx_word' id='word_1_208' title='bbox 544 2957 594 2974; x_wconf 89' lang='lat'><strong>...</strong></span> <span class='ocrx_word' id='word_1_209' title='bbox 612 2907 805 2985; x_wconf 75' lang='lat' dir='ltr'><strong>Februarim</strong></span> <span class='ocrx_word' id='word_1_210' title='bbox 839 2917 872 2974; x_wconf 94' lang='lat' dir='ltr'><strong>et</strong></span> <span class='ocrx_word' id='word_1_211' title='bbox 895 2917 1009 2996; x_wconf 87' lang='lat' dir='ltr'><strong>postca</strong></span> <span class='ocrx_word' id='word_1_212' title='bbox 1032 2911 1091 2975; x_wconf 85' lang='lat' dir='ltr'><strong>init</strong></span> <span class='ocrx_word' id='word_1_213' title='bbox 1107 2911 1295 2974; x_wconf 86' lang='lat' dir='ltr'><strong>continuata</strong></span> <span class='ocrx_word' id='word_1_214' title='bbox 1317 2911 1389 2994; x_wconf 88' lang='lat' dir='ltr'><strong>ipsa</strong></span> <span class='ocrx_word' id='word_1_215' title='bbox 1405 2909 1548 2994; x_wconf 81' lang='lat' dir='ltr'><strong>synodus</strong></span> <span class='ocrx_word' id='word_1_216' title='bbox 1565 2909 1651 2996; x_wconf 90' lang='lat' dir='ltr'><strong>apud</strong></span> <span class='ocrx_word' id='word_1_217' title='bbox 1664 2909 1880 2994; x_wconf 86' lang='lat' dir='ltr'><strong>Pontigonem</strong></span> 
     </span>
     <span class='ocr_line' id='line_1_20' title="bbox 263 3011 1880 3100; baseline -0.001 -24"><span class='ocrx_word' id='word_1_218' title='bbox 263 3033 335 3076; x_wconf 90' lang='lat' dir='ltr'><strong>cum</strong></span> <span class='ocrx_word' id='word_1_219' title='bbox 352 3013 457 3076; x_wconf 90' lang='lat' dir='ltr'><strong>missis</strong></span> <span class='ocrx_word' id='word_1_220' title='bbox 475 3011 582 3076; x_wconf 90' lang='lat' dir='ltr'><strong>damni</strong></span> <span class='ocrx_word' id='word_1_221' title='bbox 599 3014 772 3099; x_wconf 89' lang='lat' dir='ltr'><strong>apostolici</strong></span> <span class='ocrx_word' id='word_1_222' title='bbox 788 3012 941 3078; x_wconf 88' lang='lat' dir='ltr'><strong>Iohannis</strong></span> <span class='ocrx_word' id='word_1_223' title='bbox 959 3015 1095 3099; x_wconf 88' lang='lat' dir='ltr'><strong>aliisque</strong></span> <span class='ocrx_word' id='word_1_224' title='bbox 1112 3014 1284 3078; x_wconf 86' lang='lat' dir='ltr'><strong>multarum</strong></span> <span class='ocrx_word' id='word_1_225' title='bbox 1302 3013 1537 3099; x_wconf 87' lang='lat' dir='ltr'><strong>provinciarum</strong></span> <span class='ocrx_word' id='word_1_226' title='bbox 1554 3013 1727 3100; x_wconf 85' lang='lat' dir='ltr'><strong>episeopis.</strong></span> <span class='ocrx_word' id='word_1_227' title='bbox 1768 3011 1880 3076; x_wconf 87' lang='lat' dir='ltr'><strong>Omnia</strong></span> 
     </span>
     <span class='ocr_line' id='line_1_21' title="bbox 218 3116 1882 3200; baseline -0.002 -20"><span class='ocrx_word' id='word_1_228' title='bbox 218 3141 244 3181; x_wconf 81' lang='grc' dir='ltr'><strong>ιο</strong></span> <span class='ocrx_word' id='word_1_229' title='bbox 260 3117 401 3198; x_wconf 80' lang='lat' dir='ltr'><strong>capitula</strong></span> <span class='ocrx_word' id='word_1_230' title='bbox 415 3117 534 3180; x_wconf 79' lang='lat' dir='ltr'><strong>calribet</strong></span> <span class='ocrx_word' id='word_1_231' title='bbox 556 3117 641 3180; x_wconf 88' lang='lat' dir='ltr'><strong>solus</strong></span> <span class='ocrx_word' id='word_1_232' title='bbox 668 3121 700 3194; x_wconf 89' lang='grc'><strong>1,·</strong></span> <span class='ocrx_word' id='word_1_233' title='bbox 726 3117 761 3180; x_wconf 90' lang='lat' dir='ltr'><strong>in</strong></span> <span class='ocrx_word' id='word_1_234' title='bbox 778 3119 807 3181; x_wconf 80' lang='lat'><strong>2.</strong></span> <span class='ocrx_word' id='word_1_235' title='bbox 831 3117 942 3180; x_wconf 74' lang='lat' dir='ltr'><strong>(lasani</strong></span> <span class='ocrx_word' id='word_1_236' title='bbox 957 3117 1167 3181; x_wconf 87' lang='lat' dir='ltr'><strong>iuramentum</strong></span> <span class='ocrx_word' id='word_1_237' title='bbox 1189 3117 1247 3200; x_wconf 88' lang='lat' dir='ltr'><strong>(O)</strong></span> <span class='ocrx_word' id='word_1_238' title='bbox 1269 3121 1297 3180; x_wconf 90' lang='lat' dir='ltr'><strong>ct</strong></span> <span class='ocrx_word' id='word_1_239' title='bbox 1319 3136 1398 3196; x_wconf 83' lang='lat' dir='ltr'><strong>quac</strong></span> <span class='ocrx_word' id='word_1_240' title='bbox 1413 3116 1652 3196; x_wconf 81' lang='lat' dir='ltr'><strong>subscriptiones</strong></span> <span class='ocrx_word' id='word_1_241' title='bbox 1673 3117 1882 3197; x_wconf 81' lang='lat' dir='ltr'><strong>episcoporum</strong></span> 
     </span>
     <span class='ocr_line' id='line_1_22' title="bbox 262 3217 1881 3306; baseline -0.001 -22"><span class='ocrx_word' id='word_1_242' title='bbox 262 3221 420 3284; x_wconf 77' lang='lat' dir='ltr'><strong>Francius</strong></span> <span class='ocrx_word' id='word_1_243' title='bbox 435 3224 608 3300; x_wconf 80' lang='lat' dir='ltr'><strong>sequemini·</strong></span> <span class='ocrx_word' id='word_1_244' title='bbox 624 3221 778 3306; x_wconf 72' lang='lat' dir='ltr'><strong>(li-H),</strong></span> <span class='ocrx_word' id='word_1_245' title='bbox 801 3221 835 3284; x_wconf 91' lang='lat' dir='ltr'><strong>in</strong></span> <span class='ocrx_word' id='word_1_246' title='bbox 852 3225 882 3286; x_wconf 88' lang='lat'><strong>3.</strong></span> <span class='ocrx_word' id='word_1_247' title='bbox 898 3228 927 3286; x_wconf 84' lang='grc'><strong>4.</strong></span> <span class='ocrx_word' id='word_1_248' title='bbox 948 3221 1142 3302; x_wconf 70' lang='lat' dir='ltr'><strong>confirmatio</strong></span> <span class='ocrx_word' id='word_1_249' title='bbox 1166 3219 1401 3302; x_wconf 72' lang='lat' dir='ltr'><strong>Cisalpinorum</strong></span> <span class='ocrx_word' id='word_1_250' title='bbox 1420 3218 1492 3303; x_wconf 90' lang='lat' dir='ltr'><strong>(B),</strong></span> <span class='ocrx_word' id='word_1_251' title='bbox 1522 3220 1661 3304; x_wconf 88' lang='lat' dir='ltr'><strong>capitula</strong></span> <span class='ocrx_word' id='word_1_252' title='bbox 1679 3217 1796 3283; x_wconf 81' lang='lat' dir='ltr'><strong>Orionis</strong></span> <span class='ocrx_word' id='word_1_253' title='bbox 1809 3219 1881 3302; x_wconf 80' lang='lat' dir='ltr'><strong>(G),</strong></span> 
     </span>
     <span class='ocr_line' id='line_1_23' title="bbox 261 3321 1914 3406; baseline 0.004 -20"><span class='ocrx_word' id='word_1_254' title='bbox 261 3345 340 3404; x_wconf 81' lang='lat' dir='ltr'><strong>qrrac</strong></span> <span class='ocrx_word' id='word_1_255' title='bbox 354 3327 486 3406; x_wconf 74' lang='lat' dir='ltr'><strong>retroque</strong></span> <span class='ocrx_word' id='word_1_256' title='bbox 501 3325 535 3388; x_wconf 90' lang='lat' dir='ltr'><strong>in</strong></span> <span class='ocrx_word' id='word_1_257' title='bbox 553 3331 581 3389; x_wconf 85' lang='lat'><strong>5.</strong></span> <span class='ocrx_word' id='word_1_258' title='bbox 605 3344 723 3406; x_wconf 72' lang='lat' dir='ltr'><strong>quaerre</strong></span> <span class='ocrx_word' id='word_1_259' title='bbox 738 3323 965 3402; x_wconf 81' lang='lat' dir='ltr'><strong>desiderantur,</strong></span> <span class='ocrx_word' id='word_1_260' title='bbox 988 3323 1128 3405; x_wconf 62' lang='lat' dir='ltr'><strong>delinitio</strong></span> <span class='ocrx_word' id='word_1_261' title='bbox 1143 3324 1180 3388; x_wconf 87' lang='lat' dir='ltr'><strong>cle</strong></span> <span class='ocrx_word' id='word_1_262' title='bbox 1195 3323 1384 3406; x_wconf 75' lang='lat' dir='ltr'><strong>Adolaauclo</strong></span> <span class='ocrx_word' id='word_1_263' title='bbox 1400 3322 1470 3405; x_wconf 86' lang='lat' dir='ltr'><strong>(F),</strong></span> <span class='ocrx_word' id='word_1_264' title='bbox 1492 3341 1659 3387; x_wconf 87' lang='lat' dir='ltr'><strong>censensus</strong></span> <span class='ocrx_word' id='word_1_265' title='bbox 1675 3323 1791 3387; x_wconf 64' lang='lat' dir='ltr'><strong>Manis</strong></span> <span class='ocrx_word' id='word_1_266' title='bbox 1806 3321 1882 3404; x_wconf 89' lang='lat' dir='ltr'><em>(H).</em></span> <span class='ocrx_word' id='word_1_267' title='bbox 1910 3384 1914 3392; x_wconf 93' lang='lat'>.</span> 
     </span>
     <span class='ocr_line' id='line_1_24' title="bbox 261 3424 1882 3514; baseline -0.002 -23"><span class='ocrx_word' id='word_1_268' title='bbox 261 3427 462 3492; x_wconf 85' lang='lat' dir='ltr'><strong>Muralorius</strong></span> <span class='ocrx_word' id='word_1_269' title='bbox 478 3427 528 3514; x_wconf 87' lang='lat'><strong>(8)</strong></span> <span class='ocrx_word' id='word_1_270' title='bbox 554 3429 682 3510; x_wconf 88' lang='lat' dir='ltr'><strong>praebet</strong></span> <span class='ocrx_word' id='word_1_271' title='bbox 704 3433 827 3493; x_wconf 86' lang='lat' dir='ltr'><strong>tantam</strong></span> <span class='ocrx_word' id='word_1_272' title='bbox 850 3429 984 3508; x_wconf 81' lang='lat' dir='ltr'><strong>receptis</strong></span> <span class='ocrx_word' id='word_1_273' title='bbox 1006 3430 1084 3492; x_wconf 89' lang='lat' dir='ltr'><strong>aclis</strong></span> <span class='ocrx_word' id='word_1_274' title='bbox 1099 3427 1211 3510; x_wconf 77' lang='lat' dir='ltr'><strong>synodi</strong></span> <span class='ocrx_word' id='word_1_275' title='bbox 1226 3427 1395 3510; x_wconf 87' lang='lat' dir='ltr'><strong>Papicnsis</strong></span> <span class='ocrx_word' id='word_1_276' title='bbox 1410 3427 1620 3508; x_wconf 75' lang='lat' dir='ltr'><strong>definitionem</strong></span> <span class='ocrx_word' id='word_1_277' title='bbox 1642 3425 1679 3490; x_wconf 87' lang='lat' dir='ltr'><strong>dc</strong></span> <span class='ocrx_word' id='word_1_278' title='bbox 1694 3424 1882 3506; x_wconf 78' lang='lat' dir='ltr'><strong>Adalpauda</strong></span> 
     </span>
     <span class='ocr_line' id='line_1_25' title="bbox 261 3529 1853 3614; baseline -0.003 -18"><span class='ocrx_word' id='word_1_279' title='bbox 261 3532 322 3614; x_wconf 85' lang='lat' dir='ltr'><strong>(F)</strong></span> <span class='ocrx_word' id='word_1_280' title='bbox 344 3535 373 3593; x_wconf 89' lang='lat' dir='ltr'><strong>el</strong></span> <span class='ocrx_word' id='word_1_281' title='bbox 394 3549 574 3595; x_wconf 85' lang='lat' dir='ltr'><strong>eonsensum</strong></span> <span class='ocrx_word' id='word_1_282' title='bbox 596 3531 711 3596; x_wconf 84' lang='lat' dir='ltr'><strong>Leonis</strong></span> <span class='ocrx_word' id='word_1_283' title='bbox 734 3531 814 3614; x_wconf 89' lang='lat' dir='ltr'><strong>(H),·</strong></span> <span class='ocrx_word' id='word_1_284' title='bbox 836 3531 873 3595; x_wconf 84' lang='lat' dir='ltr'><strong>de</strong></span> <span class='ocrx_word' id='word_1_285' title='bbox 895 3530 977 3594; x_wconf 75' lang='lat' dir='ltr'><strong>codd,</strong></span> <span class='ocrx_word' id='word_1_286' title='bbox 1001 3552 1073 3595; x_wconf 87' lang='lat' dir='ltr'><strong>ocra</strong></span> <span class='ocrx_word' id='word_1_287' title='bbox 1095 3535 1125 3597; x_wconf 88' lang='lat'><strong>6.</strong></span> <span class='ocrx_word' id='word_1_288' title='bbox 1143 3535 1172 3595; x_wconf 82' lang='lat'><strong>7.</strong></span> <span class='ocrx_word' id='word_1_289' title='bbox 1196 3529 1252 3611; x_wconf 78' lang='lat' dir='ltr'><strong>cfr.</strong></span> <span class='ocrx_word' id='word_1_290' title='bbox 1275 3549 1373 3612; x_wconf 86' lang='lat' dir='ltr'><strong>snpra</strong></span> <span class='ocrx_word' id='word_1_291' title='bbox 1392 3529 1531 3611; x_wconf 72' lang='lat' dir='ltr'><strong>pnaesat.</strong></span> <span class='ocrx_word' id='word_1_292' title='bbox 1553 3529 1597 3594; x_wconf 81' lang='lat' dir='ltr'><strong>ael</strong></span> <span class='ocrx_word' id='word_1_293' title='bbox 1618 3549 1667 3593; x_wconf 90' lang='lat' dir='ltr'><strong>nr.</strong></span> <span class='ocrx_word' id='word_1_294' title='bbox 1685 3532 1756 3594; x_wconf 77' lang='lat'><strong>220.</strong></span> <span class='ocrx_word' id='word_1_295' title='bbox 1781 3531 1853 3592; x_wconf 79' lang='lat'>221.</span> 
     </span>
     <span class='ocr_line' id='line_1_26' title="bbox 219 3632 1883 3718; baseline -0.002 -19"><span class='ocrx_word' id='word_1_296' title='bbox 219 3659 243 3699; x_wconf 82' lang='grc' dir='ltr'><strong>ιι</strong></span> <span class='ocrx_word' id='word_1_297' title='bbox 371 3633 455 3698; x_wconf 80' lang='lat' dir='ltr'><strong>Orela</strong></span> <span class='ocrx_word' id='word_1_298' title='bbox 477 3635 674 3716; x_wconf 75' lang='lat' dir='ltr'><strong>sinyularum</strong></span> <span class='ocrx_word' id='word_1_299' title='bbox 694 3635 837 3716; x_wconf 88' lang='lat' dir='ltr'><strong>partium</strong></span> <span class='ocrx_word' id='word_1_300' title='bbox 859 3634 1001 3698; x_wconf 84' lang='lat' dir='ltr'><strong>diversus</strong></span> <span class='ocrx_word' id='word_1_301' title='bbox 1028 3638 1072 3698; x_wconf 89' lang='lat' dir='ltr'><strong>cst</strong></span> <span class='ocrx_word' id='word_1_302' title='bbox 1094 3636 1130 3698; x_wconf 88' lang='lat' dir='ltr'><strong>in</strong></span> <span class='ocrx_word' id='word_1_303' title='bbox 1152 3633 1306 3698; x_wconf 78' lang='lat' dir='ltr'><strong>codicibus</strong></span> <span class='ocrx_word' id='word_1_304' title='bbox 1334 3637 1362 3698; x_wconf 88' lang='lat' dir='ltr'><strong>el</strong></span> <span class='ocrx_word' id='word_1_305' title='bbox 1389 3632 1556 3718; x_wconf 80' lang='lat' dir='ltr'><strong>consuens:</strong></span> <span class='ocrx_word' id='word_1_306' title='bbox 1586 3633 1622 3696; x_wconf 89' lang='lat' dir='ltr'><strong>in</strong></span> <span class='ocrx_word' id='word_1_307' title='bbox 1649 3639 1678 3710; x_wconf 89' lang='lat'><strong>1,</strong></span> <span class='ocrx_word' id='word_1_308' title='bbox 1707 3652 1796 3713; x_wconf 80' lang='lat' dir='ltr'><strong>anem</strong></span> <span class='ocrx_word' id='word_1_309' title='bbox 1818 3651 1883 3696; x_wconf 88' lang='lat' dir='ltr'><strong>una</strong></span> 
     </span>
     <span class='ocr_line' id='line_1_27' title="bbox 262 3733 1883 3818; baseline -0.002 -17"><span class='ocrx_word' id='word_1_310' title='bbox 262 3758 331 3801; x_wconf 83' lang='lat' dir='ltr'><strong>mm</strong></span> <span class='ocrx_word' id='word_1_311' title='bbox 354 3741 382 3803; x_wconf 76' lang='lat'><strong>2.</strong></span> <span class='ocrx_word' id='word_1_312' title='bbox 406 3738 441 3800; x_wconf 92' lang='lat' dir='ltr'><strong>in</strong></span> <span class='ocrx_word' id='word_1_313' title='bbox 463 3738 541 3802; x_wconf 88' lang='lat' dir='ltr'><strong>actis</strong></span> <span class='ocrx_word' id='word_1_314' title='bbox 562 3737 709 3802; x_wconf 82' lang='lat' dir='ltr'><strong>sessionis</strong></span> <span class='ocrx_word' id='word_1_315' title='bbox 729 3736 881 3801; x_wconf 80' lang='lat' dir='ltr'><strong>ascaridae</strong></span> <span class='ocrx_word' id='word_1_316' title='bbox 896 3736 1022 3800; x_wconf 83' lang='lat' dir='ltr'><strong>edendis</strong></span> <span class='ocrx_word' id='word_1_317' title='bbox 1044 3741 1264 3816; x_wconf 77' lang='lat' dir='ltr'><strong>camitissam,</strong></span> <span class='ocrx_word' id='word_1_318' title='bbox 1287 3736 1565 3818; x_wconf 76' lang='lat' dir='ltr'><strong>subscriptionibus</strong></span> <span class='ocrx_word' id='word_1_319' title='bbox 1587 3737 1797 3816; x_wconf 86' lang='lat' dir='ltr'><strong>episcoporum</strong></span> <span class='ocrx_word' id='word_1_320' title='bbox 1819 3733 1883 3817; x_wconf 92' lang='lat' dir='ltr'><strong>(D)</strong></span> 
     </span>
     <span class='ocr_line' id='line_1_28' title="bbox 262 3837 1883 3924; baseline -0.001 -21"><span class='ocrx_word' id='word_1_321' title='bbox 262 3841 382 3905; x_wconf 82' lang='lat' dir='ltr'><strong>aeliacia</strong></span> <span class='ocrx_word' id='word_1_322' title='bbox 403 3845 478 3904; x_wconf 87' lang='lat' dir='ltr'><strong>sunl</strong></span> <span class='ocrx_word' id='word_1_323' title='bbox 506 3841 645 3922; x_wconf 72' lang='lat' dir='ltr'><strong>capitella</strong></span> <span class='ocrx_word' id='word_1_324' title='bbox 670 3839 787 3904; x_wconf 76' lang='lat' dir='ltr'><strong>Orionis</strong></span> <span class='ocrx_word' id='word_1_325' title='bbox 809 3841 883 3922; x_wconf 83' lang='lat' dir='ltr'><strong>(G),</strong></span> <span class='ocrx_word' id='word_1_326' title='bbox 914 3840 1037 3904; x_wconf 91' lang='lat' dir='ltr'><strong>libellus</strong></span> <span class='ocrx_word' id='word_1_327' title='bbox 1060 3840 1129 3923; x_wconf 82' lang='lat' dir='ltr'><strong>(E),</strong></span> <span class='ocrx_word' id='word_1_328' title='bbox 1160 3859 1327 3904; x_wconf 71' lang='lat' dir='ltr'><strong>eonsensum</strong></span> <span class='ocrx_word' id='word_1_329' title='bbox 1348 3838 1464 3904; x_wconf 87' lang='lat' dir='ltr'><strong>Leonis</strong></span> <span class='ocrx_word' id='word_1_330' title='bbox 1485 3839 1560 3922; x_wconf 89' lang='lat' dir='ltr'><em>(H),</em></span> <span class='ocrx_word' id='word_1_331' title='bbox 1591 3841 1802 3903; x_wconf 89' lang='lat' dir='ltr'><strong>iuramentum</strong></span> <span class='ocrx_word' id='word_1_332' title='bbox 1824 3837 1883 3924; x_wconf 88' lang='lat' dir='ltr'><strong>(O)</strong></span> 
     </span>
     <span class='ocr_line' id='line_1_29' title="bbox 262 3943 1883 4029; baseline -0.001 -23"><span class='ocrx_word' id='word_1_333' title='bbox 262 3948 356 4008; x_wconf 87' lang='lat' dir='ltr'><strong>antea</strong></span> <span class='ocrx_word' id='word_1_334' title='bbox 382 3944 544 4022; x_wconf 72' lang='lat' dir='ltr'><strong>amissum·</strong></span> <span class='ocrx_word' id='word_1_335' title='bbox 573 3945 607 4006; x_wconf 91' lang='lat' dir='ltr'><strong>in</strong></span> <span class='ocrx_word' id='word_1_336' title='bbox 632 3947 734 4006; x_wconf 87' lang='grc'>3-5.</span> <span class='ocrx_word' id='word_1_337' title='bbox 759 3945 968 4008; x_wconf 79' lang='lat' dir='ltr'><strong>iuramentum</strong></span> <span class='ocrx_word' id='word_1_338' title='bbox 989 3943 1048 4026; x_wconf 85' lang='lat' dir='ltr'><strong>(O)</strong></span> <span class='ocrx_word' id='word_1_339' title='bbox 1076 3948 1104 4007; x_wconf 88' lang='lat' dir='ltr'><strong>cl</strong></span> <span class='ocrx_word' id='word_1_340' title='bbox 1130 3943 1254 4008; x_wconf 90' lang='lat' dir='ltr'><strong>libellus</strong></span> <span class='ocrx_word' id='word_1_341' title='bbox 1277 3943 1340 4029; x_wconf 84' lang='lat' dir='ltr'><strong>(E)</strong></span> <span class='ocrx_word' id='word_1_342' title='bbox 1362 3943 1555 4024; x_wconf 87' lang='lat' dir='ltr'><strong>praecedunt</strong></span> <span class='ocrx_word' id='word_1_343' title='bbox 1575 3943 1749 4008; x_wconf 84' lang='lat' dir='ltr'><strong>electionem</strong></span> <span class='ocrx_word' id='word_1_344' title='bbox 1770 3943 1833 4024; x_wconf 80' lang='lat' dir='ltr'><strong>(A)</strong></span> <span class='ocrx_word' id='word_1_345' title='bbox 1855 3947 1883 4005; x_wconf 90' lang='lat' dir='ltr'><strong>el</strong></span> 
     </span>
     <span class='ocr_line' id='line_1_30' title="bbox 263 4045 1883 4130; baseline -0.002 -19"><span class='ocrx_word' id='word_1_346' title='bbox 263 4048 401 4128; x_wconf 76' lang='lat' dir='ltr'><strong>capitiis</strong></span> <span class='ocrx_word' id='word_1_347' title='bbox 417 4045 490 4130; x_wconf 84' lang='lat' dir='ltr'><strong>(D),</strong></span> <span class='ocrx_word' id='word_1_348' title='bbox 512 4047 624 4128; x_wconf 80' lang='lat' dir='ltr'><strong>quibus</strong></span> <span class='ocrx_word' id='word_1_349' title='bbox 641 4053 669 4111; x_wconf 89' lang='lat'><strong>5.</strong></span> <span class='ocrx_word' id='word_1_350' title='bbox 685 4069 780 4129; x_wconf 77' lang='lat' dir='ltr'><strong>ecana</strong></span> <span class='ocrx_word' id='word_1_351' title='bbox 796 4067 833 4112; x_wconf 90' lang='lat' dir='ltr'><strong>aa</strong></span> <span class='ocrx_word' id='word_1_352' title='bbox 848 4050 877 4112; x_wconf 84' lang='lat'><strong>8.</strong></span> <span class='ocrx_word' id='word_1_353' title='bbox 893 4047 1103 4128; x_wconf 76' lang='lat' dir='ltr'><strong>definitionem</strong></span> <span class='ocrx_word' id='word_1_354' title='bbox 1118 4047 1155 4111; x_wconf 84' lang='lat' dir='ltr'><strong>de</strong></span> <span class='ocrx_word' id='word_1_355' title='bbox 1170 4047 1359 4129; x_wconf 79' lang='lat' dir='ltr'><strong>Adalqanelo</strong></span> <span class='ocrx_word' id='word_1_356' title='bbox 1375 4048 1436 4128; x_wconf 86' lang='lat' dir='ltr'><strong>(F)</strong></span> <span class='ocrx_word' id='word_1_357' title='bbox 1451 4051 1480 4110; x_wconf 88' lang='lat' dir='ltr'><strong>el</strong></span> <span class='ocrx_word' id='word_1_358' title='bbox 1494 4065 1674 4112; x_wconf 89' lang='lat' dir='ltr'><strong>eonsensum</strong></span> <span class='ocrx_word' id='word_1_359' title='bbox 1689 4046 1805 4110; x_wconf 86' lang='lat' dir='ltr'><strong>Leonis</strong></span> <span class='ocrx_word' id='word_1_360' title='bbox 1819 4045 1883 4129; x_wconf 90' lang='lat' dir='ltr'><strong>(H)</strong></span> 
     </span>
     <span class='ocr_line' id='line_1_31' title="bbox 221 4138 1884 4233; baseline 0 -21"><span class='ocrx_word' id='word_1_361' title='bbox 221 4172 247 4211; x_wconf 83' lang='lat' dir='ltr'><strong>so</strong></span> <span class='ocrx_word' id='word_1_362' title='bbox 263 4151 360 4216; x_wconf 79' lang='lat' dir='ltr'><strong>addit.</strong></span> <span class='ocrx_word' id='word_1_363' title='bbox 407 4153 473 4233; x_wconf 79' lang='lat' dir='ltr'><strong>Qua</strong></span> <span class='ocrx_word' id='word_1_364' title='bbox 495 4172 565 4216; x_wconf 88' lang='lat' dir='ltr'><strong>aero</strong></span> <span class='ocrx_word' id='word_1_365' title='bbox 586 4151 674 4216; x_wconf 76' lang='lat' dir='ltr'><strong>inodo</strong></span> <span class='ocrx_word' id='word_1_366' title='bbox 688 4138 824 4233; x_wconf 80' lang='lat' dir='ltr'><strong>synodus</strong></span> <span class='ocrx_word' id='word_1_367' title='bbox 846 4170 880 4214; x_wconf 88' lang='lat' dir='ltr'><strong>rc</strong></span> <span class='ocrx_word' id='word_1_368' title='bbox 901 4171 974 4215; x_wconf 90' lang='lat' dir='ltr'><strong>aera</strong></span> <span class='ocrx_word' id='word_1_369' title='bbox 991 4152 1185 4231; x_wconf 86' lang='lat' dir='ltr'><strong>processerit,</strong></span> <span class='ocrx_word' id='word_1_370' title='bbox 1208 4171 1276 4215; x_wconf 79' lang='lat' dir='ltr'><strong>cana</strong></span> <span class='ocrx_word' id='word_1_371' title='bbox 1298 4172 1336 4214; x_wconf 83' lang='lat' dir='ltr'><strong>en</strong></span> <span class='ocrx_word' id='word_1_372' title='bbox 1351 4151 1431 4216; x_wconf 86' lang='lat' dir='ltr'><strong>actis</strong></span> <span class='ocrx_word' id='word_1_373' title='bbox 1449 4151 1537 4232; x_wconf 86' lang='lat' dir='ltr'><strong>ipsis,</strong></span> <span class='ocrx_word' id='word_1_374' title='bbox 1560 4155 1625 4214; x_wconf 84' lang='lat' dir='ltr'><strong>turn</strong></span> <span class='ocrx_word' id='word_1_375' title='bbox 1646 4171 1686 4214; x_wconf 82' lang='lat' dir='ltr'><strong>en</strong></span> <span class='ocrx_word' id='word_1_376' title='bbox 1700 4149 1884 4214; x_wconf 81' lang='lat' dir='ltr'><strong>Annalibus</strong></span> 
     </span>
     <span class='ocr_line' id='line_1_32' title="bbox 265 4254 1253 4338; baseline 0.001 -20"><span class='ocrx_word' id='word_1_377' title='bbox 265 4255 388 4318; x_wconf 86' lang='lat' dir='ltr'><strong>Berlin.</strong></span> <span class='ocrx_word' id='word_1_378' title='bbox 411 4254 453 4318; x_wconf 83' lang='lat' dir='ltr'><strong>ad</strong></span> <span class='ocrx_word' id='word_1_379' title='bbox 475 4277 505 4319; x_wconf 89' lang='lat' dir='ltr'><strong>a.</strong></span> <span class='ocrx_word' id='word_1_380' title='bbox 523 4257 594 4332; x_wconf 80' lang='lat'><strong>876,</strong></span> <span class='ocrx_word' id='word_1_381' title='bbox 616 4254 997 4334; x_wconf 77' lang='lat' dir='ltr'><strong>ed.Waiiap.12tlsqq.,</strong></span> <span class='ocrx_word' id='word_1_382' title='bbox 1014 4254 1153 4338; x_wconf 84' lang='lat' dir='ltr'><strong>perspici</strong></span> <span class='ocrx_word' id='word_1_383' title='bbox 1175 4254 1253 4319; x_wconf 79' lang='lat' dir='ltr'><strong>licei.</strong></span> 
     </span>
    </p>

    <p class='ocr_par' dir='ltr' id='par_1_8' title="bbox 264 4357 1885 4654">
     <span class='ocr_line' id='line_1_33' title="bbox 370 4357 1885 4437; baseline -0.001 -15"><span class='ocrx_word' id='word_1_384' title='bbox 370 4358 512 4423; x_wconf 81' lang='lat' dir='ltr'><strong>Karalus</strong></span> <span class='ocrx_word' id='word_1_385' title='bbox 531 4358 648 4424; x_wconf 80' lang='lat' dir='ltr'><strong>Calmes</strong></span> <span class='ocrx_word' id='word_1_386' title='bbox 664 4357 781 4422; x_wconf 74' lang='lat' dir='ltr'><strong>Bonam</strong></span> <span class='ocrx_word' id='word_1_387' title='bbox 803 4358 973 4437; x_wconf 88' lang='lat' dir='ltr'><strong>imperator</strong></span> <span class='ocrx_word' id='word_1_388' title='bbox 994 4357 1106 4422; x_wconf 85' lang='lat' dir='ltr'><strong>electus</strong></span> <span class='ocrx_word' id='word_1_389' title='bbox 1127 4378 1166 4421; x_wconf 83' lang='lat' dir='ltr'><strong>en</strong></span> <span class='ocrx_word' id='word_1_390' title='bbox 1185 4358 1286 4422; x_wconf 88' lang='lat' dir='ltr'><strong>Italia</strong></span> <span class='ocrx_word' id='word_1_391' title='bbox 1308 4377 1450 4423; x_wconf 86' lang='lat' dir='ltr'><strong>reversus</strong></span> <span class='ocrx_word' id='word_1_392' title='bbox 1471 4358 1515 4422; x_wconf 77' lang='lat' dir='ltr'><strong>acl</strong></span> <span class='ocrx_word' id='word_1_393' title='bbox 1536 4357 1758 4422; x_wconf 41' lang='lat' dir='ltr'><strong>vrraonastcrium</strong></span> <span class='ocrx_word' id='word_1_394' title='bbox 1773 4357 1885 4422; x_wconf 80' lang='lat' dir='ltr'><strong>Sancti</strong></span> 
     </span>
     <span class='ocr_line' id='line_1_34' title="bbox 264 4461 1882 4549; baseline 0 -23"><span class='ocrx_word' id='word_1_395' title='bbox 264 4461 414 4546; x_wconf 74' lang='lat' dir='ltr'><strong>Dionysii</strong></span> <span class='ocrx_word' id='word_1_396' title='bbox 435 4465 617 4529; x_wconf 82' lang='lat' dir='ltr'><strong>accersiens</strong></span> <span class='ocrx_word' id='word_1_397' title='bbox 640 4464 767 4549; x_wconf 84' lang='lat' dir='ltr'><strong>legatos</strong></span> <span class='ocrx_word' id='word_1_398' title='bbox 791 4462 961 4548; x_wconf 86' lang='lat' dir='ltr'><strong>apostolici</strong></span> <span class='ocrx_word' id='word_1_399' title='bbox 978 4461 1158 4527; x_wconf 89' lang='lat' dir='ltr'><strong>Iohannem</strong></span> <span class='ocrx_word' id='word_1_400' title='bbox 1176 4461 1443 4528; x_wconf 81' lang='lat' dir='ltr'><strong>Tusehanensem</strong></span> <span class='ocrx_word' id='word_1_401' title='bbox 1468 4469 1501 4526; x_wconf 89' lang='lat' dir='ltr'><strong>et</strong></span> <span class='ocrx_word' id='word_1_402' title='bbox 1524 4461 1703 4526; x_wconf 91' lang='lat' dir='ltr'><strong>Iohannem</strong></span> <span class='ocrx_word' id='word_1_403' title='bbox 1720 4461 1882 4526; x_wconf 87' lang='lat' dir='ltr'><strong>Aritinum</strong></span> 
     </span>
     <span class='ocr_line' id='line_1_35' title="bbox 265 4549 1883 4654; baseline 0 -24"><span class='ocrx_word' id='word_1_404' title='bbox 265 4573 361 4653; x_wconf 88' lang='lat' dir='ltr'><strong>atque</strong></span> <span class='ocrx_word' id='word_1_405' title='bbox 385 4569 575 4654; x_wconf 80' lang='lat' dir='ltr'><strong>Ansigisum</strong></span> <span class='ocrx_word' id='word_1_406' title='bbox 599 4567 794 4646; x_wconf 87' lang='lat' dir='ltr'><strong>Senensem‚</strong></span> <span class='ocrx_word' id='word_1_407' title='bbox 819 4565 976 4651; x_wconf 88' lang='lat' dir='ltr'><strong>synodum</strong></span> <span class='ocrx_word' id='word_1_408' title='bbox 1000 4549 1193 4630; x_wconf 83' lang='lat' dir='ltr'><strong>aucioritate</strong></span> <span class='ocrx_word' id='word_1_409' title='bbox 1217 4566 1398 4651; x_wconf 88' lang='lat' dir='ltr'><strong>apostolica</strong></span> <span class='ocrx_word' id='word_1_410' title='bbox 1421 4573 1454 4630; x_wconf 89' lang='lat' dir='ltr'><strong>et</strong></span> <span class='ocrx_word' id='word_1_411' title='bbox 1477 4564 1604 4629; x_wconf 88' lang='lat' dir='ltr'><strong>illorum</strong></span> <span class='ocrx_word' id='word_1_412' title='bbox 1627 4565 1761 4630; x_wconf 90' lang='lat' dir='ltr'><strong>consilio</strong></span> <span class='ocrx_word' id='word_1_413' title='bbox 1786 4572 1883 4652; x_wconf 87' lang='lat' dir='ltr'><strong>atque</strong></span> 
     </span>
    </p>

    <p class='ocr_par' dir='ltr' id='par_1_9' title="bbox 223 4667 1885 5171">
     <span class='ocr_line' id='line_1_36' title="bbox 223 4667 1885 4754; baseline -0.001 -21"><span class='ocrx_word' id='word_1_414' title='bbox 223 4695 248 4733; x_wconf 83' lang='lat' dir='ltr'><strong>u</strong></span> <span class='ocrx_word' id='word_1_415' title='bbox 267 4673 430 4736; x_wconf 86' lang='lat' dir='ltr'><strong>sanctione</strong></span> <span class='ocrx_word' id='word_1_416' title='bbox 455 4693 515 4736; x_wconf 88' lang='lat' dir='ltr'><strong>sua</strong></span> <span class='ocrx_word' id='word_1_417' title='bbox 529 4670 647 4736; x_wconf 81' lang='lat' dir='ltr'><strong>indixit</strong></span> <span class='ocrx_word' id='word_1_418' title='bbox 662 4669 769 4735; x_wconf 88' lang='lat' dir='ltr'><strong>medio</strong></span> <span class='ocrx_word' id='word_1_419' title='bbox 784 4671 893 4734; x_wconf 84' lang='lat' dir='ltr'><strong>futuro</strong></span> <span class='ocrx_word' id='word_1_420' title='bbox 910 4690 1023 4734; x_wconf 88' lang='lat' dir='ltr'><strong>mense</strong></span> <span class='ocrx_word' id='word_1_421' title='bbox 1039 4668 1122 4734; x_wconf 92' lang='lat' dir='ltr'><strong>Iulio</strong></span> <span class='ocrx_word' id='word_1_422' title='bbox 1139 4668 1223 4754; x_wconf 88' lang='lat' dir='ltr'><strong>apud</strong></span> <span class='ocrx_word' id='word_1_423' title='bbox 1240 4668 1456 4753; x_wconf 87' lang='lat' dir='ltr'><strong>Pontigonem</strong></span> <span class='ocrx_word' id='word_1_424' title='bbox 1480 4669 1582 4750; x_wconf 86' lang='lat' dir='ltr'><strong>(Anu.</strong></span> <span class='ocrx_word' id='word_1_425' title='bbox 1599 4668 1751 4748; x_wconf 70' lang='lat' dir='ltr'><strong>Berlin).</strong></span> <span class='ocrx_word' id='word_1_426' title='bbox 1795 4667 1885 4732; x_wconf 88' lang='lat' dir='ltr'><strong>Pasi-</strong></span> 
     </span>
     <span class='ocr_line' id='line_1_37' title="bbox 264 4771 1885 4859; baseline -0.002 -20"><span class='ocrx_word' id='word_1_427' title='bbox 264 4795 357 4855; x_wconf 82' lang='lat' dir='ltr'><strong>quam</strong></span> <span class='ocrx_word' id='word_1_428' title='bbox 376 4774 426 4838; x_wconf 80' lang='lat' dir='ltr'><strong>elie</strong></span> <span class='ocrx_word' id='word_1_429' title='bbox 449 4778 501 4840; x_wconf 82' lang='lat'><strong>21.</strong></span> <span class='ocrx_word' id='word_1_430' title='bbox 524 4797 563 4841; x_wconf 91' lang='lat' dir='ltr'><strong>m.</strong></span> <span class='ocrx_word' id='word_1_431' title='bbox 587 4775 662 4840; x_wconf 86' lang='lat' dir='ltr'><strong>Iun.</strong></span> <span class='ocrx_word' id='word_1_432' title='bbox 685 4773 802 4859; x_wconf 81' lang='lat' dir='ltr'><strong>synoda</strong></span> <span class='ocrx_word' id='word_1_433' title='bbox 823 4777 1006 4856; x_wconf 75' lang='lat' dir='ltr'><strong>conprepaia</strong></span> <span class='ocrx_word' id='word_1_434' title='bbox 1029 4773 1066 4838; x_wconf 76' lang='lat' dir='ltr'><strong>aa</strong></span> <span class='ocrx_word' id='word_1_435' title='bbox 1082 4774 1227 4853; x_wconf 86' lang='lat' dir='ltr'><strong>primatu</strong></span> <span class='ocrx_word' id='word_1_436' title='bbox 1242 4773 1391 4855; x_wconf 77' lang='lat' dir='ltr'><strong>Ansepisi</strong></span> <span class='ocrx_word' id='word_1_437' title='bbox 1405 4775 1507 4837; x_wconf 89' lang='lat' dir='ltr'><strong>actam</strong></span> <span class='ocrx_word' id='word_1_438' title='bbox 1530 4777 1583 4850; x_wconf 91' lang='lat' dir='ltr'><strong>est,</strong></span> <span class='ocrx_word' id='word_1_439' title='bbox 1606 4793 1668 4854; x_wconf 76' lang='lat' dir='ltr'><strong>aaa</strong></span> <span class='ocrx_word' id='word_1_440' title='bbox 1690 4773 1727 4838; x_wconf 84' lang='lat' dir='ltr'><strong>dc</strong></span> <span class='ocrx_word' id='word_1_441' title='bbox 1749 4795 1782 4837; x_wconf 85' lang='lat' dir='ltr'><strong>re</strong></span> <span class='ocrx_word' id='word_1_442' title='bbox 1802 4771 1885 4836; x_wconf 76' lang='lat' dir='ltr'><strong>nillil</strong></span> 
     </span>
     <span class='ocr_line' id='line_1_38' title="bbox 264 4875 1883 4955; baseline -0.001 -14"><span class='ocrx_word' id='word_1_443' title='bbox 264 4881 365 4944; x_wconf 78' lang='lat' dir='ltr'><strong>exstat</strong></span> <span class='ocrx_word' id='word_1_444' title='bbox 386 4878 451 4941; x_wconf 89' lang='lat' dir='ltr'><strong>nisi</strong></span> <span class='ocrx_word' id='word_1_445' title='bbox 473 4879 584 4942; x_wconf 87' lang='lat' dir='ltr'><strong>relatio</strong></span> <span class='ocrx_word' id='word_1_446' title='bbox 605 4879 663 4942; x_wconf 89' lang='lat' dir='ltr'><strong>illa</strong></span> <span class='ocrx_word' id='word_1_447' title='bbox 687 4877 880 4955; x_wconf 83' lang='lat' dir='ltr'><strong>Annalium,</strong></span> <span class='ocrx_word' id='word_1_448' title='bbox 904 4876 1039 4941; x_wconf 78' lang='lat' dir='ltr'><strong>scalaria</strong></span> <span class='ocrx_word' id='word_1_449' title='bbox 1061 4877 1156 4940; x_wconf 87' lang='lat' dir='ltr'><strong>sessio</strong></span> <span class='ocrx_word' id='word_1_450' title='bbox 1178 4875 1228 4939; x_wconf 82' lang='lat' dir='ltr'><strong>die</strong></span> <span class='ocrx_word' id='word_1_451' title='bbox 1251 4878 1301 4940; x_wconf 87' lang='lat'><strong>30.</strong></span> <span class='ocrx_word' id='word_1_452' title='bbox 1325 4875 1460 4940; x_wconf 85' lang='lat' dir='ltr'><strong>eiusdem</strong></span> <span class='ocrx_word' id='word_1_453' title='bbox 1483 4876 1596 4940; x_wconf 76' lang='lat' dir='ltr'><strong>iriensis</strong></span> <span class='ocrx_word' id='word_1_454' title='bbox 1618 4876 1725 4941; x_wconf 90' lang='lat' dir='ltr'><strong>babila</strong></span> <span class='ocrx_word' id='word_1_455' title='bbox 1747 4881 1801 4944; x_wconf 87' lang='lat' dir='ltr'><strong>cst.</strong></span> <span class='ocrx_word' id='word_1_456' title='bbox 1845 4877 1883 4940; x_wconf 91' lang='lat' dir='ltr'><strong>In</strong></span> 
     </span>
     <span class='ocr_line' id='line_1_39' title="bbox 265 4978 1885 5066; baseline -0.001 -21"><span class='ocrx_word' id='word_1_457' title='bbox 265 5002 327 5066; x_wconf 91' lang='lat' dir='ltr'><strong>quo</strong></span> <span class='ocrx_word' id='word_1_458' title='bbox 345 4988 507 5046; x_wconf 86' lang='lat' dir='ltr'><strong>conventu</strong></span> <span class='ocrx_word' id='word_1_459' title='bbox 531 5030 538 5045; x_wconf 92' lang='lat'><strong>.</strong></span> <span class='ocrx_word' id='word_1_460' title='bbox 556 5030 563 5045; x_wconf 93' lang='lat'>.</span> <span class='ocrx_word' id='word_1_461' title='bbox 581 5031 588 5044; x_wconf 92' lang='lat'><strong>.</strong></span> <span class='ocrx_word' id='word_1_462' title='bbox 614 4983 699 5046; x_wconf 86' lang='lat' dir='ltr'><strong>lecta</strong></span> <span class='ocrx_word' id='word_1_463' title='bbox 717 4988 750 5045; x_wconf 93' lang='lat' dir='ltr'><strong>et</strong></span> <span class='ocrx_word' id='word_1_464' title='bbox 766 4981 882 5046; x_wconf 87' lang='lat' dir='ltr'><strong>electio</strong></span> <span class='ocrx_word' id='word_1_465' title='bbox 898 4979 1006 5045; x_wconf 91' lang='lat' dir='ltr'><strong>domni</strong></span> <span class='ocrx_word' id='word_1_466' title='bbox 1024 4980 1230 5065; x_wconf 88' lang='lat' dir='ltr'><strong>imperatoris</strong></span> <span class='ocrx_word' id='word_1_467' title='bbox 1247 4978 1288 5043; x_wconf 89' lang='lat' dir='ltr'><strong>ab</strong></span> <span class='ocrx_word' id='word_1_468' title='bbox 1306 4979 1467 5064; x_wconf 90' lang='lat' dir='ltr'><strong>episeopis</strong></span> <span class='ocrx_word' id='word_1_469' title='bbox 1485 4985 1518 5042; x_wconf 93' lang='lat' dir='ltr'><strong>et</strong></span> <span class='ocrx_word' id='word_1_470' title='bbox 1534 4980 1652 5042; x_wconf 88' lang='lat' dir='ltr'><strong>ceteris</strong></span> <span class='ocrx_word' id='word_1_471' title='bbox 1669 4979 1776 5043; x_wconf 86' lang='lat' dir='ltr'><strong>Italici</strong></span> <span class='ocrx_word' id='word_1_472' title='bbox 1793 4981 1885 5063; x_wconf 89' lang='lat' dir='ltr'><strong>regni</strong></span> 
     </span>
     <span class='ocr_line' id='line_1_40' title="bbox 265 5081 1884 5171; baseline -0.001 -23"><span class='ocrx_word' id='word_1_473' title='bbox 265 5085 401 5164; x_wconf 78' lang='lat' dir='ltr'><strong>innata,</strong></span> <span class='ocrx_word' id='word_1_474' title='bbox 424 5085 482 5150; x_wconf 89' lang='lat' dir='ltr'><strong>sed</strong></span> <span class='ocrx_word' id='word_1_475' title='bbox 506 5094 540 5149; x_wconf 92' lang='lat' dir='ltr'><strong>et</strong></span> <span class='ocrx_word' id='word_1_476' title='bbox 563 5086 705 5170; x_wconf 87' lang='lat' dir='ltr'><strong>capitula</strong></span> <span class='ocrx_word' id='word_1_477' title='bbox 728 5106 811 5171; x_wconf 88' lang='lat' dir='ltr'><strong>quae</strong></span> <span class='ocrx_word' id='word_1_478' title='bbox 835 5085 867 5148; x_wconf 93' lang='lat' dir='ltr'><strong>in</strong></span> <span class='ocrx_word' id='word_1_479' title='bbox 890 5085 1011 5169; x_wconf 84' lang='lat' dir='ltr'><strong>palatio</strong></span> <span class='ocrx_word' id='word_1_480' title='bbox 1035 5083 1202 5147; x_wconf 84' lang='lat' dir='ltr'><strong>Ticinensi</strong></span> <span class='ocrx_word' id='word_1_481' title='bbox 1227 5083 1393 5146; x_wconf 88' lang='lat' dir='ltr'><strong>constituit</strong></span> <span class='ocrx_word' id='word_1_482' title='bbox 1417 5090 1450 5146; x_wconf 95' lang='lat' dir='ltr'><strong>et</strong></span> <span class='ocrx_word' id='word_1_483' title='bbox 1472 5081 1513 5146; x_wconf 87' lang='lat' dir='ltr'><strong>ab</strong></span> <span class='ocrx_word' id='word_1_484' title='bbox 1536 5082 1686 5146; x_wconf 90' lang='lat' dir='ltr'><strong>omnibus</strong></span> <span class='ocrx_word' id='word_1_485' title='bbox 1703 5083 1884 5147; x_wconf 86' lang='lat' dir='ltr'><strong>confirmari</strong></span> 
     </span>
    </p>

    <p class='ocr_par' dir='ltr' id='par_1_10' title="bbox 223 5184 1887 5683">
     <span class='ocr_line' id='line_1_41' title="bbox 223 5184 1886 5275; baseline -0.002 -23"><span class='ocrx_word' id='word_1_486' title='bbox 223 5215 248 5253; x_wconf 84' lang='lat' dir='ltr'><strong>a</strong></span> <span class='ocrx_word' id='word_1_487' title='bbox 265 5190 440 5274; x_wconf 84' lang='lat' dir='ltr'><strong>praecepit,</strong></span> <span class='ocrx_word' id='word_1_488' title='bbox 458 5209 541 5274; x_wconf 88' lang='lat' dir='ltr'><strong>quae</strong></span> <span class='ocrx_word' id='word_1_489' title='bbox 557 5195 590 5254; x_wconf 87' lang='lat' dir='ltr'><strong>et</strong></span> <span class='ocrx_word' id='word_1_490' title='bbox 606 5190 770 5275; x_wconf 87' lang='lat' dir='ltr'><strong>episeopis</strong></span> <span class='ocrx_word' id='word_1_491' title='bbox 788 5187 961 5272; x_wconf 82' lang='lat' dir='ltr'><strong>Cisalpinis</strong></span> <span class='ocrx_word' id='word_1_492' title='bbox 978 5189 1146 5273; x_wconf 90' lang='lat' dir='ltr'><strong>praecepit</strong></span> <span class='ocrx_word' id='word_1_493' title='bbox 1162 5186 1343 5251; x_wconf 85' lang='lat' dir='ltr'><strong>confirmari</strong></span> <span class='ocrx_word' id='word_1_494' title='bbox 1358 5186 1462 5267; x_wconf 83' lang='lat' dir='ltr'><strong>(Anu.</strong></span> <span class='ocrx_word' id='word_1_495' title='bbox 1477 5184 1630 5266; x_wconf 85' lang='lat' dir='ltr'><strong>Berlin.)</strong></span> <span class='ocrx_word' id='word_1_496' title='bbox 1669 5186 1755 5266; x_wconf 74' lang='lat' dir='ltr'><strong>Quae</strong></span> <span class='ocrx_word' id='word_1_497' title='bbox 1770 5187 1886 5264; x_wconf 86' lang='lat' dir='ltr'><strong>omnia,</strong></span> 
     </span>
     <span class='ocr_line' id='line_1_42' title="bbox 266 5288 1887 5374; baseline -0.003 -17"><span class='ocrx_word' id='word_1_498' title='bbox 266 5311 454 5373; x_wconf 79' lang='lat' dir='ltr'><strong>quamquam</strong></span> <span class='ocrx_word' id='word_1_499' title='bbox 475 5290 642 5356; x_wconf 88' lang='lat' dir='ltr'><strong>secundum</strong></span> <span class='ocrx_word' id='word_1_500' title='bbox 666 5291 876 5356; x_wconf 86' lang='lat' dir='ltr'><strong>Hincmarnm</strong></span> <span class='ocrx_word' id='word_1_501' title='bbox 899 5290 963 5353; x_wconf 91' lang='lat' dir='ltr'><strong>iam</strong></span> <span class='ocrx_word' id='word_1_502' title='bbox 984 5289 1034 5354; x_wconf 84' lang='lat' dir='ltr'><strong>die</strong></span> <span class='ocrx_word' id='word_1_503' title='bbox 1057 5293 1109 5353; x_wconf 80' lang='lat'><strong>21.</strong></span> <span class='ocrx_word' id='word_1_504' title='bbox 1127 5288 1219 5374; x_wconf 83' lang='lat' dir='ltr'><strong>faeta</strong></span> <span class='ocrx_word' id='word_1_505' title='bbox 1241 5293 1324 5365; x_wconf 77' lang='lat' dir='ltr'><strong>surii,</strong></span> <span class='ocrx_word' id='word_1_506' title='bbox 1347 5293 1460 5365; x_wconf 85' lang='lat' dir='ltr'><strong>tamen,</strong></span> <span class='ocrx_word' id='word_1_507' title='bbox 1482 5308 1550 5352; x_wconf 79' lang='lat' dir='ltr'><strong>arm</strong></span> <span class='ocrx_word' id='word_1_508' title='bbox 1573 5289 1684 5368; x_wconf 77' lang='lat' dir='ltr'><strong>optim</strong></span> <span class='ocrx_word' id='word_1_509' title='bbox 1705 5289 1887 5354; x_wconf 75' lang='lat' dir='ltr'><strong>emundent</strong></span> 
     </span>
     <span class='ocr_line' id='line_1_43' title="bbox 265 5392 1887 5476; baseline -0.001 -19"><span class='ocrx_word' id='word_1_510' title='bbox 265 5415 332 5458; x_wconf 80' lang='lat' dir='ltr'><strong>eune</strong></span> <span class='ocrx_word' id='word_1_511' title='bbox 354 5395 429 5473; x_wconf 89' lang='lat' dir='ltr'><strong>illis,</strong></span> <span class='ocrx_word' id='word_1_512' title='bbox 451 5415 530 5476; x_wconf 85' lang='lat' dir='ltr'><strong>quac</strong></span> <span class='ocrx_word' id='word_1_513' title='bbox 554 5396 693 5476; x_wconf 86' lang='lat' dir='ltr'><strong>capitula</strong></span> <span class='ocrx_word' id='word_1_514' title='bbox 708 5395 864 5460; x_wconf 85' lang='lat' dir='ltr'><strong>electionis</strong></span> <span class='ocrx_word' id='word_1_515' title='bbox 884 5394 974 5458; x_wconf 68' lang='lat' dir='ltr'><strong>rioms</strong></span> <span class='ocrx_word' id='word_1_516' title='bbox 989 5394 1128 5472; x_wconf 85' lang='lat' dir='ltr'><strong>tradunt,</strong></span> <span class='ocrx_word' id='word_1_517' title='bbox 1151 5413 1278 5474; x_wconf 74' lang='lat' dir='ltr'><strong>meniana</strong></span> <span class='ocrx_word' id='word_1_518' title='bbox 1301 5393 1374 5456; x_wconf 88' lang='lat' dir='ltr'><strong>baec</strong></span> <span class='ocrx_word' id='word_1_519' title='bbox 1395 5393 1475 5456; x_wconf 87' lang='lat' dir='ltr'><strong>diem</strong></span> <span class='ocrx_word' id='word_1_520' title='bbox 1499 5395 1548 5457; x_wconf 83' lang='lat'><strong>30.</strong></span> <span class='ocrx_word' id='word_1_521' title='bbox 1572 5392 1784 5472; x_wconf 66' lang='lat' dir='ltr'><strong>indicemini</strong></span> <span class='ocrx_word' id='word_1_522' title='bbox 1805 5393 1887 5457; x_wconf 89' lang='lat' dir='ltr'><strong>bunc</strong></span> 
     </span>
     <span class='ocr_line' id='line_1_44' title="bbox 265 5495 1886 5584; baseline -0.002 -23"><span class='ocrx_word' id='word_1_523' title='bbox 265 5497 345 5562; x_wconf 82' lang='lat' dir='ltr'><strong>diem</strong></span> <span class='ocrx_word' id='word_1_524' title='bbox 366 5498 530 5579; x_wconf 72' lang='lat' dir='ltr'><strong>referendo</strong></span> <span class='ocrx_word' id='word_1_525' title='bbox 551 5503 626 5562; x_wconf 88' lang='lat' dir='ltr'><strong>sunt</strong></span> <span class='ocrx_word' id='word_1_526' title='bbox 647 5498 719 5584; x_wconf 80' lang='lat' dir='ltr'><strong>(cfr.</strong></span> <span class='ocrx_word' id='word_1_527' title='bbox 743 5519 861 5580; x_wconf 72' lang='lat' dir='ltr'><strong>quaerre</strong></span> <span class='ocrx_word' id='word_1_528' title='bbox 877 5497 1050 5576; x_wconf 85' lang='lat' dir='ltr'><strong>Dilmmler,</strong></span> <span class='ocrx_word' id='word_1_529' title='bbox 1075 5495 1241 5581; x_wconf 82' lang='lat' dir='ltr'><strong>Oslfriinb.</strong></span> <span class='ocrx_word' id='word_1_530' title='bbox 1258 5495 1355 5562; x_wconf 83' lang='lat' dir='ltr'><strong>Reicb</strong></span> <span class='ocrx_word' id='word_1_531' title='bbox 1371 5496 1415 5560; x_wconf 83' lang='lat'><strong>11</strong></span> <span class='ocrx_word' id='word_1_532' title='bbox 1421 5495 1443 5574; x_wconf 75' lang='lat'><strong>²,</strong></span> <span class='ocrx_word' id='word_1_533' title='bbox 1460 5517 1494 5576; x_wconf 92' lang='lat' dir='ltr'><strong>p.</strong></span> <span class='ocrx_word' id='word_1_534' title='bbox 1512 5497 1583 5573; x_wconf 81' lang='lat'><strong>408,</strong></span> <span class='ocrx_word' id='word_1_535' title='bbox 1606 5500 1668 5562; x_wconf 89' lang='lat' dir='ltr'><strong>not.</strong></span> <span class='ocrx_word' id='word_1_536' title='bbox 1687 5499 1724 5574; x_wconf 78' lang='grc'><strong>2,·</strong></span> <span class='ocrx_word' id='word_1_537' title='bbox 1746 5496 1886 5573; x_wconf 82' lang='lat' dir='ltr'><strong>Sebriirs,</strong></span> 
     </span>
     <span class='ocr_line' id='line_1_45' title="bbox 266 5599 1887 5683; baseline -0.002 -19"><span class='ocrx_word' id='word_1_538' title='bbox 266 5599 427 5667; x_wconf 82' lang='lat' dir='ltr'><strong>Hinlcmar</strong></span> <span class='ocrx_word' id='word_1_539' title='bbox 440 5624 467 5669; x_wconf 91' lang='lat' dir='ltr'><strong>o.</strong></span> <span class='ocrx_word' id='word_1_540' title='bbox 480 5602 587 5666; x_wconf 82' lang='lat' dir='ltr'><strong>Reims</strong></span> <span class='ocrx_word' id='word_1_541' title='bbox 599 5623 630 5683; x_wconf 88' lang='lat' dir='ltr'><strong>p.</strong></span> <span class='ocrx_word' id='word_1_542' title='bbox 646 5606 723 5682; x_wconf 62' lang='lat' dir='ltr'><strong>aba·</strong></span> <span class='ocrx_word' id='word_1_543' title='bbox 745 5603 838 5666; x_wconf 86' lang='lat' dir='ltr'><strong>aliter</strong></span> <span class='ocrx_word' id='word_1_544' title='bbox 853 5624 881 5669; x_wconf 87' lang='lat' dir='ltr'><strong>a.</strong></span> <span class='ocrx_word' id='word_1_545' title='bbox 894 5602 1049 5680; x_wconf 83' lang='lat' dir='ltr'><strong>Neardea,</strong></span> <span class='ocrx_word' id='word_1_546' title='bbox 1065 5602 1225 5668; x_wconf 88' lang='lat' dir='ltr'><strong>Hinbmar</strong></span> <span class='ocrx_word' id='word_1_547' title='bbox 1240 5622 1268 5667; x_wconf 88' lang='lat' dir='ltr'><strong>e.</strong></span> <span class='ocrx_word' id='word_1_548' title='bbox 1281 5600 1389 5666; x_wconf 87' lang='lat' dir='ltr'><strong>Reims</strong></span> <span class='ocrx_word' id='word_1_549' title='bbox 1401 5622 1434 5680; x_wconf 84' lang='lat' dir='ltr'><strong>p.</strong></span> <span class='ocrx_word' id='word_1_550' title='bbox 1448 5603 1509 5666; x_wconf 85' lang='grc'><strong>318</strong></span> <span class='ocrx_word' id='word_1_551' title='bbox 1518 5604 1589 5682; x_wconf 82' lang='lat' dir='ltr'><strong>sq).</strong></span> <span class='ocrx_word' id='word_1_552' title='bbox 1626 5601 1668 5665; x_wconf 89' lang='lat' dir='ltr'><strong>In</strong></span> <span class='ocrx_word' id='word_1_553' title='bbox 1681 5600 1739 5664; x_wconf 90' lang='lat' dir='ltr'><strong>bae</strong></span> <span class='ocrx_word' id='word_1_554' title='bbox 1753 5599 1887 5663; x_wconf 87' lang='lat' dir='ltr'><strong>sessione</strong></span> 
     </span>
    </p>

    <p class='ocr_par' dir='ltr' id='par_1_11' title="bbox 225 5703 1885 5791">
     <span class='ocr_line' id='line_1_46' title="bbox 225 5703 1885 5791; baseline -0.001 -23"><span class='ocrx_word' id='word_1_555' title='bbox 225 5735 249 5774; x_wconf 80' lang='lat' dir='ltr'><strong>u</strong></span> <span class='ocrx_word' id='word_1_556' title='bbox 266 5711 366 5769; x_wconf 79' lang='lat' dir='ltr'><strong>auterre</strong></span> <span class='ocrx_word' id='word_1_557' title='bbox 389 5709 435 5770; x_wconf 88' lang='lat' dir='ltr'><strong>ila</strong></span> <span class='ocrx_word' id='word_1_558' title='bbox 450 5711 551 5770; x_wconf 76' lang='lat' dir='ltr'><strong>(tetram</strong></span> <span class='ocrx_word' id='word_1_559' title='bbox 575 5713 627 5786; x_wconf 84' lang='lat' dir='ltr'><strong>esi,</strong></span> <span class='ocrx_word' id='word_1_560' title='bbox 652 5714 687 5770; x_wconf 88' lang='lat' dir='ltr'><strong>nl</strong></span> <span class='ocrx_word' id='word_1_561' title='bbox 705 5710 845 5791; x_wconf 85' lang='lat' dir='ltr'><strong>primrnn</strong></span> <span class='ocrx_word' id='word_1_562' title='bbox 868 5708 971 5772; x_wconf 76' lang='lat' dir='ltr'><strong>electio</strong></span> <span class='ocrx_word' id='word_1_563' title='bbox 986 5709 1104 5772; x_wconf 88' lang='lat' dir='ltr'><strong>Karoli</strong></span> <span class='ocrx_word' id='word_1_564' title='bbox 1126 5709 1188 5790; x_wconf 91' lang='lat' dir='ltr'><strong>(A)</strong></span> <span class='ocrx_word' id='word_1_565' title='bbox 1204 5707 1354 5788; x_wconf 80' lang='lat' dir='ltr'><strong>leperclnr</strong></span> <span class='ocrx_word' id='word_1_566' title='bbox 1377 5704 1633 5788; x_wconf 79' lang='lat' dir='ltr'><strong>(Gloriosissimo</strong></span> <span class='ocrx_word' id='word_1_567' title='bbox 1660 5752 1715 5768; x_wconf 90' lang='lat'><strong>...</strong></span> <span class='ocrx_word' id='word_1_568' title='bbox 1739 5703 1885 5768; x_wconf 84' lang='lat' dir='ltr'><strong>Airboldi</strong></span> 
     </span>
    </p>

    <p class='ocr_par' dir='ltr' id='par_1_12' title="bbox 1628 5815 1677 5868">
     <span class='ocr_line' id='line_1_47' title="bbox 1628 5815 1677 5868; baseline 0 -24"><span class='ocrx_word' id='word_1_569' title='bbox 1628 5815 1677 5868; x_wconf 68' lang='grc'><strong>441</strong></span> 
     </span>
    </p>
   </div>
   <div class='ocr_carea' id='block_1_8' title="bbox 0 0 2297 6420">
    <p class='ocr_par' dir='ltr' id='par_1_13' title="bbox 0 0 2297 6420">
     <span class='ocr_line' id='line_1_48' title="bbox 0 0 2297 6420; baseline 0 0"><span class='ocrx_word' id='word_1_570' title='bbox 0 0 2297 6420; x_wconf 95' lang='lat' dir='ltr'><strong> </strong></span> 
     </span>
    </p>
   </div>
  </div>
 </body>
</html>
