4560 6426
383 420 627 476 carlmannum
647 421 776 480 REGUM
796 423 979 481 sannone
997 425 1262 482 ecelnun‘rnms
1280 427 1428 494 (KAROLI
1441 429 1486 500 Il).
1507 461 1537 469 -
1558 430 1678 488 Nelei.
1696 432 1756 486 258.
1817 437 1878 500 263

315 775 803 908 HLOTHARH,
843 782 1330 896 HLUDOWIOI
1361 784 1462 906 ET
1493 785 1821 896 KAROLI
1897 825 1956 878 ⁸⁵³·

262 929 731 1047 CONVENTUS
765 938 988 1048 APUD
1020 939 1420 1051 MARSNAM
1452 939 1879 1052 SECUNDUS.

931 1101 1028 1185 851.
1055 1116 1210 1186 aestate.

874 1277 950 1342 Vide
972 1298 1071 1360 snpra
1087 1299 1122 1359 p.
1141 1282 1181 1342 m
1198 1297 1265 1361 sqq.

868 1487 970 1494 ---.—-
974 1488 1276 1498 ——.——-.-—-

229 1759 241 1798 ³
400 1720 499 1825 258.
549 1717 1047 1830 OONVENTUS
1081 1718 1739 1831 SUESSIONENSIS.

903 1881 1000 1965 853.
1027 1891 1144 1983 apro.
1173 1891 1234 1965 m.

373 2039 474 2142 Quae
489 2061 663 2138 sequnntur
677 2057 817 2138 capitula
832 2057 867 2120 in
881 2057 932 2122 lars
947 2057 1047 2134 libris,
1062 2058 1222 2139 plerisque
1236 2057 1468 2142 manuscriptis,
1488 2078 1552 2124 nno
1568 2059 1723 2140 impresso,
1742 2061 1879 2122 exstant:

265 2159 294 2244 1)
310 2158 585 2244 Haop.1fol.2'l.
625 2160 659 2244 2)
676 2159 783 2225 Paris.
798 2165 880 2226 4638
898 2159 957 2245 fol.
975 2164 1044 2228 168.
1076 2160 1111 2245 3)
1126 2160 1222 2226 Vatia.
1240 2161 1421 2228 Panassa
1437 2161 1496 2247 fol.
1514 2167 1583 2227 105.
1622 2163 1657 2245 4)
1674 2162 1877 2228 Portasset

253 2262 314 2348 fol.
336 2267 407 2328 99¹.
451 2264 484 2348 5)
510 2263 608 2330 Vatia.
641 2283 702 2346 rep.
742 2263 856 2330 OEtrist.
883 2267 946 2330 980
979 2263 1040 2349 fol.
1067 2267 1139 2332 30¹.
1193 2263 1228 2348 6)
1260 2265 1369 2343 Surio,
1415 2265 1557 2331 Concilio
1580 2265 1653 2343 ΙΙΙ,
1686 2288 1721 2346 ]).
1744 2270 1877 2348 ttitlsqq.

216 2385 241 2424 ιο
260 2368 292 2454 7)
313 2367 464 2433 Valliccll.
495 2366 536 2432 N.
558 2371 596 2432 21
623 2367 679 2449 fol.
701 2371 755 2446 20,
790 2372 819 2432 et
848 2368 1063 2433 inscribantur
1093 2367 1180 2448 apnd
1210 2367 1430 2446 Sirmonctnm,
1467 2369 1574 2434 Caroli
1606 2368 1697 2435 Uellei
1730 2368 1877 2449 &epitola

254 2492 289 2552 p.
306 2475 360 2546 78,
392 2491 484 2535 amm
505 2471 604 2536 cadiae
626 2470 760 2552 quodam
788 2469 996 2535 Landnnensi
1028 2476 1057 2535 et
1087 2472 1152 2536 allo
1181 2471 1313 2552 quodam
1342 2472 1431 2536 nobis
1459 2473 1624 2554 incopnito,
1650 2470 1733 2536 bisce
1762 2472 1878 2536 verbis:

258 2573 327 2639 Ista
351 2574 495 2661 capitula
511 2575 689 2640 constituta
705 2581 779 2640 sunt
801 2597 821 2638 a
845 2574 966 2659 (coram
982 2574 1101 2658 Laud.)
1119 2574 1237 2639 damno
1255 2574 1375 2640 Karoia
1399 2577 1432 2640 in
1449 2574 1572 2662 synodo
1588 2575 1672 2662 apud
1690 2575 1877 2641 Suessionis

262 2678 426 2744 civitatem
455 2681 487 2742 in
511 2679 707 2742 monasteria
732 2678 842 2742 Sancti
871 2676 1032 2758 Medardi,
1062 2699 1146 2742 anno
1179 2679 1410 2744 incarnationis
1441 2678 1573 2744 Domini
1601 2677 1814 2758 DCOOLIII,
1845 2681 1876 2743 in

257 2803 369 2848 mense
392 2782 510 2869 Aprili.
565 2783 698 2847 Tradita
723 2786 827 2846 arctam
854 2785 928 2846 sunt
952 2781 1024 2846 inde
1052 2803 1073 2845 a
1101 2801 1125 2845 c.
1143 2785 1172 2847 6.
1203 2781 1325 2847 duabns
1358 2781 1485 2862 fornas,
1517 2803 1596 2863 qnae
1624 2783 1726 2847 altero
1752 2782 1877 2864 (littera

215 2905 239 2943 1⁵
257 2886 289 2950 A
303 2886 445 2970 sipnata)
466 2885 627 2952 cohibetur
648 2886 685 2949 in
705 2885 791 2950 codd.
819 2891 844 2951 1.
861 2890 890 2952 2.
908 2890 936 2963 7,
958 2885 994 2949 in
1016 2906 1077 2967 qno
1091 2885 1204 2950 datam
1224 2906 1248 2951 c.
1269 2892 1363 2964 1-5,
1385 2886 1487 2951 altero
1508 2887 1632 2968 (lettera
1653 2885 1687 2950 B
1708 2887 1877 2970 inscripta)

250 2990 480 3070 propositiones
501 2990 710 3070 episcoporum
726 2989 883 3070 praebens
905 2989 941 3052 in
963 2989 1046 3054 cedd.
1072 2993 1177 3055 3-6,
1202 2989 1323 3072 lapitnr.

364 3091 445 3158 &cm
466 3113 505 3158 ea
525 3092 575 3158 leis
597 3093 750 3173 caprilibus
771 3094 818 3158 oet
840 3114 879 3158 ea
900 3093 977 3173 illis,
999 3114 1079 3175 qnae
1101 3093 1168 3159 snm
1185 3094 1261 3158 loeis
1274 3095 1504 3173 annotavimus,
1526 3095 1605 3158 sotis
1619 3098 1781 3178 appareat,
1803 3116 1876 3176 qao

255 3217 331 3259 nane
352 3201 484 3277 tenpore
506 3197 552 3260 vel
574 3195 746 3278 quibusda
773 3198 876 3264 causis
898 3197 1063 3263 amentiam
1083 3197 1304 3264 suessionense
1330 3197 1469 3264 habiturn
1491 3198 1545 3275 sit,
1573 3199 1652 3262 satis
1678 3197 1800 3262 uidetur
1823 3197 1876 3262 lroe

255 3300 318 3364 loco
339 3299 453 3364 addere
474 3299 566 3364 aerbo
588 3301 758 3382 illapsae
780 3301 817 3366 de
838 3301 968 3366 concilio
990 3299 1118 3365 laudato
1135 3301 1219 3384 facit
1235 3300 1439 3367 Prudentius.
1485 3299 1596 3381 Refert
1610 3320 1681 3364 vero
1702 3301 1755 3365 illc
1769 3303 1877 3364 aneto

213 3421 238 3460 io
258 3404 291 3468 in
306 3404 394 3468 Ann.
410 3403 536 3470 Bertin.
552 3403 596 3468 acl
617 3427 647 3471 a.
666 3409 738 3484 853,
761 3405 798 3470 ed
814 3404 918 3470 Wcitc
937 3426 969 3485 p.
988 3409 1089 3486 disq„
1111 3404 1199 3470 loeo:
1222 3403 1361 3470 Karalus
1377 3426 1488 3470 mense
1504 3405 1610 3492 Aprili
1627 3404 1785 3490 synodum
1805 3406 1874 3489 epi-

169 3501 170 3506 ’
255 3528 426 3595 scoparum
449 3508 542 3572 iuxta
564 3507 679 3573 urbem
703 3507 918 3575 Suessionum
941 3510 975 3573 in
998 3509 1228 3574 monasterium
1252 3509 1365 3574 Sancti
1388 3508 1535 3574 Medardi
1559 3508 1761 3594 adgregans,
1793 3509 1874 3573 dnos

255 3612 465 3698 presbiteros,
489 3611 665 3677 monachos
689 3611 835 3678 eiusdem
859 3613 1060 3690 monasterii,
1083 3613 1154 3698 ipse
1178 3611 1301 3697 synodo
1324 3611 1526 3698 praesidens,
1550 3614 1713 3699 episcopis
1729 3612 1873 3676 iudican-

255 3715 352 3796 tibus,
376 3716 548 3802 degraderi
572 3717 660 3797 feeit,
685 3737 724 3782 eo
748 3715 833 3800 quod
851 3716 1025 3803 Pippinnm
1048 3716 1149 3781 furari
1172 3724 1205 3781 et
1228 3737 1301 3782 oum
1324 3738 1363 3781 eo
1388 3717 1420 3780 in
1437 3716 1648 3802 Aquitaniam
1671 3717 1784 3802 fugere
1808 3717 1872 3781 dis-

255 3821 454 3906 posuissent.
499 3821 671 3906 Ingmarus
696 3819 872 3886 Remorum
897 3822 1069 3907 episcopus
1093 3840 1206 3885 omnes
1230 3821 1391 3886 ecelesiae
1416 3840 1495 3885 suae
1520 3820 1735 3907 presbiteros,
1764 3821 1874 3885 diaeo-

211 3952 236 3992 n
256 3945 314 3988 nos
342 3932 375 3990 et
403 3925 629 4000 subdiaconos,
657 3943 879 4010 quoscumque
913 3923 984 3988 ebo
1013 3929 1084 4009 post
1115 3923 1354 4010 depositionem
1382 3944 1474 3988 suam
1503 3923 1723 4005 ordinaverat,
1759 3924 1873 3989 sinodo

255 4027 414 4114 deposuit.

149 4117 150 4122 ἵ
344 4118 415 4197 vEa
436 4133 515 4198 aclis
537 4131 662 4198 concilii
676 4129 911 4198 Suessionensis
932 4129 982 4196 bio
1003 4133 1033 4195 et
1048 4130 1083 4194 in
1105 4131 1244 4212 sequenti
1258 4129 1431 4210 capitulari
1446 4134 1556 4214 parles
1578 4135 1700 4198 amaa
1722 4131 1874 4213 quasdam

253 4233 382 4301 edimus.
1407 4233 1464 4315 (B.
1481 4233 1526 4298 H
1543 4239 1600 4314 495
1622 4234 1660 4299 Ρ.
1677 4240 1765 4321 416).

365 4393 469 4529 Gap·
489 4447 514 4505 1.
549 4441 723 4526 Regnante
739 4443 770 4506 in
788 4441 1022 4527 sempiternum
1039 4441 1171 4507 domino
1183 4441 1256 4508 Deo
1272 4443 1507 4523 universorum,
1523 4463 1606 4508 anno
1623 4443 1873 4509 incarnationisb

211 4571 237 4610 so
255 4547 403 4613 eiusdem
427 4545 551 4611 domini
572 4544 637 4610 Dei
660 4546 760 4610 nostri
783 4544 861 4609 Iesu
885 4542 1004 4609 Christi
1025 4544 1237 4626 noscunt,
1260 4566 1347 4610 anno
1362 4546 1460 4611 verob
1483 4547 1577 4632 regni
1600 4546 1732 4632 gloriosi
1748 4546 1872 4624 Karoli,

254 4653 310 4717 lilii
334 4651 520 4717 Hludowioi
545 4650 784 4736 religiosissimi
799 4650 943 4735 augusti,
966 4651 1063 4716 tertio
1080 4650 1216 4730 decimo,
1241 4650 1420 4716 indictione
1442 4650 1555 4736 prima,
1579 4651 1741 4736 episcopis
1765 4651 1872 4715 iuxta⁰

252 4755 400 4824 instituta
423 4765 600 4820 canonumc
623 4752 780 4838 synodum
812 4754 979 4820 celebrare
1003 4755 1206 4832 volentibus,
1238 4754 1351 4820 annuit
1377 4753 1462 4820 idern
1492 4776 1552 4820 rex
1580 4754 1723 4821 Karolus
1752 4776 1872 4841 eosque

253 4859 340 4947 apud
356 4859 471 4925 urbem
484 4858 698 4924 Suessionum
715 4858 747 4920 in
764 4858 962 4922 monasterio
980 4857 1094 4923 Sancti
1106 4858 1253 4924 Medardi
1270 4865 1303 4923 et
1319 4857 1450 4924 Sancti‘¹
1470 4857 1666 4932 Sebastiani,
1687 4858 1728 4924 X.
1747 4859 1871 4924 Kalen-

253 4961 312 5028 das
342 4961 447 5028 Maias
475 4961 647 5027 convenire
676 4961 857 5047 praecepit;
886 4958 941 5025 ubi
969 4961 1165 5046 posthabitis
1196 4960 1418 5027 saecularibus
1449 4961 1535 5026 euris
1562 4963 1634 5047 ipse
1664 4982 1791 5047 quoqne
1814 4985 1872 5027 rex

211 5089 236 5129 rs
254 5064 372 5131 adesse
402 5065 555 5151 dignatus
588 5071 653 5141 est,
691 5071 727 5129 ut
755 5085 818 5129 non
848 5065 953 5130 solum
981 5064 1155 5130 devotione
1186 5065 1347 5131 ecelesiae
1376 5087 1412 5130 re
1441 5065 1543 5129 filium
1572 5086 1645 5130 esse
1674 5065 1871 5146 ostenderet,

254 5190 365 5235 verum
390 5169 500 5250 etiam,
523 5168 628 5233 sicubi
650 5190 732 5255 opus
756 5175 853 5249 esset,
877 5174 1096 5255 protectorem
1111 5170 1205 5254 regia
1226 5175 1390 5256 potestate
1407 5176 1614 5237 monstraret.
1660 5168 1741 5234 Sum
1762 5171 1872 5258 itaque

253 5272 421 5360 praesules
444 5271 646 5338 diversarum
670 5272 893 5351 eeclesiarum,
917 5272 972 5358 pio
995 5293 1073 5357 rege
1097 5272 1200 5336 multa
1222 5272 1387 5338 humiliter
1409 5278 1443 5337 et
1465 5271 1643 5359 prudenter
1658 5281 1872 5359 proponente,

253 5382 452 5442 tractassent
474 5376 582 5463 potius
606 5374 776 5462 quaedam,
800 5396 896 5461 quam
911 5374 1118 5454 diffinissent,
1142 5373 1200 5440 VI.
1217 5374 1384 5441 Kalendas
1401 5367 1524 5440 Maias¹
1542 5375 1665 5461 synodo
1680 5378 1872 5462 praesiden-

356 5550 383 5619 α)
402 5567 449 5602 ora.
470 5548 493 5600 1.
511 5548 536 5602 2.
622 5547 651 5617 b)
670 5551 795 5602 incarnat.
878 5566 940 5602 vero
958 5567 1005 5601 om.
1025 5547 1102 5601 3-6.
1189 5549 1214 5614 e)
1234 5551 1306 5602 iuxta
1323 5567 1448 5603 canonem
1466 5549 1526 5602 3.6
1611 5551 1638 5609 dl
1659 5569 1706 5603 om.
1730 5553 1751 5605 t.
1770 5551 1795 5606 3.
1813 5553 1837 5606 6.

210 5717 237 5763 to
357 5699 709 5772 incolumissima
725 5707 830 5759 aaron
847 5701 922 5774 opud
941 5701 1036 5758 Mona
1050 5700 1135 5770 XIV,
1152 5703 1198 5758 ool
1216 5703 1333 5772 tibiura.
