4560 6426
410 439 654 494 Ch'Pl'l'ULthh
674 442 800 496 REGUM
821 443 1005 500 nanneten
1025 445 1287 501 occlnnrvvnuls
1305 447 1453 516 (KAROLI
1467 449 1511 516 ΙΙ).
1530 479 1563 487 -
1581 449 1629 503 Nr.
1641 450 1701 504 254.
1803 454 1865 515 255

350 618 376 677 l.
410 613 461 688 De
485 614 607 679 honore
632 615 780 682 videlicet
804 625 836 683 et
859 620 949 683 cultu
972 619 1034 684 Dei
1057 626 1156 705 atque
1174 627 1358 687 sanctarum
1377 623 1600 702 ecclesiarum,
1624 645 1707 708 quae
1730 631 1862 688 auctore
1882 632 1942 685 84³.

237 715 310 780 Deo
335 717 394 780 sub
419 716 545 784 dicione
570 725 602 782 et
625 720 759 785 tuitiouc
784 722 950 807 regiminis
974 724 1075 788 nostri
1093 725 1285 800 consistunt,
1310 727 1524 791 communiter
1539 726 1679 791 Domino
1697 727 1863 792 mediante

237 819 453 898 decernimus,
476 827 522 900 ut,
546 823 629 887 sicut
652 829 798 910 tempore
824 826 942 890 beatas
967 826 1200 892 recordatiouis
1225 827 1333 893 domni
1357 851 1395 894 ac
1411 829 1568 913 genitoris
1591 830 1693 894 nostri
1711 831 1863 894 excultae
1910 889 1915 909 ,

238 929 270 987 et
293 923 470 989 honoratae
493 931 590 1010 atque
613 928 711 992 rebus
736 930 910 1015 ampliatae
936 930 1082 1008 fuerunt,
1107 931 1198 995 salva
1222 933 1397 1017 aequitatis
1421 933 1546 998 ratione
1570 934 1616 997 ita
1639 939 1863 1019 permaneant,

206 1035 271 1091 set
300 1049 384 1112 quae
413 1051 432 1092 a
459 1036 571 1095 nostra
598 1032 795 1098 liberalitate
826 1032 1027 1098 honorantur
1056 1041 1154 1118 atque
1183 1034 1341 1115 ditantur,
1375 1034 1416 1100 de
1444 1043 1554 1101 cetero
1586 1037 1645 1101 sub
1677 1037 1864 1120 integritate

238 1131 287 1196 sui
310 1140 490 1210 serventur,
516 1143 550 1199 et
573 1135 759 1201 sacerdotes
783 1157 822 1200 ac
845 1137 930 1200 servi
954 1136 1016 1202 Dei
1040 1138 1185 1224 vigorem
1212 1139 1473 1204 ecclesiasticum
1500 1146 1534 1204 et
1558 1139 1670 1206 debita
1693 1140 1864 1226 privilegia

237 1236 330 1299 iuxta
345 1237 559 1302 reverendam
577 1241 803 1304 auctoritatem
828 1241 1011 1314 obtineant;
1050 1241 1175 1306 eisdem
1199 1241 1299 1307 vero‘1
1322 1243 1443 1328 regalis
1459 1249 1606 1329 potestas
1630 1251 1664 1310 et
1680 1245 1864 1308 inlustrium

237 1342 380 1406 virorum
405 1343 582 1407 strenuitas
606 1363 663 1406 seu
687 1343 888 1431 reipublicae
912 1343 1200 1425 administratores,
1227 1355 1263 1410 ut
1286 1367 1379 1410 suum
1403 1347 1617 1412 ministerium
1641 1355 1865 1434 competenter

238 1447 357 1532 exequi
381 1447 522 1525 valeant,
547 1448 580 1510 in
604 1446 753 1511 omnibus
776 1448 1015 1514 rationabiliter
1038 1455 1072 1514 et
1094 1450 1179 1514 iuste
1202 1456 1408 1515 concurrant.

195 1568 220 1607 ¹⁰
347 1552 376 1614 2.
411 1549 528 1615 Honor
551 1551 648 1616 etiam
673 1550 782 1636 regius
811 1559 845 1616 et
874 1558 1019 1638 potestas
1049 1552 1151 1638 regali
1182 1552 1333 1638 dignitati
1357 1560 1547 1640 competens
1571 1560 1670 1641 atque
1694 1555 1864 1620 sinceritas

237 1659 269 1718 et
291 1654 551 1741 optemperantia
574 1654 695 1719 seniori
718 1654 845 1735 debita,
868 1661 994 1721 remota
1017 1657 1105 1720 omni
1129 1655 1280 1722 socordia
1308 1663 1342 1722 et
1364 1656 1540 1722 calliditate
1565 1679 1625 1722 seu
1647 1659 1794 1744 qualibet
1815 1659 1863 1723 in-

236 1757 347 1823 debita
380 1779 657 1843 quorumcumque
692 1759 919 1824 coniunctione
955 1765 1069 1824 contra
1100 1759 1257 1825 honorem
1295 1767 1328 1825 et
1362 1767 1561 1846 potestatem
1593 1767 1690 1848 atque
1725 1763 1864 1826 salutem

237 1869 379 1926 nostram
397 1863 465 1927 sive
491 1863 583 1947 regni
606 1863 709 1928 nostri
727 1862 936 1941 soliditatem,
961 1863 1056 1926 nobis
1079 1862 1113 1927 in
1136 1863 1287 1928 omnibus
1312 1869 1345 1928 et
1368 1864 1410 1929 ab
1434 1865 1594 1942 omnibus,
1619 1865 1702 1928 sicut
1718 1872 1865 1950 tempore

239 1972 481 2032 antecessorum
511 1974 696 2031 nostrorum
726 1973 956 2045 consueverat,
995 1966 1202 2031 exhibeatur.
1254 1967 1298 2031 Et
1327 1967 1356 2031 ei
1384 1968 1455 2052 quis
1487 1988 1723 2053 quemcumque
1754 1976 1865 2032 contra

195 2098 219 2136 rs
238 2092 297 2135 nos
321 2076 354 2133 et
382 2076 494 2134 contra
524 2069 608 2134 hano
632 2077 760 2157 pactam
785 2071 1008 2136 sinceritatem
1032 2070 1155 2155 aliquid
1178 2072 1285 2136 moliri
1307 2071 1480 2137 manifeste
1504 2072 1710 2157 cognoverit,
1741 2072 1864 2135 sicum

238 2175 383 2240 converti
407 2175 605 2260 nequiverit,
633 2183 745 2262 aperte
775 2175 890 2263 prodat
916 2181 1014 2261 atque
1038 2173 1180 2240 denotet.
1227 2175 1270 2239 nt
1293 2175 1339 2240 sic
1364 2175 1500 2240 consilio
1525 2182 1623 2262 atque
1647 2175 1770 2240 auxilio
1794 2175 1863 2261 epi-

239 2278 379 2364 scopalis
403 2280 582 2344 auctoritas
607 2287 639 2344 et
662 2279 806 2345 fidelium
829 2280 1042 2358 unanimitas,
1074 2286 1111 2343 ut
1135 2285 1247 2344 noster
1274 2279 1377 2343 honor
1404 2284 1437 2343 et
1464 2284 1610 2365 potestas
1639 2279 1730 2363 regia
1752 2278 1862 2343 incon·

239 2382 332 2447 vulsa
356 2390 555 2468 permaneat,
580 2385 656 2450 totis
680 2384 805 2450 nisibus
829 2383 1000 2448 decertare
1025 2389 1058 2448 et
1081 2382 1236 2448 adiuvare
1260 2389 1423 2469 procuret.

346 2489 374 2551 3.
411 2485 497 2560 Quia
519 2509 597 2553 vero
620 2487 766 2553 debitum
790 2509 864 2552 esse
889 2487 1127 2573 cognoscimus,
1151 2493 1196 2564 ut,
1221 2508 1240 2550 a
1263 2486 1381 2572 quibus
1405 2485 1559 2550 honorem
1578 2485 1784 2570 suscipimus,
1808 2507 1865 2550 eos

194 2616 221 2656 eo
239 2589 331 2655 iuxta
358 2590 480 2655 dictum
509 2590 706 2656 dominicum
735 2592 947 2668 honoremus,
979 2591 1144 2666 volumus,
1168 2597 1204 2654 ut
1231 2610 1344 2654 omnes
1375 2588 1493 2654 fideles
1522 2587 1625 2652 nostri
1649 2588 1864 2653 certissimum

239 2701 373 2759 teneant
395 2695 559 2760 neminem
583 2695 758 2760 cuiuslibet
781 2695 902 2760 ordinis
926 2704 983 2758 aut
1005 2694 1172 2780 diguitatis
1198 2694 1352 2778 deinceps
1375 2699 1486 2758 nostro
1505 2693 1750 2757 inconvenienti
1772 2693 1865 2758 libitu

237 2804 294 2863 aut
322 2799 458 2878 alterius
487 2798 663 2864 calliditate
691 2801 745 2865 vel
775 2801 896 2864 iniusta
924 2798 1102 2885 cupiditate
1130 2798 1305 2884 promerito
1333 2797 1458 2862 honore
1482 2795 1604 2862 debere
1628 2797 1771 2882 privare,
1802 2796 1865 2860 nisi

239 2903 383 2968 iustitiae
406 2902 527 2967 iudicio
557 2910 590 2968 et
620 2905 747 2968 ratione
775 2911 874 2989 atque
907 2903 1072 2988 aequitate
1102 2901 1259 2992 dictante.
1310 2901 1434 2987 Legem
1463 2922 1543 2980 verov
1569 2901 1746 2987 unicuique
1777 2921 1864 2965 com-

238 3013 417 3093 petentem,
441 3009 526 3072 sicut
549 3015 774 3074 antecessores
799 3009 849 3072 sui
867 3014 1015 3093 tempore
1038 3026 1185 3071 meorum
1203 3004 1495 3093 praedecessorum
1513 3004 1706 3082 babuerunt,
1729 3003 1864 3068 inomni

194 3134 219 3174 ιι
239 3111 398 3197 dignitate
421 3119 454 3176 et
479 3112 591 3190 ordine
615 3113 748 3178 favente
771 3111 844 3176 Deo
868 3132 920 3176 me
945 3111 1201 3176 observaturum.
1217 3109 1373 3196 perdono.

342 3220 377 3295 Ι4.
412 3213 507 3299 Quod
531 3223 568 3279 ut
596 3215 724 3280 facilius
748 3221 847 3300 atque
871 3214 1023 3279 obnixius
1052 3219 1164 3277 nostra
1186 3214 1363 3278 auotoritas
1386 3213 1496 3278 valeat
1518 3211 1710 3292 observare,
1739 3233 1863 3293 omnes,

239 3319 324 3402 sicut
346 3319 380 3382 iu
398 3325 507 3401 vestra
531 3319 614 3391 bene
630 3319 852 3384 memorabili⁰
868 3318 1098 3384 convenientia
1114 3319 1295 3406 pepigistis,
1319 3339 1513 3384 conservare
1529 3317 1712 3383 studebitis.
1760 3317 1863 3382 Immo

240 3424 337 3488 etiam
363 3424 472 3488 cuncti
494 3424 526 3488 in
550 3422 756 3510 postmodum
781 3424 920 3489 sollicite
943 3423 1200 3509 praecavebunt,
1232 3443 1274 3486 ne
1298 3423 1417 3507 aliquis
1439 3442 1498 3508 pro
1522 3442 1716 3508 quacunque
1740 3422 1865 3507 privata

239 3526 468 3610 commoditate
500 3532 556 3590 aut
579 3525 743 3592 reicienda
770 3526 949 3612 cupiditate
979 3527 1049 3591 sive
1078 3526 1214 3590 alicuius
1242 3526 1535 3611 consanguinitatis
1559 3524 1612 3590 vel
1635 3524 1865 3589 familiaritatis

197 3653 222 3692 so
241 3651 299 3696 seu
323 3631 485 3696 amicitiae
514 3631 742 3695 coniunctione
771 3631 865 3695 nobis
894 3629 1126 3696 inmoderatius
1155 3635 1312 3715 suggerat
1334 3630 1386 3694 vel
1409 3629 1683 3714 postulationibus
1706 3635 1864 3711 autqua-

237 3734 319 3808 libet
341 3733 437 3800 modo
461 3734 585 3814 illiciat,
609 3742 645 3798 ut
668 3740 781 3800 contra
802 3734 948 3799 iustitiae
971 3735 1132 3799 rationem
1157 3739 1190 3798 et
1213 3734 1315 3798 nostri
1338 3733 1477 3798 nominis
1501 3732 1694 3818 dignitatem
1717 3751 1756 3796 ao
1778 3728 1864 3814 regi·

240 3838 335 3920 minis
358 3839 557 3923 aequitatem
581 3859 726 3926 agamus.

349 3947 377 4006 5.
415 3941 459 4006 Et
487 3943 514 4005 si
550 3941 633 4006 forte
668 3941 859 4028 subreptum
891 3941 984 4007 nobis
1015 3941 1181 4027 quippiam
1214 3945 1249 4005 ut
1278 3939 1400 4004 homiui
1429 3939 1542 4020 fuerit,
1579 3945 1804 4026 competenter
1833 3946 1866 4003 at

240 4044 395 4125 fideliter,
426 4045 741 4131 proutsublimitati
764 4046 876 4130 regiae
900 4045 1054 4109 convenit
1077 4052 1110 4108 et
1133 4044 1383 4110 necessitatibus
1407 4044 1626 4110 subiectorum
1651 4041 1802 4129 expedit,
1830 4050 1866 4106 ut

197 4174 222 4214 ιι
240 4149 302 4216 hoc
325 4149 565 4214 rationabiliter
588 4149 767 4234 corrigatur
790 4154 900 4214 vestra
922 4148 1029 4213 fidelis
1053 4147 1184 4212 devotio
1207 4167 1393 4213 ammonere
1418 4148 1553 4213 curabit.

349 4257 379 4319 t.
414 4252 560 4317 Tandem
590 4259 698 4316 autem
726 4252 832 4316 visum
867 4259 919 4317 est
952 4252 1047 4317 uobis
1082 4251 1274 4330 adnectere,
1308 4258 1357 4330 ut,
1390 4250 1522 4337 siquis
1549 4251 1612 4316 hoc
1642 4251 1757 4316 foedus
1788 4269 1864 4314 con-

242 4357 373 4423 cordiae
406 4356 561 4437 salubris,
596 4354 682 4441 quod
709 4361 844 4442 propter
874 4356 964 4441 pacis
993 4354 1200 4439 caritatisque
1227 4353 1407 4420 custodiam
1435 4355 1586 4420 inivimus
1615 4362 1649 4420 et
1678 4352 1864 4440 cirographi

241 4463 361 4527 virtute
386 4453 668 4548 subscripsimus3,
699 4461 813 4526 rebelli
842 4467 940 4545 atque
968 4460 1075 4523 auimo
1103 4459 1262 4545 pertinaci
1286 4459 1459 4545 inruperit,
1488 4458 1665 4524 christiana
1688 4456 1864 4522 dilectione

241 4566 456 4643 admoneatur
485 4573 518 4630 et
547 4563 589 4629 ad
617 4565 844 4630 inconvulsum
873 4564 1015 4630 caritatis
1041 4563 1208 4628 vinculum
1236 4562 1511 4642 conservandum,
1535 4561 1620 4648 quod
1645 4561 1699 4648 qui
1723 4568 1863 4647 tempta-

198 4689 224 4730 ιι
241 4670 324 4735 verit
347 4690 557 4755 corrumpere
588 4669 713 4735 facilius
742 4669 864 4756 poterit
892 4689 928 4733 se
955 4668 1061 4754 ipsum
1091 4667 1292 4753 disrumpere
1317 4687 1412 4750 quarn
1435 4665 1516 4730 illud
1538 4667 1643 4752 possit
1666 4667 1864 4750 inrumpere,

241 4775 333 4839 iuxta
355 4774 479 4839 monita
502 4772 624 4852 divina,
654 4779 691 4837 ut
722 4773 910 4858 resipiscat,
940 4771 1097 4838 hortetur.
1146 4771 1189 4836 Et
1219 4771 1245 4835 si
1269 4769 1423 4853 audierit,
1453 4771 1510 4836 liat
1533 4771 1573 4836 de
1597 4772 1755 4837 societate
1777 4768 1864 4834 fideli

241 4876 392 4942 omnibus
415 4876 587 4964 gaudinm;
623 4877 650 4940 si
675 4896 752 4940 vero
776 4875 931 4940 obaudire
954 4876 1134 4955 rennuerit,
1168 4881 1245 4939 tuuc
1267 4875 1462 4960 pontificalis
1485 4875 1663 4940 auctoritas
1687 4881 1721 4939 et
1743 4874 1864 4960 regalis

243 4981 426 5047 sublimitas
463 4987 562 5068 atque
600 4980 632 5044 iu
671 4980 816 5044 caritatis
855 4979 1058 5043 connexione
1096 4979 1343 5064 persistentium
1381 4979 1645 5065 magnanimitas,
1687 4975 1863 5043 secundnm

242 5084 329 5170 quod
369 5107 423 5150 res
467 5093 500 5150 et
538 5084 719 5149 necessitas
757 5083 971 5171 postulaverit
1011 5103 1050 5146 ac
1090 5084 1172 5147 ratio
1209 5082 1386 5168 expetierit
1422 5104 1481 5148 seu
1520 5082 1668 5168 qualitati
1703 5101 1864 5168 personae

200 5189 445 5268 reconvenerit,
482 5188 588 5253 zelum
624 5207 703 5252 suae
735 5187 917 5253 devotionis
951 5187 1192 5252 ferventissime
1228 5194 1358 5267 exerat,
1395 5194 1428 5253 et
1459 5185 1545 5272 quod
1577 5186 1756 5271 inspirante
1790 5183 1864 5250 Deo

243 5292 406 5378 agendum
430 5293 462 5355 iu
486 5312 614 5356 omnem
636 5292 752 5356 salutis
776 5299 810 5356 et
833 5290 982 5354 utilitatis
1006 5298 1104 5377 atque
1121 5291 1301 5356 honestatis
1318 5296 1441 5376 partem
1457 5289 1661 5370 iudicaverit,
1685 5288 1862 5373 inrefraga-

242 5393 352 5461 biliter
374 5393 534 5482 peragats.

329 5571 355 5636 d)
378 5587 437 5622 vera
462 5569 484 5622 l.
587 5570 611 5634 e)
633 5569 774 5621 memoriali
796 5569 824 5618 ia
851 5566 936 5618 codice
957 5567 1068 5632 qaedam
1091 5567 1219 5619 Bellooac.
1244 5584 1270 5618 re
1297 5568 1384 5635 legisse
1405 5569 1485 5620 tradit
1505 5567 1630 5619 Betucius
1651 5567 1698 5632 II,
1724 5565 1772 5618 col.
1790 5563 1864 5618 1259.

244 5655 375 5727 tlagrth.
