4590 6428
521 435 785 491 ADDITAMENTA
804 435 853 490 ΔΙ)
871 436 1081 494 HLUDOWICI
1101 438 1149 492 PII
1163 439 1422 496 daemonium.
1441 471 1474 480 -
1493 441 1614 498 Nr.196.
1842 447 1881 509 37

255 608 447 693 interrogati
470 608 511 672 de
534 610 606 695 ipsa
623 612 760 676 veritate
786 612 855 676 sine
878 612 969 696 gravi
994 611 1178 677 discrimine
1202 635 1377 698 possumus
1400 616 1542 680 mentiri.
1579 614 1646 680 Sed
1669 615 1744 699 quia
1760 615 1881 679 veritas
1900 623 1960 679 819.

255 733 333 797 sepe
357 711 467 777 odium
492 721 630 797 generat
654 723 687 779 et
710 737 817 780 sermo
833 714 897 779 Dei
920 715 1129 780 adversarius
1153 736 1173 779 a
1195 715 1337 782 Domino
1361 721 1480 784 nostris
1504 718 1688 784 carnalibus
1704 719 1880 804 voluptati-

253 815 315 881 bus
338 817 551 896 describitur,
582 824 690 881 tamen
715 819 765 902 ei·
787 819 819 881 in
843 818 911 898 via,
941 818 1047 882 idest
1073 820 1105 881 in
1128 821 1272 904 presenti
1295 822 1377 901 vita,
1409 820 1678 886 consentiendum
1701 829 1759 885 est.
1807 820 1882 885 ilicb

254 921 352 985 etiam
381 941 461 1006 erga
490 943 550 986 noa
578 922 742 1007 agendum
769 923 851 1002 esth,
886 929 935 1002 ut,
968 924 1238 1009 quotiescumque
1266 925 1458 1008 interrogati
1481 925 1654 990 veritatem
1676 923 1881 1010 proferimus,

221 1044 451 1110 aquamquam
484 1026 632 1089 nonnulli
662 1026 781 1090 infirmi
815 1027 885 1090 sine
914 1047 1012 1090 causa
1040 1026 1317 1104 scandalizentur,
1349 1027 1444 1091 nobis
1472 1033 1583 1092 tamen
1610 1027 1881 1093 consentiendum

255 1136 306 1193 est
328 1136 462 1216 propter
486 1131 592 1217 ipsam
616 1132 798 1195 veritatem.
844 1123 967 1195 Nam78
992 1152 1071 1217 sepe
1095 1131 1225 1217 quando
1250 1132 1343 1195 vobis
1368 1131 1590 1214 suggerimus,
1613 1137 1649 1194 ut
1672 1131 1785 1195 fideles
1809 1132 1880 1216 qui-

254 1254 317 1318 que
349 1254 401 1297 res
433 1234 668 1298 aecclesiarum
702 1233 756 1318 pic
788 1239 821 1296 et
851 1255 923 1298 oum
952 1236 1139 1299 reverentia
1168 1242 1201 1299 et
1229 1235 1344 1298 timore
1368 1233 1431 1298 Dei
1462 1240 1602 1299 tractent
1626 1241 1659 1298 et
1682 1243 1882 1319 cognoscant

254 1337 328 1401 illas
351 1337 424 1401 Deo
449 1359 524 1402 esse
548 1338 687 1412 dicatas,
718 1338 871 1421 quatinus
900 1338 947 1402 sic
975 1338 1119 1403 habeant
1141 1339 1182 1402 de
1208 1337 1270 1401 illie
1296 1337 1510 1422 temporalem
1533 1339 1731 1424 profectum,
1760 1344 1881 1402 utnon

255 1463 316 1526 per
338 1441 558 1526 ignorantiam
582 1447 616 1504 et
638 1441 883 1524 neglegentiam
907 1448 1077 1507 aeternum
1101 1442 1273 1528 paciantur
1296 1441 1542 1512 detrimentum,
1571 1442 1777 1527 suspicantur
1800 1462 1881 1505 non-

210 1571 237 1610 ro
256 1545 352 1625 nulli,
383 1545 470 1629 quod
500 1566 559 1609 nos
589 1565 690 1608 causa
717 1544 904 1631 cupiditatis
932 1547 1039 1630 potius
1068 1545 1128 1609 hoo
1151 1545 1378 1619 admonemus,
1404 1565 1500 1629 quarn
1524 1565 1623 1608 eausa
1645 1545 1777 1622 salutis,
1809 1565 1882 1608 cum

254 1669 314 1711 nos
343 1649 502 1713 veraciter
531 1649 629 1712 nullis
660 1647 757 1712 rebus
789 1648 852 1712 sibi
884 1647 1020 1712 conlatis
1049 1654 1199 1733 optemus
1231 1669 1287 1713 eos
1317 1648 1513 1732 exspoliari,
1548 1647 1605 1712 sed
1635 1649 1741 1732 magis
1770 1668 1882 1712 eorum

256 1751 419 1815 communi
444 1752 541 1815 saluti
566 1751 750 1815 consultum
775 1752 930 1835 prebere,
959 1750 1120 1834 quianon
1144 1771 1262 1829 rerum,
1286 1757 1322 1813 ιιι
1344 1750 1437 1814 multi
1461 1751 1671 1828 arbitrantur,
1695 1750 1881 1830 ambitione,

257 1852 313 1917 scd
337 1855 516 1918 animarum
541 1855 649 1940 potius
673 1853 876 1918 delectamur
900 1854 1096 1933 salvatione,
1120 1853 1337 1919 adtendentes
1361 1853 1441 1918 illud
1466 1853 1620 1940 apostoli:
1651 1845 1772 1917 ‘Non79
1796 1854 1882 1918 enim

255 1963 366 2022 vestra
389 1978 520 2042 quaero,
544 1956 603 2020 sed
627 1955 705 2022 vos)

211 2101 237 2140 15
361 2066 442 2153 (24.)
476 2067 534 2133 IV.
571 2061 689 2132 Oum⁸⁰
712 2070 797 2132 sacri
826 2087 969 2132 canones
997 2067 1046 2132 bis
1075 2069 1108 2131 in
1138 2089 1222 2132 anno
1246 2069 1386 2132 concilia
1409 2068 1570 2134 celebrari
1593 2059 1773 2148 iubeantffl,
1803 2067 1883 2131 illud

255 2172 375 2237 obnixe
399 2178 543 2237 vestram
567 2173 723 2257 pietatem
747 2171 965 2256 deposcimus,
988 2177 1025 2233 ut
1049 2170 1155 2234 saltim
1180 2172 1234 2236 vel
1258 2174 1360 2237 semel
1383 2173 1415 2237 in
1440 2194 1525 2237 anno
1549 2172 1684 2256 libertas
1709 2171 1883 2258 opportuni

255 2275 411 2361 temporis
435 2273 650 2354 concedatur,
679 2295 742 2359 quo
765 2273 847 2338 haec
876 2274 916 2338 ad
940 2274 1098 2338 honorem
1119 2273 1183 2337 Dei
1207 2282 1260 2339 et⁰
1283 2277 1457 2356 utilitatem
1480 2282 1613 2340 sanctae
1634 2275 1699 2341 Dei
1723 2275 1883 2340 ecclesiae

255 2380 495 2463 multorumque
520 2380 755 2443 correctionem
779 2385 995 2463 congruenter
1019 2377 1238 2463 decenterque
1263 2379 1334 2444 fieri
1363 2380 1518 2467 possintd.
1565 2379 1726 2453 Quoniam
1750 2380 1777 2442 si
1801 2379 1883 2443 haec

256 2483 373 2563 semel,
403 2489 440 2545 ιιι
468 2481 589 2545 dictum
620 2488 685 2560 ost,
717 2482 750 2544 in
781 2503 865 2546 anno
894 2505 953 2569 per
976 2504 1239 2569 unamquamque
1262 2485 1461 2569 provinciam
1486 2484 1652 2550 celebrata
1680 2483 1818 2565 luerint,
1850 2486 1885 2545 et

209 2618 237 2657 20
257 2586 360 2650 honor
382 2585 624 2650 ecclesiasticus
649 2587 716 2649 ius⁰
741 2586 864 2650 ordinis
893 2588 942 2651 sui
967 2587 1141 2668 obtinebit,
1173 2595 1206 2651 et
1228 2587 1420 2673 inpudentia
1443 2587 1645 2674 quorundam
1670 2586 1883 2672 superborum

255 2690 460 2769 clericorum,
496 2688 568 2774 quir
598 2691 720 2774 passim
755 2692 874 2775 quique
911 2693 1105 2756 auctoritate
1134 2693 1289 2756 canonica
1318 2694 1459 2775 calcata,
1494 2692 1627 2757 auribus
1658 2689 1883 2777 imperialibus

254 2795 461 2860 molestiam8
496 2795 645 2878 ingerere
686 2815 749 2858 non
788 2794 995 2870 cessabunt‘,
1036 2803 1069 2861 et
1102 2785 1268 2882 inpunitas
1304 2796 1507 2861 diversorum
1542 2795 1740 2880 flagitiorum
1775 2793 1881 2857 locum

257 2897 473 2978 delitiscendi,
497 2918 593 2982 quem
616 2918 702 2961 nunc
726 2897 835 2978 habet,
859 2921 923 2963 non
942 2899 1086 2978 habebit,
1111 2900 1226 2963 etalio
1241 2898 1354 2976 multa,
1379 2921 1462 2985 quae
1478 2900 1639 2963 hactenus
1657 2918 1764 2976 secus,
1787 2916 1883 2981 quam

257 3001 481 3066 ecclesiastica
504 3001 601 3066 docet
623 3001 785 3078 doctrina,
810 3003 1031 3082 incesserunt,
1056 3002 1202 3067 ordinem
1228 3023 1322 3066 suum
1346 3002 1486 3066 Domino
1510 3002 1691 3066 auxiliante
1715 3000 1883 3066 tenebunt.

212 3131 239 3171 aa
261 3095 451 3168 Similiter82
482 3103 581 3169 ctiam
611 3105 732 3169 obnixe
766 3111 800 3169 et
831 3106 1024 3190 suppliciter
1052 3113 1181 3170 vestrae
1214 3104 1400 3170 celsitudini
1432 3105 1656 3190 suggerimus,
1691 3111 1727 3168 ut
1760 3123 1882 3168 morem

256 3213 426 3294 paternum
463 3213 639 3294 sequentes
676 3209 784 3274 saltim
822 3211 855 3273 in
893 3210 998 3274 tribus
1033 3210 1333 3296 congruentissimis
1367 3209 1494 3293 imperii
1523 3209 1624 3272 vestri
1660 3207 1739 3271 locis
1773 3206 1883 3270 scolae

257 3313 407 3397 publicae
437 3335 479 3378 ex
502 3318 613 3377 vestra
636 3314 831 3377 auctoritate
855 3305 986 3391 fiant33,
1015 3321 1051 3377 ut
1080 3313 1173 3378 labor
1194 3315 1298 3400 patris
1321 3314 1420 3376 vestri
1444 3319 1478 3376 et
1501 3317 1611 3376 vester
1633 3331 1692 3396 per
1715 3309 1884 3386 incuriam,

256 3414 341 3500 quod
371 3415 470 3497 absit,
500 3415 728 3481 labefactando
758 3438 823 3480 non
855 3417 1029 3503 depereat,
1062 3418 1215 3501 quoniam
1243 3437 1286 3480 ex
1314 3416 1375 3479 hoc
1398 3415 1484 3479 lacto
1507 3419 1540 3478 et
1560 3434 1680 3499 magna
1702 3413 1826 3476 utilitas
1850 3419 1883 3475 ct

256 3518 359 3582 honor
386 3527 519 3584 sanctae
543 3519 607 3586 Dei
635 3520 796 3585 ecclcsiae
827 3526 860 3584 ot
883 3520 977 3585 vobis
1005 3541 1160 3605 magnum
1189 3519 1349 3584 mercedis
1378 3519 1633 3583 emolumentum
1664 3521 1697 3581 et
1725 3516 1883 3580 memoria

208 3645 237 3684 ao
258 3621 455 3706 sempiterna
479 3620 657 3688 adcrescet.

360 3734 440 3817 (25.)
475 3735 516 3798 V.
552 3727 741 3800 Similiter⁸⁴
765 3741 799 3800 et
820 3735 883 3800 hoc
908 3733 949 3799 a¹¹
972 3741 1081 3799 vestra
1104 3734 1228 3820 pietate
1253 3733 1442 3798 necessario
1459 3732 1610 3797 duximus
1628 3729 1880 3817 expetendumh,

255 3842 292 3900 ut
322 3837 511 3901 sacerdotes
543 3843 577 3901 et
603 3837 723 3902 levitae
752 3844 785 3902 ct
814 3840 983 3924 sequentis
1013 3838 1135 3903 ordinis
1165 3839 1291 3918 clerici,
1324 3840 1378 3923 qui
1406 3839 1439 3900 in
1462 3837 1600 3902 diversis
1630 3835 1757 3922 imperii
1781 3835 1882 3898 vestri

255 3939 401 4025 partibus
434 3941 641 4025 maximeque
673 3942 706 4004 iu
736 3940 852 4004 Italiae
886 3943 1075 4026 regionibus
1107 3943 1185 4027 fuga
1219 3942 1304 4028 lapsi
1336 3948 1428 4018 sunt,
1464 3947 1574 4005 vestra
1601 3939 1796 4004 auctoritate
1823 3958 1883 4022 per

256 4043 374 4106 missos
399 4048 524 4108 vestros
548 4043 723 4128 diligenter
746 4044 977 4128 perquirantur
1000 4052 1034 4109 et
1056 4047 1089 4108 in
1112 4047 1334 4132 praesentiam
1356 4051 1500 4110 vestram
1521 4045 1631 4107 venire
1655 4041 1883 4128 conpellantur

208 4169 235 4208 no
257 4153 290 4212 et
319 4169 378 4232 per
400 4154 543 4212 vestram
567 4149 775 4212 clementiam
799 4149 975 4234 unicuique
1000 4150 1176 4231 ecclesiae,
1207 4172 1226 4212 a
1254 4169 1318 4234 qua
1344 4169 1404 4235 per
1427 4147 1657 4213 contumatiam
1680 4143 1881 4222 defecerunt,

255 4253 478 4316 restituantur.

360 4353 440 4438 (26.)
475 4353 533 4418 VI.
568 4346 690 4418 Illud85
719 4374 849 4440 quoque
878 4355 1107 4420 nichilominus
1136 4377 1156 4418 a
1179 4363 1301 4431 vestra,
1317 4359 1439 4442 pietate
1471 4353 1662 4440 suppliciter
1684 4352 1882 4437 flagitamus,

255 4462 292 4520 ut
323 4457 474 4523 monachi
506 4464 539 4521 et
568 4456 743 4542 presbiteri
772 4478 901 4521 necnon
934 4464 967 4523 et
997 4459 1125 4536 clerici,
1160 4460 1216 4543 qui
1246 4460 1433 4545 postposita
1463 4457 1620 4521 canonica
1650 4445 1882 4519 auctoritate86

255 4560 376 4645 passim
400 4562 558 4646 palatium
582 4561 703 4626 adeunt
727 4568 759 4625 et
775 4562 892 4626 vestris
916 4562 1018 4625 sacris
1042 4561 1176 4625 auribus
1200 4562 1499 4646 inportunissimam
1523 4559 1706 4623 molestiam
1728 4557 1881 4638 inierunt,

207 4765 236 4804 to
359 4748 385 4819 a)
409 4761 435 4803 at
453 4751 476 4802 1.
583 4751 609 4814 b)
632 4751 670 4802 sic
750 4757 788 4801 ost
811 4767 860 4800 om.
877 4749 899 4800 1.
1006 4748 1031 4813 c)
1057 4756 1083 4800 et
1104 4751 1161 4800 util.
1185 4769 1233 4801 om.
1253 4749 1276 4802 1.
1381 4750 1407 4815 ιι)
1429 4750 1510 4816 possit
1528 4748 1551 4800 1.
1657 4747 1682 4812 a)
1704 4747 1740 4798 ito
1759 4747 1788 4807 1,·
1814 4748 1882 4800 viros

257 4837 332 4888 C'orrc.
350 4837 435 4888 Paris.
525 4836 545 4902 1)
564 4835 635 4898 ital,
653 4836 725 4886 haud
742 4837 817 4886 drohn
835 4843 966 4901 empta·
989 4852 1056 4902 quae
1073 4837 1170 4902 passim
1188 4838 1341 4888 auctoritate
1359 4837 1485 4887 canonica
1502 4835 1603 4886 calcata
1621 4835 1729 4886 auribus
1745 4833 1882 4900 imperiali-

255 4924 305 4974 bus
323 4924 464 4977 molestiam
479 4924 581 4991 ingerit,
599 4923 711 4974 cossabit
725 4923 799 4974 Cone.
813 4923 898 4974 Paris.
978 4919 1007 4989 g)
1026 4923 1143 4974 molestia
1157 4923 1179 4974 l.
1259 4923 1287 4987 h)
1307 4925 1339 4975 ad
1352 4930 1462 4974 veebum
1473 4923 1593 4988 pietatem
1607 4960 1612 4972 .
1624 4961 1629 4972 .
1641 4960 1646 4972 .
1660 4921 1844 4988 expectandum
1857 4919 1881 4970 1.

359 5110 402 5178 78)
423 5109 512 5175 Haec,
539 5125 607 5177 punc
632 5113 790 5176 sequnntur,
818 5125 879 5163 cnm
906 5109 1056 5164 Pannona
1076 5109 1194 5164 Concilio
1219 5126 1275 5164 non
1301 5109 1479 5175 concordant,
1508 5109 1554 5162 sed
1575 5109 1683 5177 plenius
1709 5107 1783 5162 dieto
1807 5113 1880 5162 sant.

256 5213 301 5282 ’19)
319 5214 343 5268 2.
358 5212 415 5268 Gor.
430 5214 523 5280 1214.
610 5212 656 5280 80)
672 5211 751 5265 Cone.
765 5211 852 5265 Paria.
866 5212 908 5266 lib.
922 5212 980 5279 ΙΙΙ,
993 5229 1014 5266 c.
1027 5214 1066 5280 11,
1085 5214 1134 5268 ιο.
1148 5215 1264 5268 001599.
1352 5214 1398 5279 81)
1413 5211 1711 5279 terrenarumque
1731 5211 1880 5278 MansiII,

208 5317 394 5383 rocol.1326,·
419 5315 496 5370 Cone.
516 5314 638 5369 Choloed.
656 5331 678 5369 c.
691 5316 732 5382 19,
750 5315 847 5369 Mataei
862 5315 926 5383 VII,
943 5316 992 5370 col.
1004 5317 1069 5384 389,·
1092 5317 1287 5386 Epiacopornm
1304 5317 1398 5371 relatio
1415 5317 1475 5384 880,
1494 5316 1591 5384 iuml,
1605 5316 1708 5386 aaut,
1726 5331 1747 5370 c.
1762 5316 1785 5370 1.
1813 5313 1881 5385 [K]

254 5419 301 5486 82)
321 5418 398 5474 Ocno.
417 5417 505 5472 Paria
525 5418 569 5472 zio.
584 5418 641 5486 HL
660 5434 681 5472 c.
696 5419 737 5486 12,
756 5419 773 5472 l.
791 5435 811 5472 c.
917 5419 962 5486 83)
982 5418 1024 5472 Ao
1041 5418 1082 5473 his
1098 5420 1192 5474 anicolas
1205 5420 1319 5489 prtblina
1336 5421 1397 5474 illoc
1414 5419 1598 5474 discernendae
1614 5425 1692 5486 sind,
1718 5437 1788 5489 quus
1804 5420 1882 5486 infru

254 5539 275 5576 c.
295 5523 337 5576 39.
360 5521 475 5590 cpismi
496 5522 527 5574 in
549 5521 608 5576 artis
627 5521 777 5575 dintatabns
800 5521 894 5574 habnt
916 5520 1067 5576 dwernm.
1099 5522 1168 5594 [K]
1280 5524 1326 5593 84)
1352 5523 1431 5578 Cone.
1455 5523 1542 5577 Paris.
1568 5523 1609 5578 hb.
1626 5523 1690 5592 ΠΙ,
1715 5539 1736 5580 c.
1755 5523 1801 5588 13,
1826 5523 1842 5577 1.
1860 5539 1881 5577 c.

252 5627 298 5694 85)
317 5625 421 5680 Ibidem
438 5643 460 5680 c.
475 5625 516 5694 14,
529 5627 545 5680 l.
558 5642 580 5680 c.
667 5627 711 5692 86)
726 5624 782 5690 Otr.
795 5625 908 5694 aunnpli
916 5640 955 5693 pr.
967 5624 1043 5679 Ocno.
1053 5627 1175 5684 Antiodr.
1189 5644 1209 5683 c.
1221 5630 1262 5696 11,
1284 5628 1380 5682 Monoi
1391 5628 1433 5696 ΙΙ,
1452 5628 1498 5682 ool.
1511 5627 1591 5695 1323,
1610 5626 1688 5683 Cone.
1701 5626 1794 5681 Oubtll.
1808 5643 1830 5681 c.
1841 5629 1882 5695 15,

252 5729 351 5784 Manui
363 5729 401 5798 X,
419 5732 467 5784 col.
482 5731 564 5796 naa·
584 5731 689 5786 Gldoth.
704 5731 742 5798 ΙΙ,
762 5729 848 5784 Ediot.
860 5731 919 5796 614,
937 5730 1031 5796 tomJ,
1045 5733 1126 5797 1121,
1139 5732 1203 5797 c.3,·
1220 5731 1319 5801 Synod.
1334 5733 1501 5799 Franconos.
1512 5733 1570 5799 194,
1589 5733 1605 5784 1.
1615 5748 1635 5785 c.
1645 5747 1673 5799 p.
1686 5731 1726 5798 74,
1739 5747 1759 5784 e.
1769 5733 1794 5785 6.
1814 5729 1881 5798 [KJ
