4560 6426
388 457 634 512 ειιιιιιιιιιιι
654 457 782 513 aucun
802 457 985 512 rannerus
1005 455 1266 512 oooruanrnurs
1285 456 1434 524 (ιιιιιιοιι
1448 457 1493 524 ιι).
1512 487 1545 498 -
1564 457 1612 510 ur.
1625 458 1684 512 are.
1781 461 1844 524 325

223 640 274 696 est
297 652 458 696 armorum
482 631 651 717 depositio,
675 629 829 710 vocatur',
853 629 958 695 multi¹
983 631 1059 695 inda
1083 623 1315 708 contendunti’,
1339 637 1373 696 et
1396 652 1432 696 se
1455 631 1542 696 inter
1565 629 1622 695 se¹¹
1640 623 1844 696 iectiscuntfl.
1865 639 1925 694 864.

221 734 290 800 Alii
313 736 399 799 enim
423 756 517 800 suum
540 744 778 801 sacramentum
793 735 1045 821 quadragesimo
1070 734 1134 810 die,
1158 735 1191 798 in
1215 755 1278 820 quo
1300 734 1381 800 illud
1396 735 1571 821 accipiunt,
1594 736 1702 800 iurare
1718 736 1845 808 solunt;

223 845 257 903 et
279 839 311 903 in
336 846 461 903 tantum
485 839 701 916 contendunt,
726 847 776 918 ut,
801 839 927 904 etiamsi
952 839 1038 902 intra
1060 836 1342 923 quadragesimam
1367 838 1463 903 sacri¹
1492 839 1606 904 ieiunii
1635 838 1845 925 quadragesi-

223 963 294 1006 mus
324 942 395 1007 dics
424 943 610 1020 advenerit,
643 965 737 1007 suum
771 950 1010 1008 sacramentum
1046 963 1081 1006 se
1115 944 1222 1007 iurare
1255 941 1377 1008 debere
1406 943 1644 1020 coruncanum,
1672 949 1706 1007 et
1735 949 1847 1007 contra

192 1053 433 1112 seausatores¹¹
458 1069 549 1128 suos,
582 1049 610 1112 si
640 1047 765 1114 adhoc
789 1047 986 1113 audiendum
1015 1068 1080 1112 nou
1105 1047 1271 1126 venerint,
1302 1047 1507 1112 iectiaount0.
1552 1046 1736 1113 Numerant
1759 1047 1847 1112 enim
1935 1128 1938 1136 Ι

221 1149 302 1228 dics,
325 1159 359 1215 et
383 1173 446 1215 non
470 1160 642 1217 numerant
666 1173 738 1217 cum
762 1154 809 1216 eis
833 1159 961 1226 noctes;
991 1152 1096 1216 sicutl
1119 1157 1332 1216 numerantur
1354 1150 1446 1216 diesq
1470 1158 1504 1216 et
1526 1173 1588 1216 non
1612 1159 1846 1217 numeranturt

221 1261 353 1320 noetesr
377 1276 396 1319 a
419 1257 589 1320 nativitate
614 1255 745 1319 Domini
775 1276 879 1341 usque
911 1254 951 1319 ad
979 1255 1240 1342 purificationem
1269 1260 1404 1320 sanotae
1435 1248 1596 1321 Mariae¹⁰
1627 1262 1661 1320 et
1688 1277 1708 1320 a
1738 1276 1845 1320 resur·

222 1359 368 1425 rectione
384 1359 518 1424 Domini
542 1379 645 1445 usque
668 1359 710 1423 ad
727 1360 953 1424 ascensionem
969 1358 1111 1423 Domini.
1156 1355 1415 1442 Quadragesimo
1431 1359 1516 1422 enim
1540 1359 1594 1424 die
1617 1365 1650 1423 et
1664 1359 1845 1445 purificatio

223 1469 358 1528 sanctae
382 1463 506 1528 Mariae
537 1485 557 1527 a
585 1464 756 1528 nativitate
780 1463 911 1528 Domini
940 1469 974 1528 ct
1001 1461 1252 1548 quadragesimo
1283 1460 1336 1526 die
1367 1484 1387 1526 a
1416 1462 1676 1527 reccurrectione
1707 1461 1848 1545 Domini,

181 1591 204 1629 ro
222 1577 325 1654 quaer
348 1574 398 1632 est
421 1569 452 1632 iu
476 1568 638 1633 dominica
660 1568 727 1646 die,
751 1568 901 1632 ascensio
925 1566 1056 1630 Domini
1080 1565 1277 1646 celebratur,
1308 1586 1392 1651 quae
1417 1566 1527 1631 evenit
1550 1567 1662 1652 quinta
1685 1566 1784 1646 faria,
1814 1565 1847 1632 id

222 1678 273 1735 est
295 1671 383 1735 Iovis
407 1671 468 1736 die.
520 1671 563 1735 lit
584 1671 625 1736 de
648 1671 763 1736 diebus
788 1670 858 1734 sine
882 1669 1060 1734 memoria·
1083 1670 1224 1733 noctium
1248 1669 1410 1734 Dominus
1433 1691 1494 1756 per
1516 1669 1630 1734 Ionam
1654 1670 1847 1757 prophetam

222 1773 330 1839 dicitl:
355 1775 484 1840 ‘Adhuc
494 1768 520 1814 1¹
545 1773 762 1861 quadraginta
783 1773 865 1850 dies,
889 1778 924 1837 et
939 1770 970 1835 Ν
973 1772 1058 1836 inire
1075 1770 1304 1838 subvertetur)
1351 1771 1395 1837 Et
1410 1772 1628 1858 quadraginta
1643 1772 1712 1837 dies
1730 1773 1848 1837 simul¹¹

222 1899 294 1942 curn
311 1879 484 1943 noctibusu
500 1879 532 1944 in
548 1878 670 1942 ieiunio
687 1877 804 1941 Heliae
820 1874 1000 1961 prophetae
1011 1864 1038 1913 ¹²
1055 1880 1088 1939 et
1103 1873 1221 1961 Moysi,
1243 1875 1371 1960 quando
1388 1877 1495 1960 legem
1512 1875 1657 1941 secundo
1675 1868 1847 1964 accepit¹3‚

180 2108 203 2147 ιι
222 2090 256 2151 et
278 2085 341 2150 duo
364 2085 449 2162 dies,
479 2087 562 2150 liunt
583 2105 688 2171 usque
712 2084 754 2149 ad
777 2083 1050 2149 resurrectionem
1073 2083 1222 2163 Domini,
1252 2103 1337 2168 quae
1360 2084 1396 2148 lit
1419 2085 1453 2148 in
1476 2084 1641 2150 dominica
1663 2083 1734 2166 die,
1763 2086 1848 2150 sicut

221 2195 255 2256 et
276 2190 404 2255 initium
420 2188 710 2274 quadragesimae.
753 2187 798 2252 Et
828 2187 909 2252 haec
937 2208 1001 2252 uon
1029 2187 1099 2251 sine
1128 2187 1193 2252 Dci
1223 2188 1403 2273 mysteriov
1426 2189 1522 2270 fiunt,
1554 2209 1736 2274 perquem
1769 2211 1846 2254 con-

220 2294 341 2358 ditores
364 2293 474 2378 legum
497 2292 584 2357 iusta
607 2291 795 2357 decernunt.
841 2289 947 2366 Unde,
972 2293 1056 2355 sicut
1078 2291 1111 2354 in
1134 2289 1328 2376 quibusdam
1352 2292 1565 2378 regionibusk
1587 2293 1708 2358 rectius
1733 2301 1846 2359 tenere

221 2398 449 2485 comperimus,
473 2416 634 2460 unacum
659 2415 823 2460 consensu
846 2391 903 2460 et*
925 2393 1069 2459 fidelium
1093 2403 1278 2460 nostrorum
1301 2395 1460 2461 consilio*
1483 2396 1721 2478 constituimus,
1745 2405 1782 2463 ut
1804 2400 1846 2464 ab

220 2502 291 2589 ipso
314 2500 378 2583 die,
403 2521 465 2587 quo
489 2504 729 2566 sacramentum
755 2499 922 2584 accipitur,
946 2505 1020 2584 post
1042 2497 1262 2584 quadraginta
1284 2499 1354 2564 dies
1378 2507 1411 2566 et
1427 2500 1642 2586 quadraginta
1665 2509 1790 2580 noctes,
1814 2503 1845 2566 id

177 2625 203 2664 ao
222 2612 272 2670 est
295 2603 544 2690 quadragesimo
568 2603 712 2668 secundo
735 2601 796 2682 die,
820 2602 891 2667 de'
915 2623 975 2668 sex
993 2603 1194 2688 septimanis,
1219 2605 1289 2689 ipsa
1310 2603 1403 2682 feria,
1428 2624 1493 2690 qua
1510 2603 1589 2668 illud
1606 2613 1844 2671 sacramentum

221 2709 365 2795 accepit,
397 2708 505 2772 sicut¹
532 2706 654 2793 pascha
683 2707 778 2792 ipsa¹
802 2705 886 2770 feria
914 2706 980 2786 fitr,
1016 2725 1079 2791 qua
1110 2707 1236 2770 initium
1271 2706 1543 2792 quadragesimae
1573 2709 1761 2794 accipitur¹,
1791 2711 1845 2795 qui

221 2817 461 2878 sacramentum
485 2811 636 2896 legaliter
658 2811 807 2895 accipit⁸,
828 2809 982 2894 legaliter
1004 2809 1038 2872 in
1061 2809 1141 2873 locis
1158 2810 1345 2874 constitutis
1362 2811 1456 2890 iuret,
1480 2810 1563 2874 siout
1578 2812 1611 2876 in
1628 2812 1844 2896 capitulorum

219 2915 332 2981 librisb
356 2916 567 2981 decessorum
590 2921 624 2980 et
641 2914 887 3002 progenitorum
904 2919 1088 2979 nostrorum
1105 2905 1335 2979 contineturffi.
1382 2912 1425 2978 Et
1442 2913 1558 2979 amodo
1575 2915 1666 2979 nulla
1681 2913 1844 2980 dissensio

220 3021 273 3084 vel
297 3020 504 3084 retractatio⁰
527 3019 558 3083 in
583 3039 684 3103 regno
706 3023 816 3082 nostro
845 3038 865 3082 a
892 3015 1040 3102 quolibet
1070 3037 1112 3081 ex
1145 3017 1207 3082 hec
1234 3017 1300 3082 fiat.
1351 3015 1446 3090 Quod
1474 3017 1664 3084 mandatum
1694 3007 1841 3084 nostrum

177 3145 203 3186 ss
221 3124 250 3188 si
273 3125 345 3210 quis
368 3130 576 3189 contemnere
600 3121 870 3209 praesumpserit,
898 3119 1041 3185 bannum
1069 3127 1230 3200 nostrum,
1259 3121 1293 3186 id
1324 3127 1376 3186 cst
1398 3121 1459 3186 LX
1483 3121 1625 3202 solidos,
1658 3130 1842 3209 componat.

221 3227 264 3292 Et
287 3228 315 3292 si
338 3229 408 3313 ipra
423 3226 516 3292 dies⁰¹
538 3229 623 3292 intra
638 3225 908 3312 quadragesimae
933 3245 1028 3290 sacra
1050 3225 1171 3290 ieiunia
1193 3227 1350 3305 evenerit,
1373 3247 1470 3291 nemo
1493 3226 1572 3291 illud
1590 3235 1842 3304 sacramentum,

221 3332 327 3419 quodb
351 3332 488 3419 accepit,
512 3332 545 3396 in
568 3329 818 3416 quadragesima
841 3331 967 3394 iurare⁰
989 3336 1190 3416 praesumat;
1218 3330 1295 3414 quia
1317 3329 1377 3394 ex‘
1399 3330 1461 3395 hoc
1484 3330 1571 3394 ἰιιιιιΒ
1593 3331 1716 3396 etiams
1738 3333 1841 3397 mani-

220 3437 338 3502 festam
362 3435 427 3500 Dei
450 3433 625 3500 vindictam
649 3433 788 3500 vidimus
817 3440 850 3499 et
876 3433 1070 3499 audivimus.
1122 3432 1186 3497 Etb
1213 3435 1240 3497 si
1269 3432 1365 3519 quish
1391 3435 1664 3521 praesumpserit,
1694 3436 1843 3502 similiter

220 3539 362 3604 bannum
390 3545 537 3603 nostrum
568 3545 754 3624 componat,
786 3543 819 3602 et
847 3537 922 3602 inde
951 3537 1186 3624 poenitentiam
1214 3537 1393 3624 episcopali
1420 3537 1540 3603 iudicio
1568 3538 1677 3603 faciat.
1732 3538 1842 3625 Ipsam

176 3650 329 3708 arautem
354 3641 638 3729 quadragesimam
662 3662 682 3705 a
704 3648 821 3726 quarta
844 3641 937 3719 feria,
961 3640 994 3704 id
1018 3647 1068 3705 est
1091 3661 1111 3705 a
1133 3641 1242 3727 capite
1266 3642 1390 3722 ieiunii,
1414 3644 1577 3729 cumipse
1599 3649 1716 3729 quarta
1737 3643 1841 3724 lerial,

220 3746 304 3833 quak
326 3745 456 3833 publice
480 3746 689 3831 poenitentes
712 3746 950 3832 poenitentiam
973 3745 1153 3830 accipiunt,
1177 3745 1345 3810 observari
1369 3765 1471 3832 usque
1495 3744 1537 3809 ad
1560 3751 1707 3810 sanctam
1731 3766 1841 3812 resur-

219 3849 396 3914 rectionem
419 3847 595 3914 secundum
621 3848 891 3914 consuetudinem
915 3849 1082 3934 antiquam
1105 3850 1335 3935 praecipimus.
1383 3849 1450 3914 Sed
1473 3855 1629 3936 expectet
1652 3850 1706 3935 qui
1730 3869 1842 3916 sacra-

219 3959 365 4017 mentum
388 3959 465 4017 ante
488 3951 772 4038 quadragesimam
796 3959 960 4018 servatum
985 3952 1122 4038 accepit,
1146 3952 1173 4016 si
1197 3951 1258 4015 XL
1280 3951 1350 4017 dies
1374 3958 1407 4016 et
1430 3951 1490 4016 XL
1513 3959 1627 4019 noctes
1652 3960 1728 4019 anta
1745 3953 1842 4020 illud¹

220 4054 471 4142 quadragesima
494 4075 559 4120 non
582 4056 710 4132 habuit,
742 4057 813 4122 sine
841 4056 930 4121 ullass
958 4056 1058 4140 legali
1092 4055 1331 4141 compositione
1363 4055 1415 4120 vel
1443 4056 1636 4121 iectitionem
1665 4078 1770 4144 usque
1801 4058 1842 4124 ad

176 4184 201 4225 ss
220 4159 305 4225 diam
335 4160 459 4226 Lunis¹¹
492 4166 566 4247 post
593 4166 725 4225 octavas
758 4161 915 4247 pasehae;
950 4167 984 4224 et
1015 4166 1109 4240 tunc,
1144 4159 1229 4244 quod
1256 4159 1409 4244 legaliter
1437 4161 1578 4247 accepit,
1607 4161 1760 4247 legaliter
1788 4169 1843 4226 et⁸

220 4264 377 4350 perficiat.

327 4371 378 4432 34.
412 4366 554 4431 Notum⁰
581 4368 651 4432 fieri
675 4369 824 4434 volumus
848 4368 999 4433 omnibus
1023 4368 1088 4432 Dei
1115 4374 1149 4432 et
1171 4369 1291 4432 nostris
1313 4366 1479 4449 fidelibus,
1510 4371 1683 4454 quoniaml’
1712 4369 1842 4455 quidam

220 4471 355 4536 comites
378 4469 481 4534 uestri
505 4491 564 4534 nos
589 4473 825 4536 consuluerunt
849 4471 888 4534 de
918 4471 983 4535 illis
1008 4470 1142 4536 Francis
1165 4471 1369 4552 hominibus,
1401 4473 1456 4558 qui
1490 4493 1623 4538 censum
1651 4474 1776 4558 regium
1800 4473 1841 4540 de

220 4596 279 4640 suo
312 4575 435 4660 capite,
470 4573 549 4640 sedq
577 4579 611 4639 et
637 4573 678 4640 dc
706 4576 772 4639 suis
805 4566 990 4640 rescellis16
1016 4573 1211 4656 debebantt,
1250 4575 1305 4661 qui
1339 4581 1486 4663 tempore
1520 4576 1615 4642 samis
1644 4579 1841 4646 necessitate

174 4779 201 4819 tu
321 4759 341 4824 i)
371 4760 439 4811 euim
467 4759 529 4812 add.
553 4759 578 4812 6.
683 4758 711 4822 Ιι)
736 4775 776 4809 om
798 4757 822 4810 3.
932 4758 953 4826 l)
976 4776 1049 4810 sacra
1072 4757 1097 4811 6.
1208 4760 1244 4825 ιιι)
1271 4761 1431 4813 centendunt
1452 4760 1476 4813 3.
1582 4763 1609 4828 ιι)
1631 4771 1795 4818 accusatores
1817 4764 1842 4818 3.

219 4845 245 4909 ο)
264 4846 399 4898 iectisoant
411 4846 434 4898 1.
447 4845 472 4898 2.
548 4847 575 4914 p)
594 4847 662 4898 sicut
679 4886 684 4896 .
699 4883 725 4897 ..
744 4854 831 4897 noctes
844 4863 893 4897 om.
905 4844 929 4896 3.
1002 4847 1030 4912 q)
1049 4847 1104 4897 dica
1121 4883 1127 4896 .
1142 4885 1166 4898 ..
1186 4854 1356 4899 numerantur
1368 4865 1416 4899 om.
1431 4845 1455 4899 6.
1525 4846 1548 4915 r)
1561 4847 1652 4902 riveti.
1723 4850 1843 4914 sinuatis

219 4933 341 4984 memoria
358 4930 383 4984 3.
469 4931 490 4998 t)
508 4933 574 4984 dixit
591 4932 614 4984 6.
712 4931 740 4997 u)
759 4932 835 4984 simul
919 4933 1039 4983 noctibus
1056 4949 1105 4983 om.
1125 4931 1148 4984 l.
1243 4933 1272 4999 v)
1290 4934 1431 4986 ministerio
1449 4932 1473 4986 3.
1575 4933 1610 5002 w)
1628 4945 1686 5003 post
1703 4953 1750 4990 sax
1767 4941 1842 5005 septi-

218 5035 310 5070 manas
327 5015 353 5070 3.
432 5017 460 5087 x)
478 5021 499 5072 si
518 5036 596 5087 pasca
614 5020 641 5070 in
659 5019 716 5086 ipsa
733 5015 758 5070 3.
835 5015 865 5085 y)
883 5019 986 5084 sitque
1004 5019 1031 5069 iu
1049 5017 1072 5070 6.
1153 5015 1178 5082 a)
1196 5020 1296 5086 accepit
1313 5017 1336 5071 6.
1409 5019 1436 5089 a)
1455 5023 1555 5088 aceepit
1570 5018 1630 5072 3.l.
1703 5022 1731 5088 b)
1750 5041 1799 5078 aaa
1817 5023 1841 5076 6.

218 5101 244 5171 c)
262 5103 486 5158 caucasios·
547 5105 634 5169 ᾱ)ἰ1ἰε
651 5100 675 5155 4.
772 5102 797 5170 e)
815 5121 867 5156 ιιοιι
891 5103 952 5155 add.
970 5102 994 5155 6.
1100 5101 1125 5169 f)
1143 5121 1191 5155 cm.
1209 5101 1235 5155 4.
1339 5105 1369 5173 g)
1387 5123 1435 5157 om.
1454 5104 1479 5158 8.
1583 5104 1612 5174 h)
1629 5109 1684 5174 qui,
1702 5125 1751 5160 cm.
1769 5111 1799 5175 si,
1816 5109 1841 5164 3.

174 5207 199 5246 st
218 5191 238 5256 i)
256 5191 340 5258 Iucip.
358 5192 450 5244 iterum
461 5191 485 5244 ὅ.
564 5189 593 5260 Ιι)
612 5193 672 5258 quia
689 5190 713 5243 5.
794 5190 813 5258 l)
831 5191 902 5243 illam
919 5192 1144 5259 quadragesimam
1162 5189 1223 5244 23.
1303 5189 1339 5259 ιιι)
1358 5193 1465 5244 lectione
1482 5189 1507 5244 3.
1520 5191 1546 5244 4.
1625 5193 1762 5259 11)an
1781 5195 1842 5249 l.4.

218 5276 244 5345 ο)
262 5279 331 5344 Quid
348 5279 380 5330 de
397 5279 437 5329 his
455 5279 611 5346 pauperibus
629 5280 735 5330 Francis
754 5279 899 5330 laciendum
917 5279 959 5342 sit,
976 5279 1021 5344 qui
1039 5295 1078 5330 res
1097 5295 1165 5343 suas,
1184 5285 1297 5346 tempore
1315 5281 1392 5332 samia
1410 5280 1485 5330 etiam
1498 5283 1647 5348 mmetipsos
1665 5283 1691 5334 in
1709 5286 1841 5338 corridum

217 5364 387 5416 vendiderunt
404 5363 475 5416 rubr.
493 5366 521 5416 ia
539 5363 563 5417 6.
651 5361 678 5432 pl
695 5365 757 5432 quia
774 5362 798 5416 3.
886 5364 913 5430 q)
933 5373 959 5418 et
976 5364 1089 5416 rescellis
1107 5364 1217 5417 debeant
1236 5362 1314 5431 (corr.
1334 5364 1437 5433 debent)
1455 5364 1480 5418 3.

320 5526 348 5594 9)
363 5524 421 5594 Ofr.
433 5524 520 5593 Solam
539 5525 583 5581 R.
594 5543 621 5579 a.
634 5525 696 5580 GV.
710 5525 733 5592 I,
746 5542 776 5595 p.
790 5526 913 5594 392sqq.;
931 5525 1059 5579 Ilum
1077 5525 1093 5580 l.
1102 5541 1124 5579 c.
1137 5525 1177 5591 ΙΙ,
1191 5542 1220 5594 p.
1233 5527 1358 5596 216344.)
1370 5527 1429 5594 218,
1444 5532 1497 5583 aot.
1507 5529 1531 5584 9.
1614 5530 1657 5600 10)
1668 5530 1694 5585 2.
1706 5530 1842 5586 Fecisset.

218 5627 263 5696 ιι)
282 5627 366 5682 rosas
381 5629 438 5696 ar.
529 5627 574 5694 ιι)
600 5629 624 5682 3.
643 5627 707 5696 aa.
732 5629 774 5692 19,
784 5629 807 5682 a.
893 5629 937 5696 re)
956 5625 1043 5683 aaa.
1066 5627 1159 5695 acas
1250 5630 1295 5701 ιι)
1315 5629 1412 5685 uasa
1430 5630 1493 5694 aa.
1593 5632 1636 5699 ιι)
1656 5632 1712 5701 oa.
1732 5636 1843 5704 meas

175 5747 256 5810 sagr.
274 5731 473 5812 dragma
485 5733 528 5800 26,
545 5735 606 5788 aa.
621 5731 646 5798 I,
659 5733 757 5800 pilo.
847 5731 1330 5805 tc)1.e.:paronssaa,·crr.1)a
1350 5733 1623 5809 woeserma.
