4634 6436
331 440 460 496 REGUM
473 441 622 496 ITALIAE
634 441 753 497 Pscrn
766 441 812 496 ΕΤ
826 441 1036 502 ΡΒΑΕΟΕΡΤΑ
1048 440 1235 498 resumas
1249 441 1471 512 (HLUDOWICI
1483 443 1538 510 ΙΙ.).
1553 473 1585 483 -
1598 443 1647 498 Nr.
1656 444 1715 499 234.
1727 444 1787 500 235.
1814 447 1872 510 137

562 613 897 700 Signumffl'hotharii
920 615 1123 681 serenissimi
1146 617 1285 702 augusti.
1889 623 1950 679 8411.

560 717 820 784 Eroambaldus¹¹
842 720 988 784 notarius
1012 769 1068 786 ...

209 909 211 912 Ι
357 821 446 887 Data
468 821 543 888 Kal.
565 821 654 908 Sept.
684 843 769 888 anno
787 821 917 887 Christo
945 823 1085 908 propitio
1116 825 1243 910 imperii
1267 823 1389 889 domini
1410 822 1557 888 Lotharii
1579 822 1719 908 piissimi
1742 823 1874 906 augusti

246 925 280 989 in
304 924 400 990 Italia
422 924 533 990 XXII.
563 930 597 989 et
626 925 659 988 in
682 923 896 1006 1666616611,
927 924 1104 992 indictione
1135 933 1288 1002 octava⁰;
1320 932 1429 991 actum
1452 924 1616 991 Teodonis
1639 925 1717 990 villa
1745 926 1873 1011 palacio

215 1029 355 1115 eregio;
383 1029 416 1093 in
439 1027 505 1093 Dei
527 1027 657 1094 nomine
681 1028 835 1095 solliciter
857 1040 992 1095 ameum.

347 1217 384 1287 m)
402 1220 510 1288 Signum
523 1257 564 1273 ...
577 1236 654 1272 amen
669 1236 718 1272 cnr.
731 1219 786 1271 cod
799 1219 884 1272 Marc.
897 1229 921 1272 et
932 1219 1007 1272 codd.
1020 1220 1139 1272 Eetamcs
1151 1221 1249 1272 Cicron.
1264 1221 1384 1273 Daedali
1396 1220 1469 1288 apsrd
1481 1219 1666 1282 Marctcriam,
1684 1218 1735 1272 SS.
1748 1237 1799 1272 rer.
1811 1220 1873 1272 1161

244 1307 315 1371 XII,
331 1304 451 1372 661171,
468 1308 511 1374 qui
528 1309 614 1358 torrere
631 1308 707 1374 affert
723 1323 754 1358 err
771 1307 827 1359 661.
840 1306 959 1359 11661666.
974 1307 1069 1360 miron.
1083 1308 1212 1372 Daedali,
1228 1308 1272 1360 611
1289 1315 1370 1360 666161
1386 1323 1582 1373 6666966666
1592 1306 1697 1372 falsum
1714 1315 1737 1358 ct
1755 1307 1875 1372 teporem

244 1394 413 1446 Cromhaldue
430 1402 454 1447 ct
468 1393 587 1446 Thermis
605 1392 668 1444 vitia
683 1411 732 1460 pro
751 1394 938 1446 Ercambaldus
956 1402 979 1446 et
996 1395 1143 1446 Theodonis
1160 1394 1231 1446 vilia.
1317 1392 1346 1460 6)
1364 1393 1512 1446 Eromhaldi
1531 1400 1584 1444 not
1599 1390 1622 1443 1.
1709 1389 1736 1456 ο)
1753 1409 1803 1458 pro
1823 1392 1843 1442 Ι
1846 1391 1874 1444 V.

854 1654 1265 1664 ψ

389 1902 489 2008 235.
543 1897 1101 2009 PRAEOEPTUM
1140 1895 1621 2008 HLUDOWIOI
1660 1896 1731 2004 Π.

904 2077 1002 2161 666.
1029 2087 1135 2162 Mart.
1163 2087 1224 2161 63.

354 2253 535 2334 Traditum
556 2276 602 2336 est
625 2271 677 2336 irs:
703 2271 732 2355 1)
756 2271 854 2336 Iribro
873 2269 982 2336 blanco
996 2269 1051 2351 fot.
1071 2274 1120 2349 11,
1143 2292 1192 2336 rvr.
1210 2274 1239 2349 3,
1261 2271 1319 2352 qai
1339 2269 1461 2335 6616161
1482 2267 1736 2348 16666161166666
1769 2267 1875 2331 Privi-

246 2373 369 2458 lcgium
401 2374 655 2439 confirmationis
683 2372 842 2440 Ludovici
874 2375 1081 2462 imperatoris
1112 2376 1235 2440 iactum
1268 2373 1455 2461 supradicto
1484 2373 1584 2438 Petro
1616 2371 1691 2436 duci
1712 2370 1876 2446 Venecie;

246 2476 281 2561 2)
312 2477 378 2541 cod.
404 2476 572 2542 Trivisanc
593 2476 647 2558 sol.
664 2480 715 2542 49.
761 2477 970 2561 Praccqrtum
992 2477 1163 2544 Hlotharic'
1190 2479 1235 2544 ad
1264 2478 1390 2544 uerbum
1419 2476 1583 2558 repetitur.
1632 2471 1699 2556 Osr.
1723 2473 1875 2539 Br'itmcr-

246 2578 457 2646 haumar
478 2601 528 2645 ar.
548 2584 640 2646 1111.
1414 2579 1472 2664 (Β.
1488 2578 1588 2656 16661;
1610 2577 1774 2658 Ederet.)

206 2855 231 2893 n
353 2778 400 2889 16
427 2826 558 2890 nomine
586 2825 707 2891 domini
735 2826 837 2892 nostri
860 2825 953 2891 Yesu
976 2825 1099 2892 Christi
1121 2826 1185 2892 Dei
1208 2825 1323 2892 eterni.
1369 2824 1578 2891 Ludoricus·
1600 2823 1708 2910 gratia
1729 2822 1793 2888 Dei
1815 2823 1876 2888 irn-

247 2926 379 3005 perator
398 2927 566 3004 augustus.
645 2931 768 3002 Dignum
784 2934 836 2998 cst,
860 2934 892 2986 ut
907 2930 1045 2986 celsitudo
1060 2931 1223 3002 imperialis,
1247 2933 1385 3001 quantum
1400 2919 1530 2986 ceterosl’
1546 2929 1661 2985 honoris
1676 2947 1710 2984 ac
1725 2931 1877 3000 potestatis

247 3016 363 3086 fastigio
389 3017 548 3084 antecellit,
581 3020 693 3073 tantum
723 3036 790 3089 erga
817 3035 914 3074 omnes
940 3017 1057 3088 pietatis
1084 3037 1134 3073 sue
1162 3036 1262 3073 munus
1289 3017 1451 3087 impendere
1474 3019 1595 3088 satagat.
1639 3016 1731 3088 Igitur
1753 3017 1878 3072 omnium

248 3103 372 3158 fidelium
395 3107 492 3158 666616
514 3104 567 3160 Dei
590 3102 707 3160 ecclesie
729 3122 762 3160 ao
784 3107 953 3170 nostrorum,
982 3104 1155 3174 presentium
1179 3104 1271 3160 silicet
1293 3107 1323 3159 et
1338 3105 1505 3170 futurorum,
1528 3102 1684 3174 comperiat
1703 3103 1877 3174 magnitudo,

248 3189 316 3259 quia
331 3189 430 3244 Petrus
445 3189 501 3245 dux
517 3208 551 3246 ac
571 3190 732 3260 spatharius
744 3190 944 3247 veneticorum
960 3208 1010 3261 per
1025 3189 1196 3248 Everardum
1217 3180 1465 3246 dilectissimum
1489 3179 1605 3245 ducem
1628 3185 1661 3244 61
1683 3180 1878 3245 familiarem

203 3295 230 3335 66
247 3279 376 3331 6661666
398 3279 485 3345 61666
507 3277 694 3347 permissum
719 3279 819 3332 66661ο
841 3267 1024 3333 Dausdadit
1046 3277 1159 3333 nomine
1182 3280 1309 3334 nostram
1329 3277 1497 3347 deprecatus
1520 3279 1564 3332 est
1585 3275 1771 3352 maiestatem,
1795 3281 1828 3332 ut
1843 3294 1878 3332 ex

246 3363 329 3418 rebus
357 3362 400 3417 sui
427 3362 560 3430 ducatus,
588 3381 643 3433 quc
670 3363 745 3418 infra
765 3364 904 3420 ditionem
925 3363 1038 3434 imperii
1064 3365 1155 3419 nostri
1177 3363 1330 3420 consistere
1353 3366 1515 3430 noscuntur,
1539 3361 1759 3418 confirmationis
1781 3366 1878 3419 666166

246 3452 410 3519 preceptum
433 3449 493 3504 fieri
515 3449 687 3518 iuberemus,
715 3468 766 3521 per
788 3451 863 3521 quod
886 3451 947 3520 ipse
968 3468 1002 3506 ac
1023 3451 1199 3520 patriarcha,
1228 3450 1375 3521 pontifices
1397 3454 1483 3519 atque
1506 3450 1627 3519 populus
1650 3439 1713 3504 sibi
1736 3448 1878 3504 subiectus

246 3535 301 3590 sibi
331 3534 441 3590 debitas
473 3553 517 3591 res
548 3536 655 3606 absque
684 3537 841 3607 cuiuspiam
872 3537 1074 3592 contrarietate
1105 3554 1154 3592 seu
1183 3537 1374 3608 refragatione
1404 3536 1525 3591 retinere
1556 3524 1748 3605 quivissent‘l,
1782 3553 1876 3605 quem·

248 3622 397 3677 admodum
429 3623 604 3692 temporibus
632 3613 759 3678 116661ο
790 3623 881 3678 nostri
909 3623 1007 3679 Karoli
1036 3642 1087 3694 per
1114 3624 1258 3680 decretum
1288 3641 1351 3678 cum
1378 3622 1475 3678 Grecis
1505 3621 1661 3677 sanccitum
1690 3621 1877 3692 possiderunt.

206 3719 231 3758 ss
249 3707 335 3764 Cuius
361 3708 542 3778 petitionem,
576 3712 609 3764 ut
634 3710 715 3765 nobis
744 3709 856 3765 celestis
883 3709 1048 3781 suffragatio
1076 3709 1216 3780 copiosior
1241 3710 1330 3777 adsit,
1360 3709 1483 3765 libenter
1510 3708 1723 3778 adquiescentes
1751 3708 1803 3763 hos
1832 3726 1877 3763 ex·

248 3794 369 3851 66166116
390 3797 487 3850 nostre
509 3795 603 3866 apices
625 3796 800 3852 decrevimus
822 3797 896 3863 fieri,
923 3814 974 3866 per
996 3813 1066 3866 quos
1089 3799 1249 3852 statuentes
1271 3785 1468 3861 decernimuss,
1495 3797 1528 3850 ut
1550 3795 1643 3851 nullus
1665 3794 1695 3848 in
1718 3794 1878 3860 territoriis,

247 3879 317 3936 locis
344 3881 528 3951 peculiariis⁸
554 3885 605 3937 aut
633 3882 769 3950 eeclesiis,
801 3882 930 3938 domibus
959 3900 1008 3940 666
1031 3882 1114 3939 rebus
1137 3886 1166 3938 et
1188 3883 1305 3953 reliquis
1327 3881 1550 3953 possessionibus
1573 3881 1729 3952 presignati
1751 3881 1878 3947 ducatus,

248 3986 303 4038 qne
329 3967 405 4022 infra
432 3971 604 4038 potestatem
632 3969 744 4039 imperii
766 3968 857 4025 nostri
880 3969 952 4024 scita
974 3987 1035 4025 esse
1057 3972 1224 4046 noscuntur,
1251 3969 1379 4039 iniquam
1401 3969 1529 4039 ingerere
1552 3957 1716 4039 presumath
1738 3967 1878 4038 inquietu-

250 4054 352 4120 dinem,
375 4054 623 4111 diminorationem
645 4073 694 4111 seu
717 4055 920 4111 calumniosam
942 4056 1195 4112 contradictionem
1217 4059 1268 4112 aut
1290 4055 1512 4111 subtractionem
1534 4054 1700 4119 nefandam
1724 4054 1773 4110 sed
1794 4054 1880 4110 116661

207 4149 233 4188 ³⁰
251 4158 298 4198 666
320 4141 432 4210 prefato
455 4141 527 4206 1661,
550 4142 719 4212 patriarche,
743 4143 882 4213 episcopis
905 4159 938 4198 ac
964 4143 1069 4213 populo
1092 4142 1146 4198 sibi
1162 4142 1289 4199 subiecto
1305 4143 1374 4198 666ο
1390 4140 1596 4197 successoribus
1612 4159 1708 4198 eornm
1723 4141 1878 4197 66166611-

249 4228 302 4282 bue
332 4227 428 4297 quiete
457 4228 564 4298 616666
594 4228 758 4299 cuiusquam
788 4229 953 4284 insultantis
984 4230 1194 4285 machinatione
1224 4233 1275 4284 aut
1303 4228 1418 4284 sinistra
1447 4226 1593 4298 quippiam
1622 4227 1766 4283 molientis
1795 4228 1878 4298 tergi-

251 4302 424 4369 6616611666ἰ
447 4313 507 4369 iure
529 4315 686 4385 gubernare
713 4318 743 4371 et
769 4315 968 4386 gubernando,
996 4319 1081 4386 prout
1103 4315 1238 4386 liquidius
1264 4315 1295 4371 in
1317 4315 1481 4385 presignato
1502 4315 1617 4370 decreto
1639 4313 1813 4380 continetur,
1841 4315 1879 4370 16-

229 4399 353 4471 'guliter
379 4391 551 4470 possiderek.
595 4399 633 4457 Et
660 4405 692 4456 ut
719 4402 771 4458 hec
797 4405 892 4458 nostre
920 4403 1141 4458 confirmationis
1167 4406 1254 4472 atque
1280 4400 1503 4458 coroborationis
1530 4401 1686 4457 auctoritas
1713 4417 1731 4454 a
1752 4400 1880 4456 fidelibus

252 4489 347 4542 sancte
369 4486 423 4541 Dei
451 4487 567 4544 ecclesie
596 4490 625 4542 et
654 4489 757 4544 nostris
780 4487 873 4544 verius
902 4489 1033 4544 credatur
1061 4493 1091 4545 61
1113 4501 1133 4544 a
1155 4489 1259 4544 nostris
1288 4487 1493 4543 suecessoribus
1521 4506 1572 4558 per
1598 4491 1728 4557 tempora
1754 4487 1880 4542 labentia

210 4571 329 4628 6666161
357 4573 512 4629 munimine
541 4573 715 4642 stabiliatur,
744 4592 829 4630 manu
857 4575 972 4646 propria
995 4567 1109 4632 subter
1130 4593 1193 4632 cam
1217 4574 1401 4642 firmavimus,
1431 4574 1560 4630 6166611
1583 4573 1674 4630 nostri
1696 4572 1879 4642 impressione

251 4659 395 4730 adsignari
419 4659 559 4715 iussimus.

361 4752 793 4839 8166661(11.)1161661611
817 4755 1045 4840 gloriosissimi
1069 4757 1210 4842 augusti.

359 4856 448 4921 Data
461 4855 504 4921 X.
520 4855 595 4922 Kal.
611 4855 735 4943 Aprilis
758 4879 844 4923 anno
861 4857 993 4924 Christo
1017 4860 1158 4945 propitio
1180 4858 1308 4946 imperii
1331 4857 1454 4924 domini
1473 4856 1658 4922 Lcdovicim
1682 4857 1881 4922 serenissimi

253 4959 383 5045 augusti
409 4959 442 5024 in
465 4959 563 5024 Italia
577 4959 658 5043 vla,
691 4960 869 5029 indictione
892 4962 952 5040 IV;
986 4969 1096 5028 actum
1124 4962 1280 5030 Mantua⁰
1308 4962 1430 5050 palatio
1463 4963 1569 5048 regio;
1602 4961 1635 5026 in
1658 4959 1723 5027 Dei
1751 4961 1880 5026 nomine

214 5081 239 5120 ⁴⁰
254 5062 395 5128 feliciter
417 5083 523 5130 amen.

355 5253 382 5319 6)
400 5253 597 5308 111616νί6662.
667 5252 695 5322 1)
714 5255 804 5309 ceteris
818 5253 842 5307 1.
912 5257 937 5320 6)
956 5274 1004 5309 666.
1019 5255 1043 5309 1.
1113 5258 1141 5323 1)
1160 5259 1286 5324 quivisset
1299 5255 1323 5310 1.
1395 5255 1420 5322 6)
1439 5256 1533 5309 hisavii
1547 5254 1570 5308 l.
1628 5255 1665 5322 1)
1684 5255 1844 5307 decrevimus
1858 5252 1881 5306 1.

253 5339 280 5407 g)
298 5341 472 5408 peculiaribus
483 5339 509 5393 2.
580 5341 608 5405 h)
627 5350 778 5409 presumant
791 5340 815 5395 1.
885 5344 904 5410 1)
922 5344 1160 5411 tergiversationem
1175 5345 1196 5396 1.
1265 5343 1295 5410 h)
1314 5344 1443 5412 postulare
1457 5341 1479 5394 1.
1545 5339 1881 5406 1)111616616166666112.

255 5425 715 5492 16)111616616166661166116611612.
784 5428 813 5496 6)
832 5432 855 5482 V
873 5429 898 5482 2.
968 5430 995 5496 o)
1014 5433 1139 5484 Mantuae
1156 5430 1182 5484 2.

362 5847 400 5884 u..
426 5845 595 5885 curruum
613 5845 639 5883 1¹.
