4568 6420
452 430 693 487 weurrsluus
712 432 759 487 Du
776 432 946 488 uxoanlls
965 433 1011 488 ΕΤ
1030 433 1279 490 INGREMENTIS
1297 437 1378 492 BER.
1397 437 1493 494 EOGL.
1511 454 1535 492 o.
1545 439 1570 493 6.
1589 439 1612 491 7.
1785 443 1844 505 481

221 603 352 668 testudo
376 598 612 683 nominatur⁶⁸3
638 607 743 672 Grece
768 609 854 673 enim
877 631 1031 694 camyron
1055 630 1188 673 curvum
1210 609 1336 675 dicitur.
1380 601 1599 675 Lacunaria68
1623 618 1657 676 et
1677 612 1847 697 laquearia

221 707 398 793 pendentia
420 715 495 773 sunt
518 712 715 796 templorum
740 719 932 777 ornaments
954 711 1029 776 inde
1054 710 1157 792 diota,
1193 713 1278 797 quod
1302 714 1434 778 luceant
1462 715 1494 778 in
1528 718 1614 778 abre.
1661 713 1746 788 Quia
1768 735 1847 779 vero

221 812 355 896 longum
380 819 429 876 est
456 814 608 898 singulas,
625 835 789 880 sacrarum
818 815 948 880 aedium
971 824 1083 901 partes
1107 815 1303 900 exponendo
1325 837 1516 901 percurrere
1540 855 1581 864 —
1604 817 1776 902 multiplex
1799 824 1848 882 est

220 917 325 980 enim¹
339 917 372 981 in
386 917 433 980 eis
444 939 559 1002 aeque,
575 919 656 982 utin
673 919 791 984 ceteris
805 921 986 1000 structuris,
1004 919 1169 984 nominum
1185 927 1219 983 et
1235 919 1416 1004 specierum
1430 919 1602 984 diversitas
1616 957 1666 1001 -,
1684 920 1847 985 sufficiant

181 1036 192 1074 ι
221 1020 303 1084 haec
333 1020 374 1086 de
399 1021 665 1086 eminentioribus
695 1043 806 1086 earum
835 1023 984 1108 partibus
1012 1023 1108 1089 dicta.
1154 1021 1205 1085 Ad
1236 1030 1361 1103 cetera,
1395 1043 1479 1108 quae
1503 1030 1646 1105 restant,
1676 1043 1734 1109 per
1764 1023 1847 1090 haec

221 1124 316 1209 signa
338 1124 546 1208 ingressuum
570 1124 696 1189 facilior
720 1125 874 1190 studiosis
897 1127 1023 1213 patebit
1046 1127 1208 1191 introitus.

328 1231 356 1292 7.
392 1227 509 1292 Dicam
533 1235 642 1292 tamen
666 1229 763 1292 etiam
788 1229 968 1294 secundum
990 1237 1134 1294 nostram
1156 1229 1358 1308 barbariem,
1391 1250 1475 1314 quae
1500 1235 1551 1294 est
1573 1229 1760 1308 Theotisca,
1783 1252 1846 1317 quo

221 1333 351 1396 nomine
380 1330 494 1396 eadem
524 1330 638 1395 domus
665 1331 728 1396 Dei
757 1334 972 1418 appelletur¹,
1010 1334 1144 1398 ridiculo
1172 1333 1301 1398 futurus
1333 1333 1475 1412 Latinis,
1505 1335 1532 1397 si
1565 1335 1620 1418 qui
1650 1334 1734 1399 forte
1764 1335 1846 1400 baec

222 1437 370 1521 legerint,
400 1437 454 1520 qui
477 1435 592 1498 velim‘
621 1436 786 1500 simiarum
817 1438 973 1502 informes
997 1445 1091 1502 natos
1121 1439 1206 1502 inter
1233 1445 1445 1522 augustorum
1477 1438 1599 1502 liberos
1627 1445 1846 1524 computares.

170 1560 194 1600 ιο
222 1529 387 1602 ficimus69
414 1545 523 1602 tamen
558 1543 591 1603 et
615 1536 795 1618 Salomoni,
827 1541 881 1624 qui
912 1539 945 1605 in
969 1541 1080 1604 multis
1110 1547 1223 1626 typum
1251 1543 1355 1626 gessit
1383 1539 1515 1604 Domini
1547 1541 1732 1620 salvatoris,
1762 1543 1848 1606 inter
1938 1537 1940 1547 ⁴

221 1662 365 1728 pavones
388 1642 498 1706 simias
521 1641 622 1705 fnisse
646 1640 787 1718 delataa;
812 1651 845 1707 et
872 1642 1046 1724 Dominus,
1077 1645 1131 1728 qui
1154 1646 1260 1729 pascit
1282 1644 1464 1722 columbas,
1489 1635 1593 1708 ‘dst70
1616 1665 1725 1710 escam
1749 1644 1846 1730 pullis

221 1766 390 1810 corvorum
424 1745 648 1808 invocantibus
683 1743 777 1809 eum?
826 1744 975 1830 Lagant*
1006 1767 1083 1830 ergo
1121 1747 1221 1810 nostri
1255 1753 1289 1812 et
1316 1749 1400 1813 sicut
1428 1747 1601 1832 religione,
1638 1748 1685 1812 sic
1713 1768 1843 1833 quoque

221 1849 407 1913 rationabili
430 1849 594 1913 locutione
618 1870 677 1913 nos
701 1851 733 1912 in
756 1849 867 1913 multia
885 1870 994 1913 veram
1017 1849 1138 1913 imitari
1155 1849 1334 1914 Grecorum
1359 1857 1393 1915 et
1407 1849 1629 1915 Romanorum
1652 1851 1847 1936 intellegant

220 1952 470 2039 philosophiam.
516 1951 639 2016 Multae
663 1973 714 2016 res
740 1959 842 2016 sunt'
865 1953 951 2038 apud
975 1953 1119 2037 singulas
1143 1959 1271 2037 gentes,
1294 1964 1454 2039 quarum¹
1476 1955 1608 2018 nomina
1632 1960 1708 2019 ante
1733 1957 1846 2040 cogni-

169 2081 194 2118 ιι
221 2058 343 2120 tionem
371 2056 515 2141 ipsarum
543 2076 650 2118 rerum
683 2055 768 2140 apud
798 2056 880 2120 alias
909 2056 1072 2140 incognita
1104 2065 1198 2130 sunt;
1229 2058 1339 2141 sicque
1367 2057 1405 2120 fit
1432 2057 1639 2142 saepissime,
1673 2064 1709 2121 ut
1737 2079 1844 2122 rerum

220 2159 405 2224 intellectus
428 2159 503 2223 aliiy
527 2161 568 2222 ab
592 2160 664 2223 aliia
687 2159 895 2224 addiscentes
912 2162 1044 2224 nomina
1059 2180 1188 2245 quoque
1212 2166 1245 2224 et
1266 2160 1505 2246 appellationes
1522 2179 1634 2224 earum
1651 2161 1703 2224 vel
1720 2163 1846 2244 integre

219 2264 269 2327 rel
299 2271 448 2348 corrupte
477 2283 549 2326 cum
580 2283 664 2327 nova
691 2262 917 2347 intellegentia
945 2264 977 2326 in
1001 2284 1097 2347 suam
1122 2264 1353 2349 proprietatem
1377 2263 1518 2327 trahant.
1558 2259 1605 2327 Ut
1631 2264 1674 2328 ab
1702 2263 1845 2329 Hebreis

221 2366 338 2444 Greci,
370 2367 479 2431 Latini
502 2374 536 2430 et
566 2364 695 2430 barbari
718 2388 824 2447 amen,
849 2367 982 2431 alleluia
1006 2373 1039 2432 et
1062 2387 1186 2430 osanna
1209 2367 1346 2431 mutuati
1371 2373 1460 2448 sunt,
1496 2366 1652 2432 aGrecis
1674 2367 1784 2432 Latini
1814 2374 1847 2433 et

219 2491 352 2551 omnes,
382 2472 437 2555 qui
466 2470 558 2535 libris
580 2470 771 2534 Latinorum
800 2477 833 2535 et
854 2469 966 2556 lingua
989 2477 1140 2550 utuntur,
1171 2471 1361 2551 ecclesiam,
1391 2469 1608 2555 baptismum,
1640 2471 1782 2535 chrisma
1812 2479 1846 2536 ot

167 2594 193 2634 ao
220 2575 364 2639 omnium
387 2594 492 2660 paene
517 2573 644 2638 radices
668 2574 827 2639 dictorum
851 2582 1065 2660 acceperunt;
1096 2575 1262 2639 aLatinia
1294 2581 1403 2638 autem
1427 2573 1596 2640 Theotisoi
1625 2575 1728 2639 mults
1758 2576 1844 2639 etin

220 2679 383 2743 communi
406 2679 581 2754 locutione,
605 2684 642 2742 ut
664 2680 797 2758 scamel,
821 2679 976 2760 fenestra,
1001 2679 1114 2760 lectar,
1137 2680 1170 2742 in
1194 2679 1292 2743 rebus
1316 2685 1454 2741 automW
1470 2677 1580 2741 divino
1604 2679 1738 2743 servitio
1755 2678 1844 2743 adis-

220 2783 370 2847 centibus
393 2803 498 2869 paene
523 2782 646 2857 omnia;
670 2783 748 2846 item
772 2781 921 2848 aGreois
946 2782 1303 2869 sequentes⁸Latinos,
1329 2787 1364 2845 ut
1380 2782 1506 2845 chelih¹
1530 2802 1549 2845 a
1571 2781 1683 2861 calice,
1708 2782 1845 2868 phaterb

220 2908 239 2950 a
255 2894 347 2972 patre
356 2897 379 2966 ⁰,
387 2885 528 2964 „morere
545 2891 694 2965 amatre,
718 2897 840 2971 genez⁰
856 2908 875 2950 a
891 2888 1032 2972 genetio,
1056 2908 1139 2972 quae
1157 2885 1262 2951 Grece
1283 2885 1433 2950 dicuntur
1455 2883 1569 2970 cylixs,
1592 2891 1694 2972 pater,
1719 2893 1845 2952 meter8

219 2998 252 3054 et
274 2990 460 3076 genetionh,
485 3011 558 3054 cum
582 2991 615 3054 in
638 2989 833 3075 quibusdam
856 2990 972 3055 horum
995 3012 1058 3055 non
1083 2991 1186 3055 solum
1201 2990 1321 3068 Latini,
1346 2996 1382 3054 ut
1404 2989 1531 3074 genitor
1554 2994 1587 3054 et
1610 2990 1763 3074 genitrix,
1786 2990 1844 3055 sed

167 3113 192 3152 ιι
219 3095 319 3158 etiam
344 3093 512 3158 Theotisci
534 3095 683 3178 proprias
705 3093 849 3158 habeant
871 3115 980 3174 voces,
1004 3101 1040 3158 ut
1063 3101 1131 3158 atto
1156 3101 1188 3158 et
1210 3092 1341 3174 ammaf,
1364 3085 1489 3157 tod0¹71
1515 3097 1549 3156 et
1571 3091 1657 3157 toda.
1696 3093 1748 3157 Ab
1764 3093 1844 3179 ipsis

219 3204 329 3263 autem
354 3197 469 3263 Grecis
492 3196 625 3282 hyrica¹¹
648 3217 668 3260 a
690 3195 816 3281 kyrios¹
840 3205 873 3261 et
896 3218 982 3283 papo
1006 3219 1025 3260 a
1047 3217 1149 3282 papa,
1184 3196 1269 3282 quod
1293 3196 1460 3261 cuiusdam
1488 3196 1694 3282 paternitatis
1724 3217 1843 3264 nomen

219 3308 270 3366 est
292 3307 326 3366 et
350 3301 539 3366 clericorum
564 3302 713 3386 congruit
737 3299 899 3385 dignitati,
930 3306 963 3365 et
986 3302 1130 3366 heroro¹²¹
1153 3301 1195 3366 ab
1218 3323 1272 3380 eo,
1302 3300 1388 3386 quod
1420 3307 1471 3366 est
1493 3300 1604 3381 heros,
1636 3307 1669 3364 et
1692 3320 1787 3364 mano
1811 3306 1845 3365 et

218 3405 353 3469 manoth
376 3428 396 3470 a
419 3395 551 3470 mene⁷2
575 3411 608 3468 et
630 3405 695 3469 alia
716 3406 820 3469 multa
842 3406 1040 3490 accepimus.
1087 3405 1179 3470 Sicut
1202 3406 1314 3490 itaque
1337 3405 1452 3470 domus
1474 3403 1538 3469 Dei
1562 3405 1714 3484 basilica,
1738 3403 1771 3468 id
1794 3412 1845 3470 est

223 3510 325 3594 regia,
348 3531 368 3573 a
390 3531 482 3594 rege,
506 3509 554 3573 sio
578 3508 677 3572 etiam
692 3509 837 3594 lyricae,
859 3508 892 3573 id
917 3515 968 3574 est
982 3508 1156 3589 dominica,
1181 3508 1356 3574 aDomino
1373 3515 1589 3596 nuncupatur,
1613 3509 1689 3593 quia
1704 3506 1844 3573 Domino

166 3632 192 3672 so
220 3612 454 3677 dominantium
484 3619 518 3676 et
547 3612 617 3696 regi
645 3632 759 3697 regum
790 3613 823 3676 in
844 3613 901 3676 illa
925 3613 1074 3677 servitur.
1120 3611 1154 3676 Si
1177 3619 1289 3678 autem
1312 3614 1494 3698 quaeritur,
1518 3633 1583 3697 qua
1605 3611 1779 3678 occasione
1803 3611 1846 3675 ad

220 3738 278 3781 noa
302 3716 442 3800 vestigia
465 3716 547 3780 baec
572 3714 746 3780 Grecitatis
770 3715 979 3798 advenerint,
1009 3715 1182 3781 dicendum
1207 3721 1240 3780 et
1262 3715 1418 3781 barbaros
1450 3717 1484 3781 in
1506 3716 1656 3781 Romana
1678 3714 1845 3801 republica

219 3820 377 3884 militasse
419 3825 453 3882 et
476 3817 598 3883 inultos
632 3819 892 3903 praedicatorum
930 3818 1057 3885 Greoae
1090 3826 1124 3884 et
1152 3819 1290 3884 Latinae
1321 3821 1494 3884 locutionis
1523 3820 1644 3904 peritos
1673 3819 1758 3884 inter
1785 3817 1844 3883 bas

221 3923 345 3988 bestias
370 3943 442 3987 oum
467 3923 631 3988 erroribus
654 3930 856 4008 pugnaturos
880 3924 1011 3988 venisse
1042 3929 1076 3988 ct
1097 3924 1144 3987 eia
1168 3945 1226 4009 pro
1243 3924 1349 3988 causis
1366 3923 1468 3987 multa
1483 3929 1624 4000 nostros,
1649 3943 1733 4007 quae
1756 3922 1844 4008 prius

219 4046 284 4091 non
300 4032 470 4108 noverant,
493 4027 605 4090 utilis⁰
621 4025 784 4104 didicisse,
807 4027 1050 4112 praecipueque
1067 4047 1087 4090 a
1102 4025 1229 4106 Gothis,
1253 4026 1307 4111 qui
1326 4033 1359 4090 et
1375 4025 1513 4106 Getael’,
1538 4047 1610 4090 cum
1628 4046 1667 4090 eo
1684 4031 1843 4110 tempore,

168 4155 192 4197 ss
220 4150 282 4215 quo
307 4129 347 4194 ad
371 4129 467 4194 fidem
493 4128 630 4210 Christi,
653 4129 730 4193 licet
752 4150 816 4194 non
840 4135 950 4193 recto‘¹
973 4129 1099 4208 itinere,
1121 4127 1271 4214 perducti
1293 4133 1383 4209 sunt,
1407 4130 1439 4193 in
1464 4127 1645 4194 Greoorum
1669 4126 1843 4213 provinciis

220 4239 457 4298 commorantes
481 4240 643 4312 nostrum,
682 4234 714 4297 id
742 4240 804 4298 est·
825 4233 1049 4314 Theotiscum,
1074 4254 1258 4298 sermonem
1293 4233 1468 4300 habuerint
1502 4241 1552 4313 et,
1587 4238 1623 4297 ut
1655 4223 1846 4296 historiae⁷3

219 4342 391 4415 testantur,
415 4337 620 4421 postmodum
645 4336 781 4401 studiosi
810 4337 897 4400 illius
927 4337 1036 4422 gentis
1067 4335 1195 4402 divinos
1217 4337 1320 4401 libros
1350 4337 1383 4400 in
1408 4357 1486 4402 suae
1503 4336 1673 4402 locutionis
1695 4335 1843 4423 proprie-

220 4446 321 4504 tatem
343 4441 586 4518 transtulerint,
615 4460 752 4525 quorum
775 4439 879 4505 adhuc
903 4441 1104 4505 monimenta
1127 4440 1213 4526 apud
1237 4442 1406 4506 nonnullos
1430 4441 1609 4513 habentur;
1642 4447 1676 4504 et
1699 4440 1845 4505 fidelium

220 4543 354 4607 fratrum
384 4542 562 4607 relationer
585 4541 754 4607 didicimus
778 4542 865 4630 apud
889 4543 1046 4632 quasdam
1072 4541 1267 4628 Scytharum
1292 4551 1425 4629 gentes,
1457 4545 1597 4608 maxime
1621 4542 1846 4620 Thomitanos,

167 4674 194 4712 ιο
221 4645 336 4710 eadem
360 4646 522 4710 locutione
546 4645 657 4709 divina
679 4645 839 4711 hactenus
863 4647 1023 4713 celebrari
1046 4646 1162 4712 officia.
1202 4647 1275 4712 Hae
1299 4654 1409 4714 autem
1426 4649 1662 4734 permixtiones
1686 4653 1720 4712 ct
1735 4653 1843 4712 trans·

321 4836 344 4902 r)
364 4854 412 4888 om.
430 4835 507 4888 3-5.
576 4837 599 4901 a)
618 4838 764 4904 appellatur
781 4835 806 4888 3.
876 4835 897 4901 ι)
919 4836 1001 4887 velint
1016 4835 1045 4900 33
1073 4837 1145 4887 velut
1166 4835 1345 4889 coornati).
1433 4837 1461 4902 u)
1485 4838 1565 4890 velint
1582 4836 1645 4889 odd.
1663 4853 1733 4888 mon.
1747 4844 1845 4901 postor.

218 4925 247 4976 ιἰι
268 4942 351 4992 marg.
369 4924 394 4978 5.
464 4926 493 4988 v)
520 4926 641 4992 legantur
659 4923 683 4981 5.
754 4924 790 4988 vr)
809 4941 858 4975 om.
876 4921 901 4974 2.
971 4923 998 4986 x)
1018 4939 1127 4990 quorum
1145 4940 1213 4975 corr.
1232 4939 1343 4990 quarum
1361 4919 1385 4973 4.
1404 4932 1428 4974 et
1444 4940 1513 4976 mon.
1533 4923 1578 4974 alt.
1597 4922 1622 4975 5.
1692 4922 1720 4989 y)
1738 4923 1804 4974 alius
1821 4918 1846 4973 2.

219 5009 245 5074 ιι)
263 5013 320 5062 Lat.
333 5027 386 5078 seq.
403 5009 428 5062 2.
516 5012 541 5074 a)
554 5009 695 5073 chartham
713 5010 813 5062 chelicb
830 5005 912 5072 3-5;
937 5008 1118 5073 eudaemona.
1143 5027 1166 5074 a,
1186 5005 1210 5060 3.
1298 5009 1325 5072 b)
1343 5015 1417 5076 pater
1433 5007 1457 5061 5.
1553 5007 1578 5073 c)
1597 5015 1676 5076 pater,
1700 5025 1749 5060 om.
1770 5025 1795 5070 a,
1821 5006 1846 5061 3.

219 5096 246 5161 d)
263 5105 346 5148 mater
363 5094 391 5160 ὃς
419 5103 500 5148 mater
518 5104 603 5148 muter
618 5093 642 5147 3.
731 5093 757 5160 a)
775 5111 855 5161 gener
871 5110 888 5146 a
905 5111 1000 5162 genero
1018 5093 1043 5145 f).
1139 5095 1164 5157 f)
1183 5095 1252 5146 calix
1271 5093 1360 5158 (callix
1379 5091 1408 5160 4)
1426 5091 1502 5146 8-5.
1586 5093 1615 5162 g)
1634 5101 1716 5146 meter
1734 5091 1802 5156 1.u;
1822 5101 1848 5146 et

167 5199 192 5240 aa
220 5189 301 5234 mater
318 5183 343 5235 5.
434 5179 462 5246 b)
480 5182 606 5249 genecion
624 5179 700 5234 3-5.
798 5181 817 5244 ἰ)
837 5182 980 5234 smmstodo
998 5179 1027 5245 4;
1049 5183 1169 5234 amatodo
1192 5179 1217 5234 3.
1235 5181 1259 5234 5.
1358 5181 1387 5245 ιι)
1405 5182 1487 5233 kirica
1503 5180 1527 5233 ὃ.
1628 5182 1649 5247 l)
1667 5181 1762 5233 kirioos
1778 5179 1804 5230 4.
1822 5177 1847 5232 b.

220 5266 256 5335 m)
274 5269 336 5320 hero
353 5266 378 5320 3.
475 5269 504 5332 ιι)
523 5269 604 5318 kirica
626 5266 652 5319 4.
670 5266 694 5318 5,
782 5266 809 5332 ο)
827 5285 876 5319 oar.
894 5267 919 5319 2.
1006 5267 1034 5334 p)
1060 5269 1141 5318 Grece
1167 5285 1233 5320 corr.
1252 5269 1327 5320 Greci
1345 5265 1375 5330 23
1402 5269 1466 5320 Geta
1492 5285 1559 5321 corr.
1577 5285 1648 5320 marr.
1666 5269 1710 5320 alt.
1729 5267 1797 5319 Scite
1823 5263 1847 5317 f).

220 5353 248 5421 q)
265 5355 293 5406 in
311 5354 374 5406 aad.
391 5351 416 5406 f).
509 5352 533 5418 r)
551 5354 706 5406 revelatione
723 5352 748 5405 4.

324 5527 367 5594 68)
387 5525 458 5580 Ibid.
471 5540 493 5579 o.
506 5525 531 5593 8,
543 5525 568 5580 8.
580 5527 604 5580 6.
697 5526 742 5594 69)
762 5524 818 5591 Osr.
837 5525 861 5579 3.
881 5523 945 5593 Ray.
965 5525 1004 5590 10,
1018 5525 1060 5580 22.
1157 5524 1201 5593 70)
1219 5525 1317 5580 Psalm.
1336 5525 1394 5592 146,
1406 5525 1431 5579 9.
1536 5524 1581 5593 71)
1599 5524 1653 5578 ool:
1670 5527 1726 5578 toto
1743 5527 1768 5576 et
1785 5525 1848 5576 tota.

221 5629 266 5698 72)
284 5631 324 5684 val
336 5629 441 5698 potius:
459 5629 523 5699 μήν.
621 5630 665 5700 73)
685 5629 737 5696 (lfa
758 5628 918 5684 Oossiodorii
936 5628 1009 5684 Hist.
1028 5629 1135 5696 tripart.
1155 5627 1248 5696 VIII,
1266 5645 1288 5682 c.
1302 5628 1343 5696 13,
1362 5627 1400 5682 ed.
1420 5627 1639 5696 Bessapara·
1658 5625 1759 5682 Isidon'
1777 5623 1847 5678 Hiar.

167 5751 195 5794 to
226 5734 303 5790 Goth.
321 5750 341 5789 c.
355 5734 378 5788 7.
391 5734 416 5800 8,
437 5733 526 5802 Opera
551 5733 631 5802 Vm,
646 5751 675 5802 p.
691 5734 741 5789 110
754 5749 791 5800 ff·
1588 5798 1643 5854 51*
