4590 6420
414 423 476 482 402
524 419 792 475 aberrantum
812 420 860 474 Ab
878 419 993 476 CAPIT.
1014 421 1093 476 aba.
1113 420 1296 474 l'ltANClllE
1315 418 1503 474 ocoloaa'r.
1523 419 1671 487 (lfrllttlLl
1682 419 1731 488 ll).
1751 449 1782 458 -
1802 419 1850 473 Νι.
1868 421 1928 474 293.

335 590 396 646 845.
414 591 488 646 suite
511 595 540 646 et
562 593 692 648 resarcite
716 596 745 647 et
769 611 819 648 nec
843 593 967 648 violenta
994 593 1153 648 ablationez
1178 612 1228 648 uec
1251 593 1423 648 inlicitorum
1446 594 1656 662 praeceptorum
1682 591 1913 646 confirmatione⁸
1935 610 1978 646 res
2001 592 2037 646 ab

413 678 556 733 ecclesiis·
574 679 652 734 vobis
671 681 706 734 ad
725 680 859 734 tuendum
880 684 908 735 et
926 681 1127 735 defensandum
1152 698 1185 735 uc
1209 681 1419 750 propagandum
1444 678 1596 734 commissis
1614 679 1724 732 auferre
1743 679 1913 748 temptatel:
1938 679 1985 732 sed
2006 681 2037 732 ut

412 767 525 820 sanciae
543 765 692 821 memoriae
710 785 779 820 arvus
798 770 827 821 et
845 771 925 837 puter
943 771 1034 822 vester
1052 785 1098 822 aas
1116 768 1313 837 gubernandas
1333 767 1410 822 vobis
1430 767 1539 821 fautore
1558 766 1615 820 Deo
1635 765 1815 827 dimiserunt,
1838 765 2037 835 redintegrate.

413 855 441 906 et
459 856 608 934 prr-accepta
625 853 733 923 regalia
751 855 900 908 earundem
920 855 1097 909 ecclesiarum
1116 858 1278 910 conservate
1297 857 1326 908 et
1344 855 1519 914 continuate;
1544 866 1599 906 nec
1621 852 1694 906 sieut
1712 851 1867 906 intentavit
1884 851 2014 905 Samuhel
2021 851 2035 890 ¹¹

412 925 583 1012 propheta0¹
612 942 648 997 ud
667 942 793 998 Roboam
809 943 898 998 filium
914 943 1072 999 Salomonis
1095 944 1124 998 in
1144 943 1333 1000 conscissione
1349 943 1438 1013 pallii,
1461 959 1594 1013 praesens
1610 959 1736 1012 regnum,
1760 941 1835 1011 quod
1851 940 1934 1006 absit,
1958 939 2037 995 vobis
2069 959 2081 996 a

413 1029 522 1096 patrum
543 1026 638 1082 labore
656 1026 828 1096 adquisitum
849 1030 879 1081 et
896 1028 1053 1083 hereditate
1071 1028 1200 1084 relictum
1219 1047 1236 1082 a
1254 1029 1333 1084 vobis
1351 1028 1411 1098 ipse
1429 1027 1555 1082 Christus
1573 1026 1682 1082 dividat
1701 1029 1730 1081 et
1747 1029 1892 1080 ueternum
1911 1041 2036 1094 regnum,

412 1112 485 1182 quod
504 1112 640 1182 promisit,
659 1130 713 1167 nou
733 1113 848 1168 tribuat.
884 1113 942 1169 Nec
960 1117 1056 1168 contra
1075 1114 1125 1168 Dei
1144 1114 1243 1168 faciem
1262 1115 1366 1168 iratas⁰
1385 1113 1529 1168 hominurn
1547 1113 1631 1168 facies
1649 1111 1842 1177 consideretis;
1866 1111 1941 1180 quia,
1959 1110 1983 1163 si
2001 1110 2037 1192 ad

412 1205 523 1271 tempus
539 1191 614 1255 illios
626 1202 835 1272 displicueritis,
858 1222 921 1257 eum
938 1221 986 1258 vos
1002 1204 1082 1259 Deo⁸
1105 1203 1262 1274 placebitis,
1285 1203 1315 1258 in
1332 1203 1411 1257 vobis
1427 1203 1484 1268 ille,
1507 1203 1582 1272 quod
1597 1201 1735 1272 promisit,
1761 1201 1904 1272 implebit:
1928 1183 2037 1255 ‘cumb'

413 1279 607 1358 placuerinth',
630 1288 769 1358 inquiens,
793 1281 937 1344 ‘Dominoi
960 1290 1022 1344 viae
1045 1289 1175 1356 hominia,
1199 1308 1295 1346 omues
1318 1290 1446 1345 inimicos
1470 1280 1550 1345 eiusk
1572 1279 1732 1345 convertet¹
1755 1289 1791 1343 ad
1813 1270 1962 1360 ρεοειιιω.ι

523 1387 570 1448 12.
605 1375 762 1448 Ρεῐὶιιιιιε54
786 1393 913 1460 taudem,
943 1398 973 1449 ut
1003 1395 1070 1449 ordo
1093 1395 1308 1461 ecclesiasticus,
1331 1394 1362 1450 in
1377 1394 1599 1464 quibuscumque
1622 1394 1648 1448 ei
1671 1393 1757 1448 finerit
1779 1411 1893 1448 necesse
1916 1392 2038 1463 rigorem
2059 1420 2081 1458 ,ῃ

412 1477 511 1530 salutis
530 1477 668 1531 humanae
687 1495 805 1542 exerere,
826 1497 874 1548 per
887 1481 1054 1548 potestatem
1068 1482 1188 1533 vestram
1208 1483 1236 1534 et
1255 1497 1305 1550 per
1317 1479 1501 1533 ministerium
1516 1478 1704 1532 ministrorum
1718 1477 1917 1532 dominationis
1929 1479 2038 1530 vestrae

412 1563 562 1618 secundum
588 1564 760 1632 antiquatum
784 1565 1013 1648 cousuetudinem
1036 1581 1114 1619 suum
1135 1565 1259 1636 vigorem
1277 1566 1409 1636 recipiat:
1435 1567 1464 1620 et
1486 1564 1585 1635 populi
1607 1564 1778 1634 genenrlitas
1797 1581 1932 1618 unacum
1952 1563 2038 1616 ecele-

413 1653 528 1708 siastica
550 1653 700 1709 devotione
717 1637 903 1721 ‘iudicium⁰5,
927 1655 1001 1724 qnod
1017 1655 1109 1710 honor
1123 1654 1198 1726 regis
1213 1654 1325 1727 diligit',
1348 1658 1378 1710 et
1394 1653 1543 1710 ‘iustitiam
1550 1637 1588 1719 5⁶,
1611 1671 1667 1723 qua
1683 1654 1801 1708 thronus
1818 1653 1878 1710 eius
1893 1653 2037 1715 firmatur',

413 1757 462 1808 per
480 1738 689 1808 dispositionem
709 1743 828 1794 vostram
848 1739 994 1810 suscipiat;
1019 1757 1067 1794 seu
1090 1739 1305 1794 admonitione¹1
1328 1742 1414 1808 atque
1437 1737 1554 1793 consilio
1575 1737 1741 1792 sacerdotali
1766 1741 1857 1792 vestra
1880 1736 2038 1792 sublimitas

413 1825 577 1895 utquisque
595 1825 624 1879 in
643 1825 772 1894 quolibet
796 1829 872 1880 statu
891 1825 935 1879 vel
958 1825 1055 1880 ordine
1083 1826 1117 1879 de
1138 1825 1245 1895 rapinis
1264 1829 1292 1880 ct
1310 1825 1437 1888 ceterisk,
1462 1824 1554 1894 quael*
1578 1824 1734 1878 discordiae
1755 1824 1849 1878 malo⁰
1867 1823 2036 1885 recciderunt,
2058 1848 2081 1884 m

413 1912 573 1982 praeteritis
591 1912 730 1967 erroribus
748 1912 960 1982 poenitudinem
978 1914 1060 1982 genet
1079 1916 1108 1966 ct
1125 1912 1236 1966 llomini
1255 1911 1511 1967 reconciliationem
1525 1911 1693 1980 expostulet.
1729 1913 1817 1976 Quam
1839 1910 1920 1964 frucile
1939 1908 2037 1970 omnis,

413 1999 460 2068 qui
483 1997 649 2068 quaesierit,
675 1999 813 2060 inveniet,
833 1999 853 2053 si
875 1999 903 2053 in
922 1999 983 2054 loco
1002 1997 1156 2053 discordiae
1175 1999 1305 2068 plantata
1322 1999 1407 2052 fuerit
1430 1997 1545 2060 auritas,
1569 2016 1641 2066 quae
1664 1998 1808 2068 cooperite
1826 1995 2036 2050 multitudinem

413 2088 602 2155 lseccatorum,
621 2101 740 2153 eumque
758 2085 852 2155 potius
871 2103 954 2154 cluam
974 2101 1023 2138 nos
1041 2084 1071 2137 in
1089 2083 1219 2146 consilio,
1237 2101 1293 2138 non
1312 2087 1406 2138 nostro
1426 2084 1472 2138 sed
1492 2085 1551 2148 llei,
1570 2084 1744 2145 adtendatis,
1764 2085 1812 2153 qui
1831 2085 1918 2139 dixit:
1940 2074 2036 2150 quior

414 2189 461 2226 vos
479 2172 568 2235 audit,
586 2189 630 2226 rue
643 2171 731 2234 audit,
749 2174 778 2226 et
795 2172 843 2241 qui
856 2189 904 2226 vos
917 2172 1033 2241 speruit,
1051 2190 1095 2226 me
1107 2171 1222 2242 speruit.
1258 2165 1356 2226 Nou58
1375 2171 1448 2226 euim
1462 2188 1510 2226 vos
1523 2171 1596 2236 estis,
1615 2172 1664 2242 qui
1683 2172 1839 2241 loquimini,
1858 2172 1904 2226 sod
1923 2173 2038 2243 spiritus

413 2259 504 2318 Patris
523 2259 617 2325 vestri,
635 2259 684 2329 qui
702 2259 828 2328 loquitur
846 2259 875 2313 in
893 2259 988 2314 vobis?
2056 2279 2082 2318 ευ

414 2458 605 2544 Capitula
633 2460 689 2523 iu¹¹
720 2459 868 2544 syuodo
900 2467 1002 2542 acta,
1036 2471 1153 2546 quacr
1182 2459 1318 2524 habita
1354 2465 1432 2525 estr
1463 2459 1564 2545 aqud
1592 2461 1845 2525 Lauriacum⁵
1874 2461 1911 2525 in
1939 2483 2037 2546 pago

414 2561 694 2648 andegavensi
710 2586 806 2629 anno
823 2563 1080 2629 Docoxllllr.
1103 2565 1392 2630 incarnationis
1409 2564 1574 2628 domiuiu
1590 2566 1733 2630 nostriv
1749 2565 1839 2630 Iesu
1857 2565 2036 2644 Christil,

864 2679 1021 2733 msausew
1045 2667 1231 2748 Octobri,
1255 2667 1592 2732 indictioneVlI¹.

527 2790 573 2852 13.
610 2787 645 2850 si
668 2789 740 2872 quis
765 2787 914 2875 publicus
937 2788 1066 2853 divinae
1090 2788 1173 2874 legis
1202 2788 1445 2875 praevaricator
1468 2789 1521 2853 rel
1554 2811 1611 2875 pro
1642 2789 1824 2853 manifestis
1848 2789 2036 2853 criminibus

415 2901 514 2975 ergay
538 2891 763 2956 ecclesiastica
786 2893 891 2956 iustae
921 2899 955 2957 et
984 2891 1190 2957 rationabilia
1219 2891 1339 2956 iudicia
1371 2899 1575 2978 contemptor
1602 2899 1751 2978 repertus
1781 2894 1878 2958 fuerit
1908 2895 1959 2958 vel
1988 2894 2036 2956 in·
2056 2921 2081 2960 a

414 2994 509 3057 flatus
532 3004 592 3058 ει·
615 2995 778 3060 tumidus·
800 2997 930 3061 monitis
947 2997 1180 3060 ecclesiasticis
1203 3018 1241 3060 ac
1259 3003 1444 3061 sanctorum
1461 3002 1588 3082 patrum
1606 2997 1891 3062 constitutionibus
1908 3005 2036 3062 coutra-

414 3096 517 3161 dietor
539 3096 591 3162 vel
622 3099 840 3163 subsannator
868 3099 1095 3185 comprobatus
1119 3100 1234 3180 fuerit,
1267 3101 1293 3164 si
1321 3100 1555 3165 monitionibus
1580 3101 1845 3186 episcopalibusb
1869 3101 2035 3186 obtempe-

415 3223 485 3266 rare
509 3201 682 3281 distulerit,
705 3203 1008 3270 anathematizetur.

526 3319 572 3380 14.
610 3313 644 3379 Si
668 3317 739 3402 quis
763 3323 876 3382 eontra
899 3317 1024 3402 regiam
1048 3315 1239 3400 dignitatem
1263 3316 1376 3380 dolose
1401 3339 1438 3382 ac
1462 3316 1579 3382 callide
1603 3340 1641 3382 ac
1665 3317 1842 3404 pernitiose
1866 3324 2037 3403 satagerec

415 3418 644 3504 comprobatus
667 3420 776 3501 fuerit,
798 3421 860 3485 nisi
884 3420 1073 3507 dignissime
1099 3421 1308 3500 satisfecerit,
1332 3421 1654 3486 anathematizatum
2055 3445 2081 3484 ao

527 3537 574 3596 l5.
609 3533 645 3597 ai
671 3534 744 3619 quis
776 3535 931 3619 potestati
962 3534 1089 3620 regiae,
1125 3554 1209 3620 quae
1240 3526 1351 3598 ‘nonii’
1374 3532 1435 3599 est'
1463 3537 1556 3599 iuxta
1582 3535 1766 3622 apostolum
1797 3535 1871 3599 ‘nisi
1899 3557 1919 3598 a
1942 3531 2036 3628 Den',

416 3636 598 3702 contumaci
622 3635 682 3700 acd
711 3637 821 3702 inflato
850 3639 982 3724 spiritu,
1015 3644 1130 3702 contra
1157 3639 1385 3703 auctoritatem
1416 3646 1449 3702 et
1476 3640 1634 3704 rationem
1665 3639 1875 3726 pertinaciter
1909 3645 2037 3702 contra-

417 3741 525 3806 dicere
557 3742 815 3826 praesumpserit
845 3746 877 3805 et
910 3742 980 3805 eius
1011 3743 1102 3805 iustis
1137 3747 1170 3806 et
1199 3742 1447 3808 rationabilibus
1483 3743 1626 3830 imperiis
1659 3743 1838 3809 secundum
1867 3743 1974 3807 Deum
2006 3749 2039 3804 et

415 3845 642 3910 auctoritatem
666 3845 920 3910 ecclesiasticam
951 3867 989 3910 ae
1018 3846 1068 3909 ius
1093 3846 1188 3910 civile
1220 3846 1448 3932 obtemperare
1476 3848 1751 3933 inrefragabiliter
1778 3848 1934 3927 noluerit,
1958 3868 2036 3911 ana-

416 3949 654 4013 thematizetur.
2056 3982 2081 4021 3,

528 4065 574 4125 16.
609 4059 812 4146 Quicumque
841 4062 1012 4147 superbiae
1043 4061 1170 4126 facibus
1200 4063 1330 4128 accensi
1360 4062 1412 4129 rel
1439 4065 1604 4149 protervia
1633 4067 1803 4129 stomacati
1825 4065 1924 4144 haee,
1953 4086 2037 4151 quae

416 4187 473 4253 pro
498 4171 630 4229 sanctae
660 4165 772 4228 matris
805 4164 966 4230 ecelesiae
996 4166 1230 4250 tranquillitate
1258 4167 1517 4253 sacerdotalique
1547 4170 1653 4254 rigore
1683 4177 1716 4235 et
1746 4171 1855 4256 regia⁰
1878 4168 2037 4254 dignitate

415 4270 553 4334 anobis
576 4270 774 4334 unanimiter
796 4269 930 4334 definita
952 4270 1166 4357 manibusque
1190 4273 1328 4358 propriis
1352 4272 1507 4337 roborata
1536 4281 1629 4354 sunt,
1662 4275 1784 4339 violare
1814 4280 1870 4339 aut
1892 4273 2038 4360 quolibet

416 4379 607 4459 argumento
631 4374 814 4460 inrumpere
839 4372 1075 4460 temptaveritf,
1098 4374 1208 4459 placet
1230 4397 1286 4440 eos
1309 4396 1421 4440 omnes
1445 4378 1746 4443 anathematizeris.

518 4599 543 4666 a)
568 4601 695 4652 oblatione
718 4598 740 4652 1.
849 4601 875 4664 a)
899 4603 1117 4654 confirmationem
1147 4620 1187 4654 res
1214 4603 1411 4655 aecclesiasticis
1436 4603 1459 4655 1.
1569 4605 1596 4670 b)
1620 4607 1733 4658 temtatls
1758 4604 1781 4658 l.
1890 4603 1915 4670 c)
1939 4621 1987 4656 noc
2015 4603 2036 4655 l.
2054 4620 2081 4658 so

415 4691 441 4754 d)
460 4689 573 4741 Semeias
590 4687 615 4741 5.
712 4687 736 4755 e)
757 4689 839 4741 iratus
858 4687 881 4738 l.
979 4693 1002 4752 f)
1020 4691 1059 4740 illi
1076 4688 1100 4741 2.
1118 4689 1142 4741 3.
1237 4689 1265 4756 g)
1284 4707 1333 4741 om.
1357 4689 1381 4742 2.
1401 4689 1425 4743 3.
1529 4690 1557 4759 h)
1577 4693 1704 4759 placuerit
1723 4691 1745 4743 l.
1841 4693 1860 4756 ἰ)
1880 4695 1934 4744 Deo
1952 4691 2037 4744 2-6.

416 4777 443 4839 k)
462 4793 509 4826 om.
529 4773 554 4827 2.
572 4771 596 4827 3.
693 4775 712 4839 l)
732 4783 852 4827 converte
870 4775 893 4826 2.
912 4774 936 4840 3,
956 4794 1022 4827 corr.
1043 4783 1175 4827 mnrertet
1192 4774 1216 4826 2.
1314 4779 1349 4842 ιιι)
1368 4785 1482 4829 consuet.
1501 4780 1581 4844 antiq.
1599 4777 1623 4830 2.
1643 4779 1667 4830 3.
1764 4778 1792 4843 ιι)
1812 4779 1952 4831 admonitio
1970 4779 1994 4831 2.
2012 4777 2037 4829 3.

415 4861 441 4927 ο)
461 4864 530 4916 mala
546 4861 571 4914 2.
590 4861 614 4914 3.
689 4863 716 4930 p)
735 4881 748 4914 e
766 4873 869 4916 correct.
888 4864 915 4914 ia
934 4861 962 4926 2;
981 4864 1093 4931 coeperit
1109 4861 1134 4914 3.
1208 4863 1235 4929 q)
1255 4882 1302 4914 oni.
1321 4863 1397 4916 2-4.
1416 4863 1440 4916 9.
1516 4864 1538 4930 ι)
1557 4882 1624 4930 quae
1709 4873 1749 4918 est
1767 4883 1815 4918 om.
1835 4863 1858 4916 l.
1933 4863 1957 4931 s)
1976 4849 2038 4916 vim

415 4950 478 5000 aaa.
497 4948 520 5000 1.
606 4948 626 5012 ι)
644 4951 837 5001 uccoxmm.
857 4947 934 5002 1-4.
953 4948 977 5001 9.
1065 4947 1093 5012 m
1112 4950 1207 5002 domm
1291 4951 1386 5002 eriam
1403 4969 1452 5004 om.
1470 4950 1494 5003 o.
1583 4952 1609 5016 v)
1628 4971 1677 5004 om.
1695 4951 1720 5004 a.
1808 4954 1841 5018 a)
1856 4939 1950 5015 issa
1969 4969 2038 5004 mn-

414 5038 449 5088 sis
467 5035 492 5088 3.
510 5035 541 5098 9;
564 5022 622 5088 octb
640 5034 664 5087 2.
683 5033 713 5099 3;
742 5037 860 5089 Octobris
878 5036 902 5089 9.
989 5035 1018 5103 x)
1031 5038 1073 5087 Vl.
1094 5035 1116 5088 1.
1135 5035 1159 5087 2.
1178 5034 1202 5088 4.
1222 5035 1246 5088 9.
1339 5036 1367 5104 y)
1385 5057 1434 5090 om.
1455 5037 1529 5090 1—4.
1548 5037 1579 5103 9;
1603 5041 1834 5092 ecclesiasticarum
1861 5043 1986 5093 iustarum
2012 5046 2038 5089 et
2055 5056 2080 5094 m

414 5123 637 5175 racionabiliorum
656 5124 808 5174 iudiciorum
826 5131 891 5176 cont
912 5121 936 5175 a.
1006 5121 1031 5188 u)
1050 5124 1123 5174 iuxta
1136 5121 1159 5173 1.
1228 5125 1254 5190 a)
1274 5123 1334 5176 actfi
1352 5123 1380 5176 id
1398 5123 1480 5186 2-4;
1499 5143 1530 5178 ao
1548 5133 1602 5178 turn
1621 5128 1688 5180 idem
1701 5125 1724 5179 9.
1806 5125 1832 5192 b)
1850 5127 2000 5195 episcopalis
2013 5125 2037 5178 l.

415 5208 440 5276 o)
459 5217 575 5277 sategere
659 5210 788 5262 anathem.
808 5211 860 5263 des.
878 5207 948 5262 ia2.
1053 5208 1080 5274 d)
1099 5217 1125 5262 et
1147 5212 1237 5263 inflatu
1256 5209 1344 5263 2-4
1450 5211 1475 5276 e)
1494 5213 1564 5280 regio
1586 5210 1611 5263 2.
1630 5211 1654 5264 3.
1760 5215 1786 5282 f)
1804 5214 1843 5265 ilo
1868 5211 1946 5265 1-3.
1965 5213 1989 5264 6.
2008 5209 2036 5275 9;

414 5299 595 5366 temptaverint
613 5296 638 5350 4.
656 5295 681 5350 5.
768 5299 796 5366 g)
814 5298 1033 5351 anathematizare
1051 5296 1076 5350 9.

517 5505 561 5570 51)
579 5503 603 5556 3.
618 5501 680 5570 Req.
699 5503 792 5570 11,3o.
883 5502 928 5571 52)
947 5501 1025 5558 Prou.
1044 5506 1085 5572 16,
1097 5503 1120 5557 7.
1213 5505 1257 5571 53)
1276 5503 1380 5573 Syma.
1398 5504 1441 5558 cit.
1456 5520 1545 5574 pera:
1573 5505 1652 5572 Quod
1677 5507 1709 5560 ut
1727 5505 1898 5560 commodius
1919 5505 2037 5559 tuleritis

414 5607 530 5677 implere
541 5611 587 5662 cto.
656 5605 1422 5678 54)15556,ῖ.σ.μ116,·οα]ι.5.Ῑιίεοιηὲεειιιιιεει.
1492 5611 1535 5674 55)
1557 5609 1743 5675 Psolm.98,l.
1813 5610 1858 5678 56)
1872 5609 1950 5664 Pron
1962 5609 2037 5677 25,5.
2055 5620 2081 5660 so

415 5713 460 5780 bi)
480 5711 548 5765 Luc.
569 5712 608 5778 10,
623 5712 662 5764 lo.
750 5712 794 5780 58)
816 5711 913 5764 atauo.
934 5712 974 5778 10,
985 5713 1025 5765 20.
1113 5715 1157 5779 59)
1179 5712 1255 5766 Rom.
1277 5713 1350 5780 13,1.
