4560 6426
424 459 489 522 298
585 455 833 511 CAPI'FULARIA
851 455 981 512 REGUM
1000 454 1184 510 FRANCIAE
1205 455 1466 511 ooctouuuAms
1485 455 1635 526 (KAROLI
1649 456 1694 525 ll).
1714 487 1746 496 -—
1765 456 1884 511 Naum

347 640 406 692 860.
535 633 564 694 3.
601 629 667 695 Sed
691 630 803 695 stilla
832 631 988 716 capitula,
1020 651 1103 716 quae
1132 636 1208 694 ante
1235 651 1295 716 per
1322 652 1459 716 regnum
1488 638 1636 697 nostrum
1666 630 1873 695 observanda
1900 631 2047 695 misimus

425 754 496 797 cum
525 733 675 819 capitulis
704 733 945 820 episcopalibus
982 741 1015 798 et
1044 735 1288 820 progenitorum
1317 741 1501 799 nostrorum
1529 727 1792 822 imperatorum3,
1822 734 2045 820 adcognitent,

425 845 459 901 et
480 829 785 922 cognitamentum,
815 838 901 924 quod
929 837 1024 902 modo
1051 838 1137 923 apud
1161 837 1369 903 Confluentes
1395 839 1548 917 fecimus,
1572 840 1720 904 omnibus
1744 840 1958 904 innotescant.
2003 838 2047 903 Et

425 941 611 1006 firmitatem
635 941 677 1006 ab
701 942 862 1018 omnibus,
885 942 941 1028 qui
964 941 1010 1006 ita
1026 949 1140 1006 contra
1165 963 1221 1005 nos
1238 941 1462 1021 misfecerunt,
1488 944 1571 1008 sicut
1593 948 1706 1006 notum
1729 950 1790 1023 est,
1815 949 1848 1008 et
1871 942 2046 1028 dequibus

426 1047 614 1111 carissimus
637 1047 737 1111 frater
760 1054 872 1112 noster
894 1047 1002 1133 petiit,
1033 1047 1087 1132 qni
1119 1045 1231 1111 alodes
1262 1047 1296 1111 in
1324 1067 1425 1130 regno
1456 1053 1567 1111 nostro
1597 1046 1720 1112 habere
1745 1047 1872 1127 volunt,
1902 1048 1986 1111 sicut
2009 1047 2043 1110 in
2076 1072 2088 1112 s

431 1150 673 1234 cognitamento
697 1157 808 1216 nostro
832 1151 987 1236 scriptum
1012 1141 1094 1227 est⁵,
1118 1141 1377 1213 firmamentum6
1394 1150 1563 1234 recipiant,
1587 1151 1632 1214 ita
1647 1155 1768 1229 tamen,
1792 1156 1837 1229 ut,
1862 1151 1889 1215 si
1907 1151 2045 1216 maiores

426 1253 573 1318 homines
598 1253 772 1333 voluerint,
805 1253 844 1318 ad
869 1275 929 1318 nos
953 1253 1084 1317 veniant
1111 1260 1145 1318 et
1173 1253 1416 1338 inpraesentia
1446 1260 1556 1317 nostra
1578 1254 1684 1339 ipsam
1707 1253 1893 1319 firmitatem
1916 1255 2049 1333 iaciant,

428 1356 575 1421 homines
599 1378 674 1422 vero
698 1357 826 1421 illorum
851 1366 927 1422 ante
953 1357 1069 1421 missos
1094 1364 1223 1422 nostros
1247 1357 1384 1422 eandem
1407 1359 1593 1424 firmitatem
1618 1358 1747 1422 faciant.

537 1465 565 1524 4.
600 1460 645 1525 Ut
668 1461 758 1525 mirsi
781 1461 884 1525 nostri
908 1463 964 1537 eis,
988 1461 1042 1546 qui
1065 1460 1251 1524 firmitatem
1275 1460 1430 1540 fecerint,
1463 1460 1577 1527 alodes
1605 1461 1752 1540 illorum,
1782 1481 1863 1546 quos
1887 1460 1927 1526 de
1951 1461 2046 1526 here-

427 1561 527 1627 ditate
552 1569 585 1628 st
601 1563 648 1628 ,de
671 1565 729 1628 tali
753 1565 951 1649 conquisitu,
970 1565 1037 1649 qui
1061 1563 1101 1629 de
1129 1570 1242 1628 nostra
1264 1563 1437 1628 donatione
1461 1584 1525 1628 non
1548 1565 1654 1638 venit,
1678 1565 1880 1645 habuerunt,
1910 1571 1943 1629 et
1966 1585 2047 1650 quos
2067 1594 2092 1633 ro

428 1667 536 1732 senior
558 1673 668 1730 noster
690 1666 828 1732 domnus
852 1668 1028 1753 imperator
1052 1668 1101 1731 eis
1125 1666 1231 1748 dedit,
1262 1669 1290 1731 si
1318 1675 1496 1753 praecepta
1525 1669 1613 1732 illius
1642 1668 1860 1745 ostenderint,
1894 1674 2049 1753 quantum

425 1770 458 1835 in
482 1771 560 1857 ipsis
582 1769 770 1857 praeceptis
794 1771 869 1837 inde
894 1757 1089 1850 continetur,
1114 1772 1177 1836 illis
1203 1771 1349 1837 reddant.

535 1878 562 1938 5.
601 1873 646 1938 Ut
669 1896 800 1956 omnes,
830 1875 884 1960 qui
908 1875 1093 1940 firmitatem
1116 1877 1271 1954 fecerint,
1297 1877 1470 1961 atquibus
1496 1874 1608 1941 alodes
1631 1874 1848 1957 reddiderint,
1873 1875 2048 1961 diligenter

425 1977 619 2044 inbrevient.
664 1977 748 2042 Etsi
766 1979 864 2064 aliqui
882 2001 954 2044 eam
968 1980 1076 2045 facere
1093 1981 1266 2058 noluerint,
1291 1981 1441 2046 similiter
1457 1981 1651 2057 inbrevient,
1675 1987 1707 2044 et
1732 1980 1827 2045 nobis
1850 1980 2047 2045 renuntient.

534 2084 564 2146 6.
599 2079 650 2146 De
675 2083 796 2168 rapinis
818 2090 926 2148 autem
951 2090 983 2149 et
1007 2077 1171 2149 violentiis
1196 2091 1229 2149 et
1252 2086 1371 2149 ceteris
1396 2085 1578 2162 iniustitiis,
1602 2105 1682 2170 quas
1706 2085 1833 2149 inistis
1858 2083 2044 2171 praeteritis
2066 2112 2090 2152 rs

427 2185 535 2262 annis,
564 2191 737 2270 postquam
766 2187 828 2251 ista
856 2181 1078 2273 perturbati0⁷
1104 2195 1221 2253 exorta
1248 2194 1313 2268 est,
1347 2191 1379 2252 in
1417 2209 1518 2274 regno
1550 2195 1661 2253 nostro
1693 2189 1856 2268 fecerunt,
1892 2194 2048 2275 quantum

426 2289 660 2355 rationabiliter
679 2291 852 2375 potuerint,
878 2292 968 2355 missi
992 2292 1092 2355 nostri
1117 2292 1288 2377 pacificare
1312 2298 1497 2377 procurent.
1544 2291 1637 2356 Etsi
1663 2291 1702 2355 de
1726 2291 1799 2377 ipsa
1822 2291 2049 2377 pacificatione

427 2392 521 2459 wadii
547 2392 587 2459 ad
612 2401 756 2459 nostram
780 2403 907 2481 partem
932 2396 1089 2476 venerint,
1113 2417 1156 2460 ex
1179 2403 1262 2474 toto,
1286 2397 1371 2461 siont
1392 2396 1495 2461 frater
1517 2401 1629 2460 noster
1652 2395 1838 2459 carissimus
1863 2417 1922 2460 nos
1945 2395 2050 2482 petiit,

426 2517 469 2561 cx
492 2505 604 2562 nostra
627 2498 821 2563 auctoritate
846 2498 1029 2584 perdonent
1052 2500 1085 2562 iu
1109 2499 1179 2578 hoc,
1203 2507 1240 2563 ut
1262 2500 1341 2563 talia
1365 2499 1405 2563 de
1430 2505 1540 2564 cetero
1563 2520 1628 2563 non
1651 2498 1783 2562 faciant.

539 2604 566 2664 7.
604 2600 655 2666 De
679 2601 905 2686 pacificatione
928 2623 1004 2666 vero
1027 2602 1173 2680 illorum,
1204 2603 1314 2688 quiin
1343 2623 1445 2687 regno
1469 2608 1579 2667 nostro
1610 2603 1845 2680 consistentes,
1878 2608 2050 2688 postquam
2068 2632 2096 2671 so

427 2705 517 2769 Deus
549 2725 639 2768 snam
668 2705 936 2790 nobisostendit
971 2708 1146 2791 gratiorem
1175 2707 1449 2786 misericordiam,
1484 2728 1542 2794 per
1573 2708 1703 2772 illorum
1742 2705 1923 2772 indebitam
1956 2727 2051 2792 prae·

426 2809 645 2895 sumptionem
669 2810 799 2896 rapinas
823 2818 856 2875 et
879 2810 1050 2876 violentias
1074 2818 1172 2897 atquc
1197 2811 1277 2876 alias
1295 2811 1470 2876 iniustitias
1494 2811 1652 2890 fecerunt,
1677 2811 1704 2875 si
1721 2811 1816 2875 wadii
1840 2810 1881 2874 ad
1905 2818 2049 2874 nostram

427 2920 552 3000 partem
578 2913 730 2991 exierint,
760 2914 852 2978 missi
875 2915 977 2978 nostri
1000 2915 1185 2980 inbrevient
1216 2923 1249 2979 et
1281 2915 1373 2980 nobis
1399 2915 1599 2994 renuntient,
1628 2919 1664 2977 ut
1694 2934 1753 2978 nos
1785 2913 1860 2978 inde
1886 2934 2048 2978 commcn-

427 3014 553 3093 demus,
578 3014 772 3101 quidnobis
796 3024 872 3082 tune
897 3018 1000 3082 visum
1023 3017 1130 3082 fuerit.

536 3123 566 3186 8.
599 3118 643 3183 Et
673 3127 709 3184 nt
737 3141 803 3206 pan
832 3121 864 3184 in
892 3141 992 3205 regno
1016 3126 1125 3184 nostro
1150 3140 1209 3207 per
1237 3119 1364 3183 illorum
1389 3120 1604 3200 missaticum,
1636 3122 1720 3186 sicut
1742 3142 1802 3185 nos
1824 3119 2049 3206 adcognitavi-
2070 3144 2096 3184 u

428 3215 520 3288 mus4
543 3231 577 3288 et
599 3223 745 3310 capitula
768 3209 790 3288 a
810 3223 902 3288 nobis
927 3223 1052 3288 directa
1076 3215 1335 3302 commendantss,
1360 3223 1510 3288 omnibus
1527 3225 1632 3288 modis
1650 3225 1853 3304 observetur,
1877 3223 2050 3308 diligenter

429 3325 634 3414 provideant;
660 3335 693 3390 et
716 3327 858 3412 qualiter
881 3347 952 3392 eam
975 3327 1112 3412 quisque
1137 3326 1371 3404 observaverit,
1395 3326 1520 3413 absque
1545 3335 1697 3413 respectu
1721 3328 1859 3392 alicuius
1879 3345 2049 3412 personae,

430 3437 464 3495 ut
488 3431 658 3495 veritatem
679 3430 753 3494 inde
778 3431 869 3495 nobis
893 3431 1097 3508 renuntient,
1125 3429 1299 3515 diligenter
1321 3431 1503 3516 inspiciant.
1560 3431 1604 3495 Et
1626 3430 1777 3517 quicquid
1802 3429 1938 3507 exinde,
1966 3426 2052 3515 quod

430 3533 703 3610 commendamus,
727 3556 786 3619 per
810 3555 844 3598 se
868 3534 1047 3620 adimplere
1072 3554 1136 3596 non
1159 3533 1333 3618 potuerint,
1357 3533 1398 3597 ad
1422 3535 1537 3599 missos
1562 3535 1702 3599 maiores
1727 3534 1914 3619 peripsum
1930 3533 2047 3598 missa-

429 3639 529 3703 ticum
554 3629 767 3702 constitutos9
791 3638 944 3717 referant,
967 3643 1003 3702 nt
1027 3658 1099 3702 oum
1123 3637 1252 3700 illorum
1275 3637 1409 3701 consilio
1434 3645 1467 3702 et
1491 3638 1613 3702 auxilio
1636 3638 1744 3702 omnia
1767 3637 1934 3723 impleant.
2070 3673 2097 3710 ω

537 3741 595 3826 (9.)
631 3729 783 3804 Firmitas
798 3747 919 3818 autern,
942 3762 1038 3827 quam
1062 3762 1081 3805 a
1104 3739 1277 3826 praedictis
1301 3740 1485 3805 hominibus
1509 3741 1600 3805 missi
1622 3741 1724 3804 nostri
1747 3739 1870 3804 debent
1893 3742 2050 3827 recipere,

428 3847 491 3910 ista
514 3850 576 3909 est:
601 3841 662 3908 ‘De
686 3844 749 3908 ista
771 3842 823 3909 die
847 3844 879 3908 in
904 3853 979 3908 ante
1004 3843 1116 3908 Karoli
1145 3843 1330 3907 Hludowioi
1353 3843 1560 3929 imperatoris
1583 3844 1641 3909 filii
1665 3863 1801 3929 regnum
1826 3844 1872 3908 illi
1896 3865 1960 3908 non
1984 3842 2049 3906 for-

429 3949 618 4028 consiliabo,
642 3967 746 4032 neque
769 3939 952 4012 werribo¹⁰.
999 3947 1074 4013 sic·
1097 3969 1149 4012 me
1173 3946 1264 4012 Deus
1287 3947 1419 4012 adiuvet
1442 3955 1475 4012 et
1498 3949 1580 4013 istae
1604 3952 1737 4012 sanctae
1761 3945 1940 4031 reliquiae'.

465 4241 539 4324 (B.)
572 4240 834 4307 Confirmatio
859 4243 1057 4306 seniorum
1081 4249 1467 4335 nostrorumregum
1490 4240 1600 4306 modo
1624 4240 1723 4327 apud
1747 4239 2018 4307 Confluentes

1082 4346 1193 4409 facta
1215 4346 1294 4410 ista
1317 4351 1394 4409 est:
2070 4369 2096 4410 ss

539 4465 634 4539 Quod
658 4457 745 4531 ‘sd11
763 4465 825 4530 Dei
843 4465 1043 4531 voluntatem
1067 4474 1101 4532 et
1124 4475 1257 4532 sanotae
1282 4468 1351 4532 eiua
1376 4467 1535 4532 ecclesiae
1560 4473 1680 4531 statum
1703 4472 1737 4532 et
1760 4466 1917 4532 honorem
1934 4465 2051 4550 atquel

429 4571 655 4636 defensionem
678 4576 712 4634 ct
735 4568 776 4633 ad
799 4569 928 4634 illorum
952 4592 1156 4636 communem
1186 4572 1325 4635 salutem
1356 4578 1389 4636 et
1417 4569 1592 4635 honoremb
1616 4577 1649 4635 et
1677 4569 1718 4634 ad
1749 4570 1861 4656 populi
1885 4567 2052 4632 christiani

430 4674 493 4739 illis
517 4673 680 4739 commissi
704 4675 941 4738 salvamentum
964 4683 997 4738 et
1020 4695 1134 4760 paoem
1167 4681 1200 4738 ct
1228 4673 1268 4738 ad
1301 4674 1393 4758 leges
1424 4695 1462 4738 ac
1493 4673 1638 4737 iustitiae
1662 4678 1759 4758 atque
1782 4679 1892 4737 rectae
1917 4671 2050 4736 rationis

431 4777 723 4856 conservationem,
747 4785 903 4861 quantum
927 4778 989 4841 illis
1006 4777 1097 4842 Deus
1115 4778 1198 4841 scire
1221 4783 1255 4842 et
1271 4797 1368 4862 posse
1387 4766 1603 4858 donaverit12,
1629 4798 1704 4841 vero
1722 4776 1857 4842 consilio
1882 4781 1916 4839 et
1932 4794 2050 4839 sacun-

430 4880 508 4945 dum
532 4879 617 4965 quod
641 4880 705 4944 illis
730 4881 966 4945 rationabiliter
994 4887 1027 4946 et
1052 4881 1226 4946 salubriter
1249 4878 1405 4965 possibile
1428 4878 1542 4958 fuerit,
1576 4880 1705 4942 sincero
1734 4879 1856 4943 auxilio
1885 4853 2050 4942 adiutbres
2068 4905 2095 4944 ro

534 5051 561 5120 a)
580 5054 606 5106 Si
626 5052 649 5105 l.
737 5053 764 5120 b)
782 5066 860 5121 atqua
943 5057 1063 5107 honorem
1082 5072 1130 5106 orn.
1146 5055 1168 5106 1.

534 5207 560 5275 3)
572 5205 627 5273 Cir.
643 5205 706 5275 Cap.
720 5205 848 5266 Omeros
860 5208 920 5273 857,
938 5224 1023 5276 supra
1036 5225 1066 5276 p.
1078 5208 1201 5277 ibisqqn
1220 5208 1296 5274 iufra
1304 5224 1335 5277 p.
1347 5206 1407 5262 300.
1494 5207 1522 5270 4)
1536 5205 1629 5274 Saepta
1643 5221 1671 5272 p.
1686 5204 1735 5257 157
1743 5222 1752 5270 ‚·
1770 5203 1848 5269 infra
1859 5202 2053 5258 emanatio.

431 5317 457 5378 5)
477 5313 572 5382 Supra
589 5328 619 5380 p.
634 5312 698 5380 158,
722 5312 769 5365 lin.
789 5313 880 5380 l9aqq.
981 5315 1009 5380 6)
1029 5314 1110 5378 Infra
1128 5313 1175 5370 liu.
1189 5314 1230 5368 31.
1328 5313 1353 5378 7)
1372 5309 1513 5364 famacres
1534 5309 1565 5362 iu
1581 5324 1693 5378 requam
1710 5305 1810 5362 Kuroli
1830 5307 1865 5362 ab
1890 5307 2053 5363 illudowico

430 5437 456 5474 u.
469 5417 528 5473 858.
545 5417 626 5483 sudu.
730 5418 757 5481 8)
777 5417 860 5483 Infra
879 5434 907 5486 p.
921 5419 987 5486 300,
1009 5435 1029 5472 o.
1043 5419 1068 5472 4.
1081 5421 1105 5473 5.
1211 5419 1239 5486 9)
1260 5416 1315 5483 Osr.
1333 5432 1403 5484 quae
1421 5415 1537 5468 diximus
1555 5413 1585 5466 in
1603 5411 1831 5481 ‘Motneuanqm’
1846 5411 1900 5479 XI,
1914 5411 2052 5480 atillam

433 5525 476 5590 10)
488 5521 595 5576 ustura
608 5544 639 5567 =
653 5520 756 5575 ‘bulum
772 5521 882 5587 insarc’
905 5519 954 5573 Du
972 5519 1060 5591 συπρα
1080 5537 1101 5576 s.
1114 5537 1136 5576 o.
1152 5535 1266 5588 quemm-
1287 5518 1337 5584 cfr.
1355 5518 1432 5571 mmm
1449 5515 1561 5581 Sclmde,
1585 5513 1809 5569 Aluouucaum
1834 5513 1900 5568 WB.
1915 5514 1976 5582 11¹,
1995 5529 2016 5568 s.
2029 5531 2051 5568 o.
2070 5526 2096 5567 ss

431 5629 546 5692 acimum
563 5630 587 5679 et
600 5623 689 5694 Epist.
704 5623 829 5679 Cariaca.
842 5625 901 5692 858,
919 5623 996 5690 infra
1012 5641 1054 5680 ur.
1067 5625 1127 5692 29⁵1,
1144 5642 1165 5679 c.
1180 5626 1220 5678 15.
1301 5623 1343 5688 11)
1356 5619 1447 5690 aspra
1462 5637 1491 5690 p.
1506 5620 1562 5674 154.
1642 5618 1685 5684 12)
1704 5620 1734 5672 et
1752 5617 1806 5689 ipsi
1818 5633 1862 5671 me
1874 5616 2053 5674 obaudierint

433 5735 461 5788 et
479 5749 495 5785 n
513 5747 557 5786 me
576 5727 629 5800 ipsi
648 5728 820 5801 quaesierint
841 5726 902 5782 add.
921 5743 993 5798 reyes
1011 5729 1027 5782 1.
1039 5744 1059 5785 c.
