<?xml version="1.0" encoding="UTF-8"?>
<!DOCTYPE html PUBLIC "-//W3C//DTD XHTML 1.0 Transitional//EN"
    "http://www.w3.org/TR/xhtml1/DTD/xhtml1-transitional.dtd">
<html xmlns="http://www.w3.org/1999/xhtml" xml:lang="en" lang="en">
 <head>
  <title>
</title>
<meta http-equiv="Content-Type" content="text/html;charset=utf-8" />
  <meta name='ocr-system' content='tesseract 3.04.00' />
  <meta name='ocr-capabilities' content='ocr_page ocr_carea ocr_par ocr_line ocrx_word'/>
</head>
<body>
  <div class='ocr_page' id='page_1' title='image "./monumentagerman07mittgoog_0157.png"; bbox 0 0 4634 6436; ppageno 0'>
   <div class='ocr_carea' id='block_1_1' title="bbox 454 445 1831 517">
    <p class='ocr_par' dir='ltr' id='par_1_1' title="bbox 454 445 1831 517">
     <span class='ocr_line' id='line_1_1' title="bbox 454 445 1831 517; baseline -0.007 -8"><span class='ocrx_word' id='word_1_1' title='bbox 454 455 514 517; x_wconf 80' lang='grc'>116</span> <span class='ocrx_word' id='word_1_2' title='bbox 699 449 970 506; x_wconf 66' lang='lat' dir='ltr'>subintrusus</span> <span class='ocrx_word' id='word_1_3' title='bbox 990 449 1038 505; x_wconf 80' lang='lat' dir='ltr'>AD</span> <span class='ocrx_word' id='word_1_4' title='bbox 1056 449 1300 506; x_wconf 79' lang='lat' dir='ltr'>CAPITULARIA</span> <span class='ocrx_word' id='word_1_5' title='bbox 1320 445 1524 502; x_wconf 79' lang='lat' dir='ltr'><strong>HLOTHARII</strong></span> <span class='ocrx_word' id='word_1_6' title='bbox 1543 447 1563 500; x_wconf 92' lang='lat'>1.</span> <span class='ocrx_word' id='word_1_7' title='bbox 1582 477 1616 484; x_wconf 95' lang='lat'>—</span> <span class='ocrx_word' id='word_1_8' title='bbox 1634 446 1682 500; x_wconf 85' lang='lat' dir='ltr'>hlr.</span> <span class='ocrx_word' id='word_1_9' title='bbox 1693 446 1752 501; x_wconf 77' lang='lat'><strong>227.</strong></span> <span class='ocrx_word' id='word_1_10' title='bbox 1771 446 1831 501; x_wconf 75' lang='lat'><strong>228.</strong></span> 
     </span>
    </p>
   </div>
   <div class='ocr_carea' id='block_1_2' title="bbox 373 619 2123 2863">
    <p class='ocr_par' dir='ltr' id='par_1_2' title="bbox 373 619 2119 1537">
     <span class='ocr_line' id='line_1_2' title="bbox 373 619 2076 708; baseline -0.001 -22"><span class='ocrx_word' id='word_1_11' title='bbox 373 625 597 690; x_wconf 69' lang='lat' dir='ltr'>uitiosorum</span> <span class='ocrx_word' id='word_1_12' title='bbox 627 631 660 689; x_wconf 89' lang='lat' dir='ltr'>et</span> <span class='ocrx_word' id='word_1_13' title='bbox 689 625 830 690; x_wconf 87' lang='lat' dir='ltr'>studium</span> <span class='ocrx_word' id='word_1_14' title='bbox 860 647 898 691; x_wconf 90' lang='lat' dir='ltr'>ao</span> <span class='ocrx_word' id='word_1_15' title='bbox 926 624 1076 690; x_wconf 90' lang='lat' dir='ltr'>custodia</span> <span class='ocrx_word' id='word_1_16' title='bbox 1098 624 1195 688; x_wconf 86' lang='lat' dir='ltr'>officii</span> <span class='ocrx_word' id='word_1_17' title='bbox 1226 629 1259 688; x_wconf 89' lang='lat' dir='ltr'>et</span> <span class='ocrx_word' id='word_1_18' title='bbox 1286 622 1452 708; x_wconf 82' lang='lat' dir='ltr'>religionis</span> <span class='ocrx_word' id='word_1_19' title='bbox 1476 628 1573 706; x_wconf 88' lang='lat' dir='ltr'>atque</span> <span class='ocrx_word' id='word_1_20' title='bbox 1597 619 1779 684; x_wconf 78' lang='lat' dir='ltr'>subsidium</span> <span class='ocrx_word' id='word_1_21' title='bbox 1802 619 1994 706; x_wconf 88' lang='lat' dir='ltr'>temporalis</span> <span class='ocrx_word' id='word_1_22' title='bbox 2018 641 2076 685; x_wconf 91' lang='lat' dir='ltr'>ue-</span> 
     </span>
     <span class='ocr_line' id='line_1_3' title="bbox 451 724 2075 813; baseline -0.002 -21"><span class='ocrx_word' id='word_1_23' title='bbox 451 729 616 792; x_wconf 89' lang='lat' dir='ltr'>cessitatis</span> <span class='ocrx_word' id='word_1_24' title='bbox 651 729 684 792; x_wconf 93' lang='lat' dir='ltr'>in</span> <span class='ocrx_word' id='word_1_25' title='bbox 714 728 838 794; x_wconf 88' lang='lat' dir='ltr'>eisdem</span> <span class='ocrx_word' id='word_1_26' title='bbox 869 730 947 794; x_wconf 91' lang='lat' dir='ltr'>locis</span> <span class='ocrx_word' id='word_1_27' title='bbox 976 726 1174 813; x_wconf 80' lang='lat' dir='ltr'>degentibus</span> <span class='ocrx_word' id='word_1_28' title='bbox 1204 727 1298 790; x_wconf 87' lang='lat' dir='ltr'>iuxta</span> <span class='ocrx_word' id='word_1_29' title='bbox 1326 726 1518 811; x_wconf 79' lang='lat' dir='ltr'>qualitatem</span> <span class='ocrx_word' id='word_1_30' title='bbox 1547 731 1581 789; x_wconf 90' lang='lat' dir='ltr'>et</span> <span class='ocrx_word' id='word_1_31' title='bbox 1603 725 1818 809; x_wconf 79' lang='lat' dir='ltr'>quantitatem</span> <span class='ocrx_word' id='word_1_32' title='bbox 1846 724 2075 788; x_wconf 88' lang='lat' dir='ltr'>moderationis</span> 
     </span>
     <span class='ocr_line' id='line_1_4' title="bbox 451 827 2075 917; baseline -0.003 -22"><span class='ocrx_word' id='word_1_33' title='bbox 451 831 646 896; x_wconf 89' lang='lat' dir='ltr'>adhibeatur</span> <span class='ocrx_word' id='word_1_34' title='bbox 675 839 708 897; x_wconf 90' lang='lat' dir='ltr'>et</span> <span class='ocrx_word' id='word_1_35' title='bbox 733 834 951 908; x_wconf 66' lang='lat' dir='ltr'>ministratum</span> <span class='ocrx_word' id='word_1_36' title='bbox 985 839 1019 898; x_wconf 90' lang='lat' dir='ltr'>et</span> <span class='ocrx_word' id='word_1_37' title='bbox 1045 833 1100 917; x_wconf 91' lang='lat' dir='ltr'>qui</span> <span class='ocrx_word' id='word_1_38' title='bbox 1128 830 1243 896; x_wconf 88' lang='lat' dir='ltr'>eadem</span> <span class='ocrx_word' id='word_1_39' title='bbox 1266 830 1340 893; x_wconf 91' lang='lat' dir='ltr'>loca</span> <span class='ocrx_word' id='word_1_40' title='bbox 1368 829 1547 906; x_wconf 88' lang='lat' dir='ltr'>tenuerint,</span> <span class='ocrx_word' id='word_1_41' title='bbox 1578 829 1625 892; x_wconf 87' lang='lat' dir='ltr'>eis</span> <span class='ocrx_word' id='word_1_42' title='bbox 1651 827 1743 904; x_wconf 89' lang='lat' dir='ltr'>inde,</span> <span class='ocrx_word' id='word_1_43' title='bbox 1774 829 1859 892; x_wconf 88' lang='lat' dir='ltr'>sicut</span> <span class='ocrx_word' id='word_1_44' title='bbox 1882 835 1915 891; x_wconf 93' lang='lat' dir='ltr'>et</span> <span class='ocrx_word' id='word_1_45' title='bbox 1938 827 1978 892; x_wconf 90' lang='lat' dir='ltr'>de</span> <span class='ocrx_word' id='word_1_46' title='bbox 2002 827 2075 891; x_wconf 90' lang='lat' dir='ltr'>aliis</span> 
     </span>
     <span class='ocr_line' id='line_1_5' title="bbox 452 930 2077 1022; baseline -0.002 -24"><span class='ocrx_word' id='word_1_47' title='bbox 452 934 649 1002; x_wconf 80' lang='lat' dir='ltr'>christianae</span> <span class='ocrx_word' id='word_1_48' title='bbox 677 937 843 1021; x_wconf 88' lang='lat' dir='ltr'>religionis</span> <span class='ocrx_word' id='word_1_49' title='bbox 871 937 1030 1022; x_wconf 85' lang='lat' dir='ltr'>negotiis,</span> <span class='ocrx_word' id='word_1_50' title='bbox 1068 956 1125 1020; x_wconf 89' lang='lat' dir='ltr'>pro</span> <span class='ocrx_word' id='word_1_51' title='bbox 1149 932 1269 999; x_wconf 80' lang='lat' dir='ltr'>Christi</span> <span class='ocrx_word' id='word_1_52' title='bbox 1300 939 1334 998; x_wconf 88' lang='lat' dir='ltr'>et</span> <span class='ocrx_word' id='word_1_53' title='bbox 1363 939 1473 998; x_wconf 86' lang='lat' dir='ltr'>restra</span> <span class='ocrx_word' id='word_1_54' title='bbox 1505 931 1689 996; x_wconf 80' lang='lat' dir='ltr'>reverentia</span> <span class='ocrx_word' id='word_1_55' title='bbox 1717 931 1900 998; x_wconf 84' lang='lat' dir='ltr'>obediatur.</span> <span class='ocrx_word' id='word_1_56' title='bbox 1953 930 2077 1005; x_wconf 81' lang='lat' dir='ltr'>Quodsi</span> 
     </span>
     <span class='ocr_line' id='line_1_6' title="bbox 451 1034 2119 1126; baseline -0.004 -23"><span class='ocrx_word' id='word_1_57' title='bbox 451 1039 524 1124; x_wconf 91' lang='lat' dir='ltr'>quis</span> <span class='ocrx_word' id='word_1_58' title='bbox 553 1059 618 1104; x_wconf 91' lang='lat' dir='ltr'>non</span> <span class='ocrx_word' id='word_1_59' title='bbox 645 1039 777 1121; x_wconf 85' lang='lat' dir='ltr'>fecerit,</span> <span class='ocrx_word' id='word_1_60' title='bbox 809 1041 1012 1126; x_wconf 88' lang='lat' dir='ltr'>provisorum</span> <span class='ocrx_word' id='word_1_61' title='bbox 1041 1059 1138 1104; x_wconf 86' lang='lat' dir='ltr'>curae</span> <span class='ocrx_word' id='word_1_62' title='bbox 1169 1038 1246 1113; x_wconf 84' lang='lat' dir='ltr'>erit,</span> <span class='ocrx_word' id='word_1_63' title='bbox 1279 1044 1315 1101; x_wconf 90' lang='lat' dir='ltr'>ut</span> <span class='ocrx_word' id='word_1_64' title='bbox 1346 1035 1387 1101; x_wconf 92' lang='lat' dir='ltr'>ad</span> <span class='ocrx_word' id='word_1_65' title='bbox 1415 1040 1557 1100; x_wconf 80' lang='lat' dir='ltr'>vestram</span> <span class='ocrx_word' id='word_1_66' title='bbox 1587 1034 1648 1099; x_wconf 92' lang='lat' dir='ltr'>hoc</span> <span class='ocrx_word' id='word_1_67' title='bbox 1676 1035 1824 1099; x_wconf 90' lang='lat' dir='ltr'>notitiam</span> <span class='ocrx_word' id='word_1_68' title='bbox 1853 1036 2012 1115; x_wconf 88' lang='lat' dir='ltr'>referant,</span> <span class='ocrx_word' id='word_1_69' title='bbox 2044 1041 2077 1099; x_wconf 90' lang='lat' dir='ltr'>et</span> <span class='ocrx_word' id='word_1_70' title='bbox 2107 1061 2119 1097; x_wconf 83' lang='lat' dir='ltr'>s</span> 
     </span>
     <span class='ocr_line' id='line_1_7' title="bbox 450 1139 2077 1225; baseline -0.003 -18"><span class='ocrx_word' id='word_1_71' title='bbox 450 1149 562 1207; x_wconf 83' lang='lat' dir='ltr'>vestra</span> <span class='ocrx_word' id='word_1_72' title='bbox 591 1142 769 1208; x_wconf 87' lang='lat' dir='ltr'>dominatio</span> <span class='ocrx_word' id='word_1_73' title='bbox 802 1144 979 1209; x_wconf 89' lang='lat' dir='ltr'>secundum</span> <span class='ocrx_word' id='word_1_74' title='bbox 1010 1145 1073 1209; x_wconf 88' lang='lat' dir='ltr'>sibi</span> <span class='ocrx_word' id='word_1_75' title='bbox 1102 1142 1216 1208; x_wconf 88' lang='lat' dir='ltr'>aDeo</span> <span class='ocrx_word' id='word_1_76' title='bbox 1250 1143 1459 1206; x_wconf 89' lang='lat' dir='ltr'>commissum</span> <span class='ocrx_word' id='word_1_77' title='bbox 1491 1139 1707 1204; x_wconf 87' lang='lat' dir='ltr'>ministerium</span> <span class='ocrx_word' id='word_1_78' title='bbox 1736 1159 1794 1224; x_wconf 92' lang='lat' dir='ltr'>pro</span> <span class='ocrx_word' id='word_1_79' title='bbox 1823 1140 1920 1203; x_wconf 93' lang='lat' dir='ltr'>modo</span> <span class='ocrx_word' id='word_1_80' title='bbox 1951 1140 2077 1225; x_wconf 86' lang='lat' dir='ltr'>culpae,</span> 
     </span>
     <span class='ocr_line' id='line_1_8' title="bbox 452 1242 2077 1332; baseline -0.004 -21"><span class='ocrx_word' id='word_1_81' title='bbox 452 1267 536 1331; x_wconf 90' lang='lat' dir='ltr'>quae</span> <span class='ocrx_word' id='word_1_82' title='bbox 558 1245 762 1311; x_wconf 89' lang='lat' dir='ltr'>emendanda</span> <span class='ocrx_word' id='word_1_83' title='bbox 785 1255 869 1328; x_wconf 89' lang='lat' dir='ltr'>sunt,</span> <span class='ocrx_word' id='word_1_84' title='bbox 894 1246 1068 1332; x_wconf 60' lang='lat' dir='ltr'>corrigetk.</span> <span class='ocrx_word' id='word_1_85' title='bbox 1104 1246 1168 1311; x_wconf 88' lang='lat' dir='ltr'>Per</span> <span class='ocrx_word' id='word_1_86' title='bbox 1184 1246 1256 1310; x_wconf 90' lang='lat' dir='ltr'>loca</span> <span class='ocrx_word' id='word_1_87' title='bbox 1272 1245 1371 1310; x_wconf 88' lang='lat' dir='ltr'>etiam</span> <span class='ocrx_word' id='word_1_88' title='bbox 1389 1244 1569 1308; x_wconf 88' lang='lat' dir='ltr'>monastica</span> <span class='ocrx_word' id='word_1_89' title='bbox 1589 1242 1733 1308; x_wconf 88' lang='lat' dir='ltr'>eiusdem</span> <span class='ocrx_word' id='word_1_90' title='bbox 1749 1242 1870 1307; x_wconf 91' lang='lat' dir='ltr'>ordinis</span> <span class='ocrx_word' id='word_1_91' title='bbox 1891 1243 2077 1330; x_wconf 85' lang='lat' dir='ltr'>provisores</span> 
     </span>
     <span class='ocr_line' id='line_1_9' title="bbox 451 1345 2076 1436; baseline -0.002 -22"><span class='ocrx_word' id='word_1_92' title='bbox 451 1370 590 1414; x_wconf 86' lang='lat' dir='ltr'>necesse</span> <span class='ocrx_word' id='word_1_93' title='bbox 612 1350 674 1413; x_wconf 88' lang='lat' dir='ltr'>erit</span> <span class='ocrx_word' id='word_1_94' title='bbox 693 1349 877 1436; x_wconf 85' lang='lat' dir='ltr'>disponere,</span> <span class='ocrx_word' id='word_1_95' title='bbox 901 1370 974 1414; x_wconf 89' lang='lat' dir='ltr'>cum</span> <span class='ocrx_word' id='word_1_96' title='bbox 992 1355 1100 1413; x_wconf 89' lang='lat' dir='ltr'>vestra</span> <span class='ocrx_word' id='word_1_97' title='bbox 1117 1349 1293 1413; x_wconf 88' lang='lat' dir='ltr'>auctoritas</span> <span class='ocrx_word' id='word_1_98' title='bbox 1311 1370 1377 1428; x_wconf 87' lang='lat' dir='ltr'>eos,</span> <span class='ocrx_word' id='word_1_99' title='bbox 1401 1349 1455 1432; x_wconf 92' lang='lat' dir='ltr'>qui</span> <span class='ocrx_word' id='word_1_100' title='bbox 1471 1348 1559 1412; x_wconf 85' lang='lat' dir='ltr'>vices</span> <span class='ocrx_word' id='word_1_101' title='bbox 1577 1345 1711 1411; x_wconf 80' lang='lat' dir='ltr'>Christi¹</span> <span class='ocrx_word' id='word_1_102' title='bbox 1732 1347 1910 1412; x_wconf 86' lang='lat' dir='ltr'>secundum</span> <span class='ocrx_word' id='word_1_103' title='bbox 1930 1347 2076 1432; x_wconf 83' lang='lat' dir='ltr'>regulam</span> 
     </span>
     <span class='ocr_line' id='line_1_10' title="bbox 453 1450 1577 1537; baseline 0 -21"><span class='ocrx_word' id='word_1_104' title='bbox 453 1452 609 1518; x_wconf 86' lang='lat' dir='ltr'>divinitus</span> <span class='ocrx_word' id='word_1_105' title='bbox 632 1452 787 1518; x_wconf 89' lang='lat' dir='ltr'>dictatam</span> <span class='ocrx_word' id='word_1_106' title='bbox 810 1454 843 1517; x_wconf 90' lang='lat' dir='ltr'>in</span> <span class='ocrx_word' id='word_1_107' title='bbox 867 1453 1074 1517; x_wconf 86' lang='lat' dir='ltr'>monasteriis</span> <span class='ocrx_word' id='word_1_108' title='bbox 1098 1459 1206 1537; x_wconf 81' lang='lat' dir='ltr'>agant,</span> <span class='ocrx_word' id='word_1_109' title='bbox 1231 1450 1394 1516; x_wconf 89' lang='lat' dir='ltr'>studuerit</span> <span class='ocrx_word' id='word_1_110' title='bbox 1417 1451 1577 1516; x_wconf 87' lang='lat' dir='ltr'>ordinare.</span> 
     </span>
    </p>

    <p class='ocr_par' dir='ltr' id='par_1_3' title="bbox 452 1554 2123 2863">
     <span class='ocr_line' id='line_1_11' title="bbox 562 1554 2120 1639; baseline -0.003 -19"><span class='ocrx_word' id='word_1_111' title='bbox 562 1559 592 1624; x_wconf 87' lang='grc'>6.</span> <span class='ocrx_word' id='word_1_112' title='bbox 626 1558 772 1623; x_wconf 92' lang='lat' dir='ltr'>Petimus</span> <span class='ocrx_word' id='word_1_113' title='bbox 796 1555 945 1638; x_wconf 91' lang='lat' dir='ltr'>tandem,</span> <span class='ocrx_word' id='word_1_114' title='bbox 975 1561 1012 1620; x_wconf 91' lang='lat' dir='ltr'>ut</span> <span class='ocrx_word' id='word_1_115' title='bbox 1034 1555 1112 1620; x_wconf 92' lang='lat' dir='ltr'>ordo</span> <span class='ocrx_word' id='word_1_116' title='bbox 1137 1554 1394 1634; x_wconf 88' lang='lat' dir='ltr'>ecclesiasticus,</span> <span class='ocrx_word' id='word_1_117' title='bbox 1424 1554 1456 1617; x_wconf 91' lang='lat' dir='ltr'>iu</span> <span class='ocrx_word' id='word_1_118' title='bbox 1480 1555 1737 1639; x_wconf 89' lang='lat' dir='ltr'>quibuscumque</span> <span class='ocrx_word' id='word_1_119' title='bbox 1764 1555 1795 1619; x_wconf 92' lang='lat' dir='ltr'>ei</span> <span class='ocrx_word' id='word_1_120' title='bbox 1818 1554 1917 1619; x_wconf 81' lang='lat' dir='ltr'>fuerit</span> <span class='ocrx_word' id='word_1_121' title='bbox 1939 1575 2120 1619; x_wconf 82' lang='lat' dir='ltr'>necassem</span> 
     </span>
     <span class='ocr_line' id='line_1_12' title="bbox 452 1658 2076 1747; baseline -0.002 -23"><span class='ocrx_word' id='word_1_122' title='bbox 452 1659 593 1745; x_wconf 85' lang='lat' dir='ltr'>rigorem</span> <span class='ocrx_word' id='word_1_123' title='bbox 621 1661 733 1726; x_wconf 91' lang='lat' dir='ltr'>salutis</span> <span class='ocrx_word' id='word_1_124' title='bbox 756 1661 919 1725; x_wconf 91' lang='lat' dir='ltr'>humanae</span> <span class='ocrx_word' id='word_1_125' title='bbox 944 1681 1097 1740; x_wconf 85' lang='lat' dir='ltr'>exerere,</span> <span class='ocrx_word' id='word_1_126' title='bbox 1127 1680 1188 1747; x_wconf 92' lang='lat' dir='ltr'>per</span> <span class='ocrx_word' id='word_1_127' title='bbox 1209 1663 1406 1744; x_wconf 87' lang='lat' dir='ltr'>potestatem</span> <span class='ocrx_word' id='word_1_128' title='bbox 1430 1666 1574 1723; x_wconf 88' lang='lat' dir='ltr'>vestram</span> <span class='ocrx_word' id='word_1_129' title='bbox 1599 1665 1633 1722; x_wconf 93' lang='lat' dir='ltr'>et</span> <span class='ocrx_word' id='word_1_130' title='bbox 1660 1679 1719 1743; x_wconf 90' lang='lat' dir='ltr'>per</span> <span class='ocrx_word' id='word_1_131' title='bbox 1744 1658 1959 1723; x_wconf 87' lang='lat' dir='ltr'>ministerium</span> <span class='ocrx_word' id='word_1_132' title='bbox 1981 1659 2076 1722; x_wconf 91' lang='lat' dir='ltr'>mini-</span> 
     </span>
     <span class='ocr_line' id='line_1_13' title="bbox 453 1761 2077 1847; baseline -0.001 -20"><span class='ocrx_word' id='word_1_133' title='bbox 453 1769 594 1828; x_wconf 89' lang='lat' dir='ltr'>strorum</span> <span class='ocrx_word' id='word_1_134' title='bbox 634 1764 861 1829; x_wconf 90' lang='lat' dir='ltr'>dominationis</span> <span class='ocrx_word' id='word_1_135' title='bbox 896 1768 1026 1829; x_wconf 87' lang='lat' dir='ltr'>restrae</span> <span class='ocrx_word' id='word_1_136' title='bbox 1067 1761 1247 1827; x_wconf 85' lang='lat' dir='ltr'>secuudum</span> <span class='ocrx_word' id='word_1_137' title='bbox 1286 1762 1452 1847; x_wconf 91' lang='lat' dir='ltr'>antiquam</span> <span class='ocrx_word' id='word_1_138' title='bbox 1494 1761 1766 1827; x_wconf 90' lang='lat' dir='ltr'>consuetudinem</span> <span class='ocrx_word' id='word_1_139' title='bbox 1805 1782 1898 1826; x_wconf 91' lang='lat' dir='ltr'>suum</span> <span class='ocrx_word' id='word_1_140' title='bbox 1934 1763 2077 1847; x_wconf 86' lang='lat' dir='ltr'>rigorem</span> 
     </span>
     <span class='ocr_line' id='line_1_14' title="bbox 452 1865 2078 1956; baseline -0.001 -25"><span class='ocrx_word' id='word_1_141' title='bbox 452 1869 607 1955; x_wconf 66' lang='lat' dir='ltr'>recipiam</span> <span class='ocrx_word' id='word_1_142' title='bbox 639 1875 672 1932; x_wconf 91' lang='lat' dir='ltr'>et</span> <span class='ocrx_word' id='word_1_143' title='bbox 694 1869 806 1956; x_wconf 93' lang='lat' dir='ltr'>populi</span> <span class='ocrx_word' id='word_1_144' title='bbox 829 1869 1028 1954; x_wconf 87' lang='lat' dir='ltr'>generalitas</span> <span class='ocrx_word' id='word_1_145' title='bbox 1051 1888 1116 1931; x_wconf 87' lang='lat' dir='ltr'>una</span> <span class='ocrx_word' id='word_1_146' title='bbox 1138 1887 1211 1930; x_wconf 90' lang='lat' dir='ltr'>cum</span> <span class='ocrx_word' id='word_1_147' title='bbox 1235 1866 1459 1930; x_wconf 89' lang='lat' dir='ltr'>ecclesiastica</span> <span class='ocrx_word' id='word_1_148' title='bbox 1482 1865 1656 1930; x_wconf 87' lang='lat' dir='ltr'>devotione</span> <span class='ocrx_word' id='word_1_149' title='bbox 1678 1865 1844 1945; x_wconf 90' lang='lat' dir='ltr'>iudicium,</span> <span class='ocrx_word' id='word_1_150' title='bbox 1869 1865 1953 1950; x_wconf 91' lang='lat' dir='ltr'>quod</span> <span class='ocrx_word' id='word_1_151' title='bbox 1975 1866 2078 1930; x_wconf 90' lang='lat' dir='ltr'>honor</span> 
     </span>
     <span class='ocr_line' id='line_1_15' title="bbox 452 1959 2077 2056; baseline -0.001 -22"><span class='ocrx_word' id='word_1_152' title='bbox 452 1971 540 2056; x_wconf 83' lang='lat' dir='ltr'>regis</span> <span class='ocrx_word' id='word_1_153' title='bbox 563 1961 715 2055; x_wconf 65' lang='lat' dir='ltr'>diligit25,</span> <span class='ocrx_word' id='word_1_154' title='bbox 746 1978 779 2034; x_wconf 89' lang='lat' dir='ltr'>et</span> <span class='ocrx_word' id='word_1_155' title='bbox 806 1972 976 2052; x_wconf 86' lang='lat' dir='ltr'>iustitiam,</span> <span class='ocrx_word' id='word_1_156' title='bbox 1007 1991 1071 2055; x_wconf 91' lang='lat' dir='ltr'>qua</span> <span class='ocrx_word' id='word_1_157' title='bbox 1099 1969 1235 2034; x_wconf 88' lang='lat' dir='ltr'>thronus</span> <span class='ocrx_word' id='word_1_158' title='bbox 1264 1969 1334 2033; x_wconf 92' lang='lat' dir='ltr'>eius</span> <span class='ocrx_word' id='word_1_159' title='bbox 1361 1959 1551 2048; x_wconf 59' lang='lat' dir='ltr'>firmaturffi,</span> <span class='ocrx_word' id='word_1_160' title='bbox 1583 1991 1642 2055; x_wconf 90' lang='lat' dir='ltr'>per</span> <span class='ocrx_word' id='word_1_161' title='bbox 1664 1968 1911 2055; x_wconf 87' lang='lat' dir='ltr'>dispositionem</span> <span class='ocrx_word' id='word_1_162' title='bbox 1935 1977 2077 2033; x_wconf 86' lang='lat' dir='ltr'>vestram</span> 
     </span>
     <span class='ocr_line' id='line_1_16' title="bbox 454 2072 2120 2160; baseline -0.002 -22"><span class='ocrx_word' id='word_1_163' title='bbox 454 2075 626 2160; x_wconf 63' lang='lat' dir='ltr'>suscipiam</span> <span class='ocrx_word' id='word_1_164' title='bbox 657 2095 715 2140; x_wconf 88' lang='lat' dir='ltr'>seu</span> <span class='ocrx_word' id='word_1_165' title='bbox 738 2075 970 2140; x_wconf 86' lang='lat' dir='ltr'>ammonitione</span> <span class='ocrx_word' id='word_1_166' title='bbox 993 2082 1091 2160; x_wconf 91' lang='lat' dir='ltr'>atque</span> <span class='ocrx_word' id='word_1_167' title='bbox 1115 2074 1249 2138; x_wconf 91' lang='lat' dir='ltr'>consilio</span> <span class='ocrx_word' id='word_1_168' title='bbox 1274 2072 1468 2160; x_wconf 86' lang='lat' dir='ltr'>sacerdotali</span> <span class='ocrx_word' id='word_1_169' title='bbox 1492 2078 1602 2138; x_wconf 81' lang='lat' dir='ltr'>uestra</span> <span class='ocrx_word' id='word_1_170' title='bbox 1625 2072 1807 2137; x_wconf 88' lang='lat' dir='ltr'>sublimitas</span> <span class='ocrx_word' id='word_1_171' title='bbox 1831 2079 1864 2137; x_wconf 90' lang='lat' dir='ltr'>et</span> <span class='ocrx_word' id='word_1_172' title='bbox 1887 2074 2020 2158; x_wconf 89' lang='lat' dir='ltr'>quisque</span> <span class='ocrx_word' id='word_1_173' title='bbox 2044 2073 2078 2136; x_wconf 90' lang='lat' dir='ltr'>in</span> <span class='ocrx_word' id='word_1_174' title='bbox 2097 2097 2120 2136; x_wconf 83' lang='lat' dir='ltr'>rs</span> 
     </span>
     <span class='ocr_line' id='line_1_17' title="bbox 453 2175 2077 2262; baseline -0.001 -21"><span class='ocrx_word' id='word_1_175' title='bbox 453 2176 600 2261; x_wconf 89' lang='lat' dir='ltr'>quolibet</span> <span class='ocrx_word' id='word_1_176' title='bbox 633 2184 719 2243; x_wconf 89' lang='lat' dir='ltr'>statu</span> <span class='ocrx_word' id='word_1_177' title='bbox 749 2179 801 2242; x_wconf 84' lang='lat' dir='ltr'>vel</span> <span class='ocrx_word' id='word_1_178' title='bbox 835 2178 949 2242; x_wconf 92' lang='lat' dir='ltr'>ordine</span> <span class='ocrx_word' id='word_1_179' title='bbox 979 2177 1019 2243; x_wconf 90' lang='lat' dir='ltr'>de</span> <span class='ocrx_word' id='word_1_180' title='bbox 1050 2176 1172 2262; x_wconf 84' lang='lat' dir='ltr'>rapinis</span> <span class='ocrx_word' id='word_1_181' title='bbox 1205 2183 1239 2240; x_wconf 92' lang='lat' dir='ltr'>et</span> <span class='ocrx_word' id='word_1_182' title='bbox 1269 2176 1403 2252; x_wconf 87' lang='lat' dir='ltr'>ceteris,</span> <span class='ocrx_word' id='word_1_183' title='bbox 1439 2195 1522 2260; x_wconf 89' lang='lat' dir='ltr'>quae</span> <span class='ocrx_word' id='word_1_184' title='bbox 1552 2175 1734 2240; x_wconf 91' lang='lat' dir='ltr'>discordiae</span> <span class='ocrx_word' id='word_1_185' title='bbox 1764 2177 1849 2240; x_wconf 90' lang='lat' dir='ltr'>malo</span> <span class='ocrx_word' id='word_1_186' title='bbox 1879 2175 2077 2254; x_wconf 88' lang='lat' dir='ltr'>acciderunt,</span> 
     </span>
     <span class='ocr_line' id='line_1_18' title="bbox 453 2277 2077 2367; baseline -0.001 -23"><span class='ocrx_word' id='word_1_187' title='bbox 453 2281 640 2366; x_wconf 87' lang='lat' dir='ltr'>praeteritis</span> <span class='ocrx_word' id='word_1_188' title='bbox 665 2281 828 2346; x_wconf 90' lang='lat' dir='ltr'>erroribus</span> <span class='ocrx_word' id='word_1_189' title='bbox 851 2281 1075 2367; x_wconf 89' lang='lat' dir='ltr'>penitudinem</span> <span class='ocrx_word' id='word_1_190' title='bbox 1100 2285 1195 2365; x_wconf 85' lang='lat' dir='ltr'>gerat</span> <span class='ocrx_word' id='word_1_191' title='bbox 1218 2285 1252 2343; x_wconf 92' lang='lat' dir='ltr'>et</span> <span class='ocrx_word' id='word_1_192' title='bbox 1269 2277 1400 2342; x_wconf 90' lang='lat' dir='ltr'>Domini</span> <span class='ocrx_word' id='word_1_193' title='bbox 1421 2279 1715 2344; x_wconf 79' lang='lat' dir='ltr'>reconciliationem</span> <span class='ocrx_word' id='word_1_194' title='bbox 1737 2280 1934 2365; x_wconf 83' lang='lat' dir='ltr'>expostulet.</span> <span class='ocrx_word' id='word_1_195' title='bbox 1972 2277 2077 2352; x_wconf 81' lang='lat' dir='ltr'>Quam</span> 
     </span>
     <span class='ocr_line' id='line_1_19' title="bbox 453 2382 2078 2470; baseline 0 -23"><span class='ocrx_word' id='word_1_196' title='bbox 453 2384 550 2448; x_wconf 86' lang='lat' dir='ltr'>facile</span> <span class='ocrx_word' id='word_1_197' title='bbox 574 2384 694 2462; x_wconf 88' lang='lat' dir='ltr'>omnis,</span> <span class='ocrx_word' id='word_1_198' title='bbox 727 2385 781 2468; x_wconf 93' lang='lat' dir='ltr'>qui</span> <span class='ocrx_word' id='word_1_199' title='bbox 804 2385 998 2469; x_wconf 88' lang='lat' dir='ltr'>quaesierit,</span> <span class='ocrx_word' id='word_1_200' title='bbox 1028 2384 1187 2462; x_wconf 80' lang='lat' dir='ltr'>inveniet,</span> <span class='ocrx_word' id='word_1_201' title='bbox 1218 2383 1245 2446; x_wconf 91' lang='lat' dir='ltr'>si</span> <span class='ocrx_word' id='word_1_202' title='bbox 1274 2383 1307 2446; x_wconf 91' lang='lat' dir='ltr'>in</span> <span class='ocrx_word' id='word_1_203' title='bbox 1335 2384 1406 2447; x_wconf 87' lang='lat' dir='ltr'>loco</span> <span class='ocrx_word' id='word_1_204' title='bbox 1436 2382 1618 2448; x_wconf 86' lang='lat' dir='ltr'>discordiae</span> <span class='ocrx_word' id='word_1_205' title='bbox 1646 2386 1794 2470; x_wconf 86' lang='lat' dir='ltr'>plantata</span> <span class='ocrx_word' id='word_1_206' title='bbox 1822 2384 1921 2449; x_wconf 84' lang='lat' dir='ltr'>fuerit</span> <span class='ocrx_word' id='word_1_207' title='bbox 1948 2385 2078 2464; x_wconf 88' lang='lat' dir='ltr'>caritas,</span> 
     </span>
     <span class='ocr_line' id='line_1_20' title="bbox 453 2487 2078 2573; baseline 0 -23"><span class='ocrx_word' id='word_1_208' title='bbox 453 2507 537 2572; x_wconf 88' lang='lat' dir='ltr'>quae</span> <span class='ocrx_word' id='word_1_209' title='bbox 566 2487 710 2571; x_wconf 88' lang='lat' dir='ltr'>cooperit</span> <span class='ocrx_word' id='word_1_210' title='bbox 736 2487 977 2552; x_wconf 90' lang='lat' dir='ltr'>multitudinem</span> <span class='ocrx_word' id='word_1_211' title='bbox 1005 2493 1229 2573; x_wconf 87' lang='lat' dir='ltr'>peccatorum,</span> <span class='ocrx_word' id='word_1_212' title='bbox 1262 2506 1403 2570; x_wconf 88' lang='lat' dir='ltr'>eumque</span> <span class='ocrx_word' id='word_1_213' title='bbox 1430 2487 1659 2572; x_wconf 89' lang='lat' dir='ltr'>potiusquam</span> <span class='ocrx_word' id='word_1_214' title='bbox 1687 2509 1746 2552; x_wconf 91' lang='lat' dir='ltr'>nos</span> <span class='ocrx_word' id='word_1_215' title='bbox 1776 2489 1808 2551; x_wconf 91' lang='lat' dir='ltr'>in</span> <span class='ocrx_word' id='word_1_216' title='bbox 1832 2487 1984 2565; x_wconf 90' lang='lat' dir='ltr'>consilio,</span> <span class='ocrx_word' id='word_1_217' title='bbox 2015 2507 2078 2551; x_wconf 92' lang='lat' dir='ltr'>non</span> 
     </span>
     <span class='ocr_line' id='line_1_21' title="bbox 453 2580 2123 2679; baseline 0.001 -27"><span class='ocrx_word' id='word_1_218' title='bbox 453 2595 564 2654; x_wconf 92' lang='lat' dir='ltr'>nostro</span> <span class='ocrx_word' id='word_1_219' title='bbox 587 2589 646 2655; x_wconf 91' lang='lat' dir='ltr'>sed</span> <span class='ocrx_word' id='word_1_220' title='bbox 669 2588 743 2670; x_wconf 91' lang='lat' dir='ltr'>Dei,</span> <span class='ocrx_word' id='word_1_221' title='bbox 767 2589 962 2668; x_wconf 88' lang='lat' dir='ltr'>adtendatis,</span> <span class='ocrx_word' id='word_1_222' title='bbox 986 2591 1042 2676; x_wconf 91' lang='lat' dir='ltr'>qui</span> <span class='ocrx_word' id='word_1_223' title='bbox 1059 2591 1157 2655; x_wconf 84' lang='lat' dir='ltr'>dixit:</span> <span class='ocrx_word' id='word_1_224' title='bbox 1186 2580 1296 2665; x_wconf 69' lang='lat' dir='ltr'>‹Quim</span> <span class='ocrx_word' id='word_1_225' title='bbox 1320 2611 1378 2654; x_wconf 86' lang='lat' dir='ltr'>vos</span> <span class='ocrx_word' id='word_1_226' title='bbox 1402 2590 1500 2670; x_wconf 90' lang='lat' dir='ltr'>audit,</span> <span class='ocrx_word' id='word_1_227' title='bbox 1525 2613 1577 2655; x_wconf 92' lang='lat' dir='ltr'>me</span> <span class='ocrx_word' id='word_1_228' title='bbox 1601 2592 1701 2673; x_wconf 90' lang='lat' dir='ltr'>audit,</span> <span class='ocrx_word' id='word_1_229' title='bbox 1726 2594 1837 2678; x_wconf 91' lang='lat' dir='ltr'>etqui</span> <span class='ocrx_word' id='word_1_230' title='bbox 1861 2614 1919 2657; x_wconf 87' lang='lat' dir='ltr'>vos</span> <span class='ocrx_word' id='word_1_231' title='bbox 1944 2593 2077 2679; x_wconf 89' lang='lat' dir='ltr'>spernit,</span> <span class='ocrx_word' id='word_1_232' title='bbox 2096 2613 2123 2652; x_wconf 86' lang='grc' dir='ltr'>2ο</span> 
     </span>
     <span class='ocr_line' id='line_1_22' title="bbox 454 2686 2078 2782; baseline 0.001 -24"><span class='ocrx_word' id='word_1_233' title='bbox 454 2715 505 2758; x_wconf 88' lang='lat' dir='ltr'>me</span> <span class='ocrx_word' id='word_1_234' title='bbox 530 2695 664 2779; x_wconf 88' lang='lat' dir='ltr'>speruit.</span> <span class='ocrx_word' id='word_1_235' title='bbox 710 2686 818 2759; x_wconf 81' lang='lat' dir='ltr'>Non²8</span> <span class='ocrx_word' id='word_1_236' title='bbox 836 2695 923 2761; x_wconf 91' lang='lat' dir='ltr'>enim</span> <span class='ocrx_word' id='word_1_237' title='bbox 942 2716 998 2760; x_wconf 84' lang='lat' dir='ltr'>vos</span> <span class='ocrx_word' id='word_1_238' title='bbox 1021 2697 1111 2777; x_wconf 88' lang='lat' dir='ltr'>estis,</span> <span class='ocrx_word' id='word_1_239' title='bbox 1135 2697 1189 2782; x_wconf 92' lang='lat' dir='ltr'>qui</span> <span class='ocrx_word' id='word_1_240' title='bbox 1211 2695 1392 2780; x_wconf 88' lang='lat' dir='ltr'>loquimini,</span> <span class='ocrx_word' id='word_1_241' title='bbox 1417 2695 1474 2760; x_wconf 88' lang='lat' dir='ltr'>sed</span> <span class='ocrx_word' id='word_1_242' title='bbox 1496 2695 1627 2781; x_wconf 88' lang='lat' dir='ltr'>spiritus</span> <span class='ocrx_word' id='word_1_243' title='bbox 1645 2694 1752 2761; x_wconf 88' lang='lat' dir='ltr'>Patris</span> <span class='ocrx_word' id='word_1_244' title='bbox 1770 2697 1881 2774; x_wconf 83' lang='lat' dir='ltr'>vestri,</span> <span class='ocrx_word' id='word_1_245' title='bbox 1905 2698 1959 2781; x_wconf 92' lang='lat' dir='ltr'>qui</span> <span class='ocrx_word' id='word_1_246' title='bbox 1975 2696 2078 2781; x_wconf 92' lang='lat' dir='ltr'>loqui-</span> 
     </span>
     <span class='ocr_line' id='line_1_23' title="bbox 454 2795 701 2863; baseline 0.012 -3"><span class='ocrx_word' id='word_1_247' title='bbox 454 2804 508 2861; x_wconf 94' lang='lat' dir='ltr'>tur</span> <span class='ocrx_word' id='word_1_248' title='bbox 531 2797 563 2862; x_wconf 90' lang='lat' dir='ltr'>in</span> <span class='ocrx_word' id='word_1_249' title='bbox 587 2795 701 2863; x_wconf 80' lang='lat' dir='ltr'>vobis’.</span> 
     </span>
    </p>
   </div>
   <div class='ocr_carea' id='block_1_3' title="bbox 556 2985 1024 3053">
    <p class='ocr_par' dir='ltr' id='par_1_4' title="bbox 556 2985 1024 3053">
     <span class='ocr_line' id='line_1_24' title="bbox 556 2985 1024 3053; baseline 0.011 -17"><span class='ocrx_word' id='word_1_250' title='bbox 556 2985 585 3050; x_wconf 81' lang='lat' dir='ltr'>k)</span> <span class='ocrx_word' id='word_1_251' title='bbox 603 2987 765 3053; x_wconf 76' lang='lat' dir='ltr'>corrigantur</span> <span class='ocrx_word' id='word_1_252' title='bbox 782 2985 806 3038; x_wconf 74' lang='grc'>2.</span> <span class='ocrx_word' id='word_1_253' title='bbox 894 2987 913 3052; x_wconf 89' lang='lat' dir='ltr'>l)</span> <span class='ocrx_word' id='word_1_254' title='bbox 931 3007 981 3040; x_wconf 83' lang='lat' dir='ltr'>our.</span> <span class='ocrx_word' id='word_1_255' title='bbox 998 2988 1024 3042; x_wconf 82' lang='lat'>2.</span> 
     </span>
    </p>
   </div>
   <div class='ocr_carea' id='block_1_4' title="bbox 556 3155 1895 3231">
    <p class='ocr_par' dir='ltr' id='par_1_5' title="bbox 556 3155 1895 3231">
     <span class='ocr_line' id='line_1_25' title="bbox 556 3155 1895 3231; baseline 0.008 -24"><span class='ocrx_word' id='word_1_256' title='bbox 556 3155 601 3221; x_wconf 78' lang='grc'>25)</span> <span class='ocrx_word' id='word_1_257' title='bbox 620 3155 718 3211; x_wconf 70' lang='lat' dir='ltr'>aaa</span> <span class='ocrx_word' id='word_1_258' title='bbox 737 3157 816 3224; x_wconf 69' lang='grc'>222.</span> <span class='ocrx_word' id='word_1_259' title='bbox 921 3158 966 3226; x_wconf 80' lang='lat' dir='ltr'>rc)</span> <span class='ocrx_word' id='word_1_260' title='bbox 987 3158 1066 3213; x_wconf 71' lang='lat' dir='ltr'>Pro.</span> <span class='ocrx_word' id='word_1_261' title='bbox 1085 3159 1128 3226; x_wconf 79' lang='lat' dir='ltr'>aa,</span> <span class='ocrx_word' id='word_1_262' title='bbox 1142 3161 1166 3214; x_wconf 85' lang='lat'>5.</span> <span class='ocrx_word' id='word_1_263' title='bbox 1271 3159 1315 3224; x_wconf 78' lang='lat' dir='ltr'>a)</span> <span class='ocrx_word' id='word_1_264' title='bbox 1335 3157 1403 3212; x_wconf 69' lang='lat' dir='ltr'>aa.</span> <span class='ocrx_word' id='word_1_265' title='bbox 1423 3159 1464 3227; x_wconf 92' lang='lat'>10,</span> <span class='ocrx_word' id='word_1_266' title='bbox 1476 3161 1515 3214; x_wconf 87' lang='lat' dir='ltr'>rs.</span> <span class='ocrx_word' id='word_1_267' title='bbox 1621 3163 1665 3231; x_wconf 80' lang='lat' dir='ltr'>es)</span> <span class='ocrx_word' id='word_1_268' title='bbox 1685 3162 1780 3216; x_wconf 79' lang='lat' dir='ltr'>Mam.</span> <span class='ocrx_word' id='word_1_269' title='bbox 1802 3165 1841 3230; x_wconf 91' lang='lat'>10,</span> <span class='ocrx_word' id='word_1_270' title='bbox 1853 3165 1895 3218; x_wconf 86' lang='grc' dir='ltr'>2ο.</span> 
     </span>
    </p>
   </div>
   <div class='ocr_carea' id='block_1_5' title="bbox 1068 3424 1479 3433">
    <p class='ocr_par' dir='ltr' id='par_1_6' title="bbox 1068 3424 1479 3433">
     <span class='ocr_line' id='line_1_26' title="bbox 1068 3424 1479 3433; baseline 0.005 -3"><span class='ocrx_word' id='word_1_271' title='bbox 1068 3424 1479 3433; x_wconf 40' lang='grc' dir='ltr'>..ξ-,ψ</span> 
     </span>
    </p>
   </div>
   <div class='ocr_carea' id='block_1_6' title="bbox 765 3701 2124 3968">
    <p class='ocr_par' dir='ltr' id='par_1_7' title="bbox 765 3701 2124 3968">
     <span class='ocr_line' id='line_1_27' title="bbox 765 3701 2124 3815; baseline -0.007 -5"><span class='ocrx_word' id='word_1_272' title='bbox 765 3705 863 3810; x_wconf 79' lang='grc'>228.</span> <span class='ocrx_word' id='word_1_273' title='bbox 912 3701 1276 3814; x_wconf 81' lang='lat' dir='ltr'>SYNODUS</span> <span class='ocrx_word' id='word_1_274' title='bbox 1317 3704 1767 3815; x_wconf 77' lang='lat' dir='ltr'><strong>PAPIENSIS.</strong></span> <span class='ocrx_word' id='word_1_275' title='bbox 2099 3763 2124 3802; x_wconf 67' lang='lat' dir='ltr'>a</span> 
     </span>
     <span class='ocr_line' id='line_1_28' title="bbox 1222 3884 1873 3968; baseline 0.005 -3"><span class='ocrx_word' id='word_1_276' title='bbox 1222 3884 1320 3968; x_wconf 76' lang='lat'><strong>850.</strong></span> <span class='ocrx_word' id='word_1_277' title='bbox 1870 3897 1873 3903; x_wconf 86' lang='lat'>&#39;</span> 
     </span>
    </p>
   </div>
   <div class='ocr_carea' id='block_1_7' title="bbox 453 4056 2126 5816">
    <p class='ocr_par' dir='ltr' id='par_1_8' title="bbox 453 4056 2125 4566">
     <span class='ocr_line' id='line_1_29' title="bbox 563 4056 2080 4160; baseline 0.005 -23"><span class='ocrx_word' id='word_1_278' title='bbox 563 4056 724 4153; x_wconf 72' lang='lat' dir='ltr'>Capitale</span> <span class='ocrx_word' id='word_1_279' title='bbox 755 4073 862 4154; x_wconf 77' lang='lat' dir='ltr'>priato</span> <span class='ocrx_word' id='word_1_280' title='bbox 902 4075 988 4140; x_wconf 89' lang='lat' dir='ltr'>edita</span> <span class='ocrx_word' id='word_1_281' title='bbox 1019 4081 1095 4140; x_wconf 86' lang='lat' dir='ltr'>saut</span> <span class='ocrx_word' id='word_1_282' title='bbox 1129 4098 1151 4140; x_wconf 89' lang='lat' dir='ltr'>a</span> <span class='ocrx_word' id='word_1_283' title='bbox 1182 4077 1311 4143; x_wconf 81' lang='lat' dir='ltr'>Oaaisio</span> <span class='ocrx_word' id='word_1_284' title='bbox 1345 4079 1380 4142; x_wconf 90' lang='lat' dir='ltr'>ia</span> <span class='ocrx_word' id='word_1_285' title='bbox 1413 4078 1616 4143; x_wconf 81' lang='lat' dir='ltr'>Lectionibus</span> <span class='ocrx_word' id='word_1_286' title='bbox 1649 4078 1793 4158; x_wconf 81' lang='lat' dir='ltr'>aatiqais</span> <span class='ocrx_word' id='word_1_287' title='bbox 1821 4077 1856 4153; x_wconf 88' lang='lat' dir='ltr'>V,</span> <span class='ocrx_word' id='word_1_288' title='bbox 1886 4082 1920 4157; x_wconf 84' lang='lat'>2,</span> <span class='ocrx_word' id='word_1_289' title='bbox 1949 4101 1985 4160; x_wconf 81' lang='lat' dir='ltr'>p.</span> <span class='ocrx_word' id='word_1_290' title='bbox 2009 4084 2080 4145; x_wconf 84' lang='grc'>674.</span> 
     </span>
     <span class='ocr_line' id='line_1_30' title="bbox 453 4177 2080 4266; baseline 0.005 -28"><span class='ocrx_word' id='word_1_291' title='bbox 453 4177 626 4240; x_wconf 76' lang='lat' dir='ltr'>smaudam</span> <span class='ocrx_word' id='word_1_292' title='bbox 649 4177 782 4240; x_wconf 82' lang='lat' dir='ltr'>codicem</span> <span class='ocrx_word' id='word_1_293' title='bbox 804 4179 962 4258; x_wconf 83' lang='lat' dir='ltr'>quendam</span> <span class='ocrx_word' id='word_1_294' title='bbox 981 4179 1223 4262; x_wconf 77' lang='lat' dir='ltr'>Saupallcasem.</span> <span class='ocrx_word' id='word_1_295' title='bbox 1258 4183 1424 4263; x_wconf 79' lang='lat' dir='ltr'>Lepautar</span> <span class='ocrx_word' id='word_1_296' title='bbox 1440 4186 1608 4262; x_wconf 81' lang='lat' dir='ltr'>praeterea</span> <span class='ocrx_word' id='word_1_297' title='bbox 1627 4181 1664 4244; x_wconf 89' lang='lat' dir='ltr'>ia</span> <span class='ocrx_word' id='word_1_298' title='bbox 1678 4181 1853 4245; x_wconf 79' lang='lat' dir='ltr'>codicibus:</span> <span class='ocrx_word' id='word_1_299' title='bbox 1879 4182 1910 4266; x_wconf 90' lang='grc'>1)</span> <span class='ocrx_word' id='word_1_300' title='bbox 1929 4181 2022 4264; x_wconf 75' lang='lat' dir='ltr'>Goth.</span> <span class='ocrx_word' id='word_1_301' title='bbox 2040 4186 2080 4247; x_wconf 82' lang='lat'>84</span> 
     </span>
     <span class='ocr_line' id='line_1_31' title="bbox 453 4269 2081 4368; baseline 0.005 -26"><span class='ocrx_word' id='word_1_302' title='bbox 453 4278 507 4360; x_wconf 81' lang='lat' dir='ltr'>fa.</span> <span class='ocrx_word' id='word_1_303' title='bbox 528 4281 621 4343; x_wconf 69' lang='lat' dir='ltr'>rosv.</span> <span class='ocrx_word' id='word_1_304' title='bbox 669 4280 701 4365; x_wconf 93' lang='grc'>2)</span> <span class='ocrx_word' id='word_1_305' title='bbox 725 4281 790 4345; x_wconf 76' lang='lat' dir='ltr'>aa</span> <span class='ocrx_word' id='word_1_306' title='bbox 810 4280 1002 4363; x_wconf 68' lang='lat' dir='ltr'>sarrana.</span> <span class='ocrx_word' id='word_1_307' title='bbox 1026 4283 1109 4347; x_wconf 68' lang='lat' dir='ltr'>aare·</span> <span class='ocrx_word' id='word_1_308' title='bbox 1123 4282 1358 4366; x_wconf 59' lang='lat' dir='ltr'>samaram.</span> <span class='ocrx_word' id='word_1_309' title='bbox 1379 4287 1438 4349; x_wconf 84' lang='lat' dir='ltr'>rso</span> <span class='ocrx_word' id='word_1_310' title='bbox 1460 4283 1513 4366; x_wconf 79' lang='lat' dir='ltr'>fa.</span> <span class='ocrx_word' id='word_1_311' title='bbox 1535 4285 1602 4348; x_wconf 87' lang='lat' dir='ltr'>ros.</span> <span class='ocrx_word' id='word_1_312' title='bbox 1631 4289 1660 4346; x_wconf 77' lang='lat' dir='ltr'>a</span> <span class='ocrx_word' id='word_1_313' title='bbox 1688 4284 1720 4368; x_wconf 86' lang='lat'>3)</span> <span class='ocrx_word' id='word_1_314' title='bbox 1744 4285 1779 4347; x_wconf 80' lang='lat' dir='ltr'>a</span> <span class='ocrx_word' id='word_1_315' title='bbox 1801 4284 1889 4364; x_wconf 70' lang='lat' dir='ltr'>roas</span> <span class='ocrx_word' id='word_1_316' title='bbox 1917 4269 2081 4350; x_wconf 70' lang='lat' dir='ltr'>canaria</span> 
     </span>
     <span class='ocr_line' id='line_1_32' title="bbox 453 4382 2125 4469; baseline 0.003 -23"><span class='ocrx_word' id='word_1_317' title='bbox 453 4403 556 4466; x_wconf 79' lang='lat' dir='ltr'>reaper</span> <span class='ocrx_word' id='word_1_318' title='bbox 578 4383 613 4446; x_wconf 86' lang='lat' dir='ltr'>ia</span> <span class='ocrx_word' id='word_1_319' title='bbox 636 4382 816 4448; x_wconf 85' lang='lat' dir='ltr'>bibliotheca</span> <span class='ocrx_word' id='word_1_320' title='bbox 838 4387 925 4467; x_wconf 77' lang='lat' dir='ltr'>reyia</span> <span class='ocrx_word' id='word_1_321' title='bbox 944 4385 1132 4450; x_wconf 86' lang='lat' dir='ltr'>Mouaocasi</span> <span class='ocrx_word' id='word_1_322' title='bbox 1153 4388 1286 4468; x_wconf 74' lang='lat' dir='ltr'>repertis</span> <span class='ocrx_word' id='word_1_323' title='bbox 1307 4393 1338 4450; x_wconf 89' lang='lat' dir='ltr'>et</span> <span class='ocrx_word' id='word_1_324' title='bbox 1356 4386 1437 4452; x_wconf 86' lang='lat' dir='ltr'>Clru.</span> <span class='ocrx_word' id='word_1_325' title='bbox 1455 4389 1548 4464; x_wconf 83' lang='lat'>4683,</span> <span class='ocrx_word' id='word_1_326' title='bbox 1572 4388 1634 4452; x_wconf 90' lang='lat' dir='ltr'>ias.</span> <span class='ocrx_word' id='word_1_327' title='bbox 1650 4408 1719 4452; x_wconf 87' lang='lat' dir='ltr'>cau.</span> <span class='ocrx_word' id='word_1_328' title='bbox 1744 4389 1887 4469; x_wconf 79' lang='lat' dir='ltr'>siprmtis,</span> <span class='ocrx_word' id='word_1_329' title='bbox 1910 4389 1945 4452; x_wconf 89' lang='lat' dir='ltr'>ia</span> <span class='ocrx_word' id='word_1_330' title='bbox 1967 4390 2081 4469; x_wconf 83' lang='lat' dir='ltr'>quibas</span> <span class='ocrx_word' id='word_1_331' title='bbox 2100 4412 2125 4451; x_wconf 84' lang='lat' dir='ltr'>so</span> 
     </span>
     <span class='ocr_line' id='line_1_33' title="bbox 455 4482 1273 4566; baseline 0.007 -17"><span class='ocrx_word' id='word_1_332' title='bbox 455 4487 562 4566; x_wconf 86' lang='lat' dir='ltr'>capita</span> <span class='ocrx_word' id='word_1_333' title='bbox 584 4489 698 4565; x_wconf 79' lang='lat'>1-12,</span> <span class='ocrx_word' id='word_1_334' title='bbox 720 4489 775 4551; x_wconf 89' lang='lat' dir='ltr'>sed</span> <span class='ocrx_word' id='word_1_335' title='bbox 796 4487 885 4552; x_wconf 82' lang='lat' dir='ltr'>ualde</span> <span class='ocrx_word' id='word_1_336' title='bbox 905 4482 1058 4554; x_wconf 74' lang='lat' dir='ltr'>mutitata</span> <span class='ocrx_word' id='word_1_337' title='bbox 1079 4490 1273 4556; x_wconf 80' lang='lat' dir='ltr'>exhibeatur.</span> 
     </span>
    </p>

    <p class='ocr_par' dir='ltr' id='par_1_9' title="bbox 453 4590 2124 5378">
     <span class='ocr_line' id='line_1_34' title="bbox 562 4590 2080 4679; baseline 0.005 -25"><span class='ocrx_word' id='word_1_338' title='bbox 562 4591 604 4654; x_wconf 90' lang='lat' dir='ltr'>Iu</span> <span class='ocrx_word' id='word_1_339' title='bbox 627 4591 691 4655; x_wconf 89' lang='lat' dir='ltr'>cod.</span> <span class='ocrx_word' id='word_1_340' title='bbox 713 4597 739 4657; x_wconf 84' lang='lat'>1.</span> <span class='ocrx_word' id='word_1_341' title='bbox 762 4590 906 4672; x_wconf 83' lang='lat' dir='ltr'>capitata</span> <span class='ocrx_word' id='word_1_342' title='bbox 927 4594 1148 4659; x_wconf 68' lang='lat' dir='ltr'>trucidaretur</span> <span class='ocrx_word' id='word_1_343' title='bbox 1168 4595 1286 4658; x_wconf 70' lang='lat' dir='ltr'>valam:</span> <span class='ocrx_word' id='word_1_344' title='bbox 1319 4594 1526 4679; x_wconf 88' lang='lat' dir='ltr'>Rescriptum</span> <span class='ocrx_word' id='word_1_345' title='bbox 1549 4595 1793 4659; x_wconf 88' lang='lat' dir='ltr'>consultationis</span> <span class='ocrx_word' id='word_1_346' title='bbox 1815 4597 1883 4660; x_wconf 89' lang='lat' dir='ltr'>sive</span> <span class='ocrx_word' id='word_1_347' title='bbox 1903 4599 2080 4661; x_wconf 85' lang='lat' dir='ltr'>exortatio·</span> 
     </span>
     <span class='ocr_line' id='line_1_35' title="bbox 454 4695 2081 4787; baseline 0.005 -30"><span class='ocrx_word' id='word_1_348' title='bbox 454 4695 503 4758; x_wconf 80' lang='lat' dir='ltr'>nis</span> <span class='ocrx_word' id='word_1_349' title='bbox 533 4695 761 4781; x_wconf 88' lang='lat' dir='ltr'>episcoporum</span> <span class='ocrx_word' id='word_1_350' title='bbox 789 4696 830 4760; x_wconf 87' lang='lat' dir='ltr'>ad</span> <span class='ocrx_word' id='word_1_351' title='bbox 859 4696 1011 4762; x_wconf 91' lang='lat' dir='ltr'>domnum</span> <span class='ocrx_word' id='word_1_352' title='bbox 1035 4699 1264 4765; x_wconf 89' lang='lat' dir='ltr'>Hludowicum</span> <span class='ocrx_word' id='word_1_353' title='bbox 1293 4701 1540 4786; x_wconf 89' lang='lat' dir='ltr'>imperatorem,</span> <span class='ocrx_word' id='word_1_354' title='bbox 1572 4699 1658 4784; x_wconf 93' lang='lat' dir='ltr'>quod</span> <span class='ocrx_word' id='word_1_355' title='bbox 1688 4701 1721 4762; x_wconf 91' lang='lat' dir='ltr'>in</span> <span class='ocrx_word' id='word_1_356' title='bbox 1744 4698 1848 4787; x_wconf 89' lang='lat' dir='ltr'>Papia</span> <span class='ocrx_word' id='word_1_357' title='bbox 1874 4701 1935 4765; x_wconf 85' lang='lat' dir='ltr'>fuit</span> <span class='ocrx_word' id='word_1_358' title='bbox 1962 4708 2081 4780; x_wconf 88' lang='lat' dir='ltr'>actum,</span> 
     </span>
     <span class='ocr_line' id='line_1_36' title="bbox 454 4799 2081 4889; baseline 0.006 -29"><span class='ocrx_word' id='word_1_359' title='bbox 454 4817 587 4877; x_wconf 82' lang='lat' dir='ltr'>quorum</span> <span class='ocrx_word' id='word_1_360' title='bbox 610 4799 646 4862; x_wconf 90' lang='lat' dir='ltr'>ia</span> <span class='ocrx_word' id='word_1_361' title='bbox 668 4800 734 4863; x_wconf 90' lang='lat' dir='ltr'>cod.</span> <span class='ocrx_word' id='word_1_362' title='bbox 759 4805 788 4867; x_wconf 81' lang='lat'>3.</span> <span class='ocrx_word' id='word_1_363' title='bbox 812 4806 937 4866; x_wconf 76' lang='lat' dir='ltr'>teritum</span> <span class='ocrx_word' id='word_1_364' title='bbox 959 4807 1100 4868; x_wconf 83' lang='lat' dir='ltr'>eastaut:</span> <span class='ocrx_word' id='word_1_365' title='bbox 1126 4806 1354 4889; x_wconf 88' lang='lat' dir='ltr'>imperatorem</span> <span class='ocrx_word' id='word_1_366' title='bbox 1382 4803 1468 4888; x_wconf 93' lang='lat' dir='ltr'>quod</span> <span class='ocrx_word' id='word_1_367' title='bbox 1491 4803 1524 4867; x_wconf 90' lang='lat' dir='ltr'>in</span> <span class='ocrx_word' id='word_1_368' title='bbox 1548 4802 1652 4888; x_wconf 90' lang='lat' dir='ltr'>Papia</span> <span class='ocrx_word' id='word_1_369' title='bbox 1674 4802 1735 4866; x_wconf 86' lang='lat' dir='ltr'>luit</span> <span class='ocrx_word' id='word_1_370' title='bbox 1758 4810 1874 4868; x_wconf 86' lang='lat' dir='ltr'>actum.</span> <span class='ocrx_word' id='word_1_371' title='bbox 1918 4805 2005 4885; x_wconf 75' lang='lat' dir='ltr'>erue</span> <span class='ocrx_word' id='word_1_372' title='bbox 2032 4806 2081 4869; x_wconf 90' lang='lat' dir='ltr'>iu-</span> 
     </span>
     <span class='ocr_line' id='line_1_37' title="bbox 454 4902 2124 4989; baseline 0.004 -27"><span class='ocrx_word' id='word_1_373' title='bbox 454 4902 584 4980; x_wconf 84' lang='lat' dir='ltr'>scrr&#39;ptio</span> <span class='ocrx_word' id='word_1_374' title='bbox 607 4923 679 4966; x_wconf 89' lang='lat' dir='ltr'>cam</span> <span class='ocrx_word' id='word_1_375' title='bbox 701 4902 852 4983; x_wconf 83' lang='lat' dir='ltr'>capitulis</span> <span class='ocrx_word' id='word_1_376' title='bbox 873 4907 1073 4985; x_wconf 77' lang='lat' dir='ltr'>sequentibus</span> <span class='ocrx_word' id='word_1_377' title='bbox 1094 4908 1223 4972; x_wconf 80' lang='lat' dir='ltr'>minime</span> <span class='ocrx_word' id='word_1_378' title='bbox 1244 4927 1418 4989; x_wconf 77' lang='lat' dir='ltr'>cmrpraeus</span> <span class='ocrx_word' id='word_1_379' title='bbox 1439 4905 1572 4986; x_wconf 83' lang='lat' dir='ltr'>repetita</span> <span class='ocrx_word' id='word_1_380' title='bbox 1600 4909 1644 4966; x_wconf 82' lang='lat' dir='ltr'>est</span> <span class='ocrx_word' id='word_1_381' title='bbox 1669 4927 1686 4969; x_wconf 87' lang='lat' dir='ltr'>e</span> <span class='ocrx_word' id='word_1_382' title='bbox 1707 4907 1858 4986; x_wconf 79' lang='lat' dir='ltr'>rescripto</span> <span class='ocrx_word' id='word_1_383' title='bbox 1880 4909 2015 4988; x_wconf 85' lang='lat' dir='ltr'>quodam</span> <span class='ocrx_word' id='word_1_384' title='bbox 2038 4909 2083 4972; x_wconf 91' lang='lat' dir='ltr'>ad</span> <span class='ocrx_word' id='word_1_385' title='bbox 2099 4929 2124 4968; x_wconf 83' lang='lat' dir='ltr'>a</span> 
     </span>
     <span class='ocr_line' id='line_1_38' title="bbox 454 5002 2101 5103; baseline 0.006 -37"><span class='ocrx_word' id='word_1_386' title='bbox 454 5002 682 5069; x_wconf 81' lang='lat' dir='ltr'>Hludowicum</span> <span class='ocrx_word' id='word_1_387' title='bbox 705 5005 804 5070; x_wconf 86' lang='lat' dir='ltr'>Pium</span> <span class='ocrx_word' id='word_1_388' title='bbox 825 5007 865 5070; x_wconf 84' lang='lat' dir='ltr'>ab</span> <span class='ocrx_word' id='word_1_389' title='bbox 888 5009 1041 5089; x_wconf 84' lang='lat' dir='ltr'>episcopis</span> <span class='ocrx_word' id='word_1_390' title='bbox 1063 5031 1148 5074; x_wconf 89' lang='lat' dir='ltr'>aaao</span> <span class='ocrx_word' id='word_1_391' title='bbox 1169 5012 1241 5075; x_wconf 81' lang='lat'><strong>829.</strong></span> <span class='ocrx_word' id='word_1_392' title='bbox 1265 5011 1339 5074; x_wconf 84' lang='lat' dir='ltr'>dato</span> <span class='ocrx_word' id='word_1_393' title='bbox 1362 5016 1391 5073; x_wconf 87' lang='lat' dir='ltr'>et</span> <span class='ocrx_word' id='word_1_394' title='bbox 1412 5029 1513 5089; x_wconf 83' lang='lat' dir='ltr'>supra</span> <span class='ocrx_word' id='word_1_395' title='bbox 1534 5029 1583 5074; x_wconf 86' lang='lat' dir='ltr'>ur.</span> <span class='ocrx_word' id='word_1_396' title='bbox 1606 5012 1674 5073; x_wconf 88' lang='grc'>196.</span> <span class='ocrx_word' id='word_1_397' title='bbox 1698 5009 1791 5086; x_wconf 89' lang='lat' dir='ltr'>edito,</span> <span class='ocrx_word' id='word_1_398' title='bbox 1814 5010 1935 5074; x_wconf 85' lang='lat' dir='ltr'>additis</span> <span class='ocrx_word' id='word_1_399' title='bbox 1957 5017 2101 5103; x_wconf 81' lang='lat' dir='ltr'>tautam</span> 
     </span>
     <span class='ocr_line' id='line_1_39' title="bbox 453 5107 2083 5201; baseline 0.006 -31"><span class='ocrx_word' id='word_1_400' title='bbox 453 5107 554 5171; x_wconf 85' lang='lat' dir='ltr'>verbis</span> <span class='ocrx_word' id='word_1_401' title='bbox 577 5109 669 5188; x_wconf 83' lang='lat' dir='ltr'>‘qaod</span> <span class='ocrx_word' id='word_1_402' title='bbox 690 5110 727 5172; x_wconf 86' lang='lat' dir='ltr'>ia</span> <span class='ocrx_word' id='word_1_403' title='bbox 742 5108 848 5190; x_wconf 86' lang='lat' dir='ltr'>Papia</span> <span class='ocrx_word' id='word_1_404' title='bbox 870 5111 935 5193; x_wconf 72' lang='lat' dir='ltr'>fait</span> <span class='ocrx_word' id='word_1_405' title='bbox 957 5114 1081 5176; x_wconf 90' lang='lat' dir='ltr'>actam’.</span> <span class='ocrx_word' id='word_1_406' title='bbox 1122 5114 1165 5177; x_wconf 88' lang='lat' dir='ltr'>Ia</span> <span class='ocrx_word' id='word_1_407' title='bbox 1187 5113 1251 5178; x_wconf 91' lang='lat' dir='ltr'>cod.</span> <span class='ocrx_word' id='word_1_408' title='bbox 1271 5115 1300 5176; x_wconf 83' lang='lat'>2.</span> <span class='ocrx_word' id='word_1_409' title='bbox 1324 5113 1543 5177; x_wconf 82' lang='lat' dir='ltr'>iascrrbaatar</span> <span class='ocrx_word' id='word_1_410' title='bbox 1566 5111 1726 5196; x_wconf 85' lang='lat' dir='ltr'>capitula:</span> <span class='ocrx_word' id='word_1_411' title='bbox 1759 5111 1842 5177; x_wconf 91' lang='lat' dir='ltr'>Item</span> <span class='ocrx_word' id='word_1_412' title='bbox 1859 5114 1924 5178; x_wconf 89' lang='lat' dir='ltr'>alia</span> <span class='ocrx_word' id='word_1_413' title='bbox 1941 5115 2083 5201; x_wconf 87' lang='lat' dir='ltr'>capitula</span> 
     </span>
     <span class='ocr_line' id='line_1_40' title="bbox 455 5209 2084 5298; baseline 0.005 -24"><span class='ocrx_word' id='word_1_414' title='bbox 455 5209 564 5275; x_wconf 92' lang='lat' dir='ltr'>domni</span> <span class='ocrx_word' id='word_1_415' title='bbox 594 5210 760 5275; x_wconf 89' lang='lat' dir='ltr'>Hlotharii</span> <span class='ocrx_word' id='word_1_416' title='bbox 790 5210 830 5276; x_wconf 87' lang='lat' dir='ltr'>de</span> <span class='ocrx_word' id='word_1_417' title='bbox 862 5212 1030 5278; x_wconf 92' lang='lat' dir='ltr'>ordinibus</span> <span class='ocrx_word' id='word_1_418' title='bbox 1062 5217 1308 5296; x_wconf 88' lang='lat' dir='ltr'>ecclesiasticis,</span> <span class='ocrx_word' id='word_1_419' title='bbox 1339 5237 1420 5298; x_wconf 85' lang='lat' dir='ltr'>qaae</span> <span class='ocrx_word' id='word_1_420' title='bbox 1448 5217 1522 5279; x_wconf 89' lang='lat' dir='ltr'>item</span> <span class='ocrx_word' id='word_1_421' title='bbox 1550 5237 1571 5278; x_wconf 86' lang='lat' dir='ltr'>a</span> <span class='ocrx_word' id='word_1_422' title='bbox 1598 5215 1715 5280; x_wconf 90' lang='lat' dir='ltr'>codicis</span> <span class='ocrx_word' id='word_1_423' title='bbox 1741 5217 1892 5297; x_wconf 72' lang='lat' dir='ltr'>scriptore</span> <span class='ocrx_word' id='word_1_424' title='bbox 1912 5239 1974 5298; x_wconf 77' lang='lat' dir='ltr'>pro</span> <span class='ocrx_word' id='word_1_425' title='bbox 1999 5239 2084 5282; x_wconf 89' lang='lat' dir='ltr'>more</span> 
     </span>
     <span class='ocr_line' id='line_1_41' title="bbox 454 5314 1663 5378; baseline 0.007 -2"><span class='ocrx_word' id='word_1_426' title='bbox 454 5333 511 5376; x_wconf 75' lang='lat' dir='ltr'>saro</span> <span class='ocrx_word' id='word_1_427' title='bbox 533 5314 661 5378; x_wconf 84' lang='lat' dir='ltr'>iaversta</span> <span class='ocrx_word' id='word_1_428' title='bbox 683 5320 769 5378; x_wconf 86' lang='lat' dir='ltr'>saut.</span> <span class='ocrx_word' id='word_1_429' title='bbox 1661 5327 1663 5332; x_wconf 78' lang='grc'><strong>“</strong></span> 
     </span>
    </p>

    <p class='ocr_par' dir='ltr' id='par_1_10' title="bbox 454 5417 2126 5816">
     <span class='ocr_line' id='line_1_42' title="bbox 563 5417 2126 5504; baseline -0.001 -22"><span class='ocrx_word' id='word_1_430' title='bbox 563 5417 710 5500; x_wconf 61' lang='grc'>8222021222</span> <span class='ocrx_word' id='word_1_431' title='bbox 736 5418 812 5483; x_wconf 76' lang='lat' dir='ltr'>trac</span> <span class='ocrx_word' id='word_1_432' title='bbox 835 5418 1006 5500; x_wconf 78' lang='lat' dir='ltr'>Papieusis</span> <span class='ocrx_word' id='word_1_433' title='bbox 1034 5423 1207 5486; x_wconf 84' lang='lat' dir='ltr'>secuudum</span> <span class='ocrx_word' id='word_1_434' title='bbox 1234 5423 1471 5502; x_wconf 75' lang='lat' dir='ltr'>inscriptionem</span> <span class='ocrx_word' id='word_1_435' title='bbox 1499 5427 1630 5486; x_wconf 83' lang='lat' dir='ltr'>eaerrate</span> <span class='ocrx_word' id='word_1_436' title='bbox 1659 5443 1745 5486; x_wconf 85' lang='lat' dir='ltr'>auae</span> <span class='ocrx_word' id='word_1_437' title='bbox 1767 5424 1840 5489; x_wconf 86' lang='lat'>850.</span> <span class='ocrx_word' id='word_1_438' title='bbox 1869 5423 1908 5486; x_wconf 84' lang='lat' dir='ltr'>ab</span> <span class='ocrx_word' id='word_1_439' title='bbox 1931 5424 2083 5504; x_wconf 81' lang='lat' dir='ltr'>episcopis</span> <span class='ocrx_word' id='word_1_440' title='bbox 2100 5443 2126 5481; x_wconf 75' lang='lat' dir='ltr'>so</span> 
     </span>
     <span class='ocr_line' id='line_1_43' title="bbox 455 5520 2081 5608; baseline 0.004 -25"><span class='ocrx_word' id='word_1_441' title='bbox 455 5520 573 5584; x_wconf 88' lang='lat' dir='ltr'>ltaliae</span> <span class='ocrx_word' id='word_1_442' title='bbox 594 5521 703 5585; x_wconf 85' lang='lat' dir='ltr'>hahita</span> <span class='ocrx_word' id='word_1_443' title='bbox 726 5527 771 5585; x_wconf 85' lang='lat' dir='ltr'>est</span> <span class='ocrx_word' id='word_1_444' title='bbox 792 5523 920 5604; x_wconf 75' lang='lat' dir='ltr'>citusque</span> <span class='ocrx_word' id='word_1_445' title='bbox 942 5524 1084 5605; x_wconf 81' lang='lat' dir='ltr'>capitata</span> <span class='ocrx_word' id='word_1_446' title='bbox 1105 5527 1150 5589; x_wconf 75' lang='lat' dir='ltr'>art</span> <span class='ocrx_word' id='word_1_447' title='bbox 1164 5526 1205 5589; x_wconf 89' lang='lat' dir='ltr'><em>H</em></span> <span class='ocrx_word' id='word_1_448' title='bbox 1205 5525 1392 5589; x_wconf 88' lang='lat' dir='ltr'>ludowicum</span> <span class='ocrx_word' id='word_1_449' title='bbox 1414 5527 1631 5606; x_wconf 85' lang='lat' dir='ltr'>imperatorem</span> <span class='ocrx_word' id='word_1_450' title='bbox 1654 5527 1773 5590; x_wconf 86' lang='lat' dir='ltr'>directa</span> <span class='ocrx_word' id='word_1_451' title='bbox 1793 5534 1878 5605; x_wconf 85' lang='lat' dir='ltr'>suat,</span> <span class='ocrx_word' id='word_1_452' title='bbox 1902 5533 1939 5590; x_wconf 87' lang='lat' dir='ltr'>ut</span> <span class='ocrx_word' id='word_1_453' title='bbox 1958 5529 2081 5608; x_wconf 77' lang='lat' dir='ltr'>capita-</span> 
     </span>
     <span class='ocr_line' id='line_1_44' title="bbox 455 5621 2081 5711; baseline 0.006 -25"><span class='ocrx_word' id='word_1_454' title='bbox 455 5621 520 5687; x_wconf 90' lang='lat' dir='ltr'>tam</span> <span class='ocrx_word' id='word_1_455' title='bbox 534 5644 656 5705; x_wconf 79' lang='lat' dir='ltr'>quoque</span> <span class='ocrx_word' id='word_1_456' title='bbox 669 5625 824 5689; x_wconf 69' lang='lat' dir='ltr'>acimum</span> <span class='ocrx_word' id='word_1_457' title='bbox 838 5631 963 5692; x_wconf 78' lang='lat' dir='ltr'>sectum</span> <span class='ocrx_word' id='word_1_458' title='bbox 977 5628 1073 5694; x_wconf 87' lang='lat' dir='ltr'>docet.</span> <span class='ocrx_word' id='word_1_459' title='bbox 1107 5629 1147 5695; x_wconf 77' lang='lat' dir='ltr'>G.</span> <span class='ocrx_word' id='word_1_460' title='bbox 1162 5628 1204 5695; x_wconf 90' lang='lat' dir='ltr'>H.</span> <span class='ocrx_word' id='word_1_461' title='bbox 1218 5627 1313 5693; x_wconf 80' lang='lat' dir='ltr'>Pertr</span> <span class='ocrx_word' id='word_1_462' title='bbox 1328 5629 1361 5692; x_wconf 89' lang='lat' dir='ltr'>ia</span> <span class='ocrx_word' id='word_1_463' title='bbox 1379 5628 1482 5692; x_wconf 89' lang='lat' dir='ltr'>codice</span> <span class='ocrx_word' id='word_1_464' title='bbox 1496 5628 1642 5693; x_wconf 81' lang='lat' dir='ltr'>Gothauo</span> <span class='ocrx_word' id='word_1_465' title='bbox 1657 5629 1869 5710; x_wconf 66' lang='lat' dir='ltr'>marmorum</span> <span class='ocrx_word' id='word_1_466' title='bbox 1884 5631 2081 5711; x_wconf 71' lang='lat' dir='ltr'>rescriptam,</span> 
     </span>
     <span class='ocr_line' id='line_1_45' title="bbox 454 5726 2082 5816; baseline 0.007 -27"><span class='ocrx_word' id='word_1_467' title='bbox 454 5728 491 5789; x_wconf 87' lang='lat' dir='ltr'>iu</span> <span class='ocrx_word' id='word_1_468' title='bbox 506 5726 803 5809; x_wconf 79' lang='lat' dir='ltr'>Btaalaeaburpeusi</span> <span class='ocrx_word' id='word_1_469' title='bbox 826 5727 904 5811; x_wconf 80' lang='lat' dir='ltr'>tepea</span> <span class='ocrx_word' id='word_1_470' title='bbox 925 5732 965 5796; x_wconf 82' lang='lat' dir='ltr'>ab</span> <span class='ocrx_word' id='word_1_471' title='bbox 987 5733 1176 5816; x_wconf 83' lang='lat' dir='ltr'>imperatore</span> <span class='ocrx_word' id='word_1_472' title='bbox 1190 5731 1412 5814; x_wconf 69' lang='lat' dir='ltr'>promalpatas</span> <span class='ocrx_word' id='word_1_473' title='bbox 1434 5734 1589 5798; x_wconf 89' lang='lat' dir='ltr'>coutiaeri</span> <span class='ocrx_word' id='word_1_474' title='bbox 1606 5737 1741 5814; x_wconf 81' lang='lat' dir='ltr'>putauit,</span> <span class='ocrx_word' id='word_1_475' title='bbox 1764 5734 1853 5798; x_wconf 83' lang='lat' dir='ltr'>haud</span> <span class='ocrx_word' id='word_1_476' title='bbox 1868 5734 1961 5799; x_wconf 86' lang='lat' dir='ltr'>dubie</span> <span class='ocrx_word' id='word_1_477' title='bbox 1975 5741 2082 5800; x_wconf 88' lang='lat' dir='ltr'>autem</span> 
     </span>
    </p>
   </div>
   <div class='ocr_carea' id='block_1_8' title="bbox 0 0 2330 6436">
    <p class='ocr_par' dir='ltr' id='par_1_11' title="bbox 0 0 2330 6436">
     <span class='ocr_line' id='line_1_46' title="bbox 0 0 2330 6436; baseline 0 0"><span class='ocrx_word' id='word_1_478' title='bbox 0 0 2330 6436; x_wconf 95' lang='lat' dir='ltr'> </span> 
     </span>
    </p>
   </div>
  </div>
 </body>
</html>
