4634 6436
457 438 516 500 108
959 435 1205 491 cauriensem
1223 433 1384 490 wluerus
1402 465 1436 472 —
1454 435 1574 490 18224.

376 616 436 670 891.
564 607 643 693 Gap.
668 611 698 674 2.
732 607 937 696 Quicumque
960 611 1059 696 igitur
1082 633 1125 676 ex
1148 611 1256 675 laicali
1279 609 1403 690 ordine,
1427 615 1493 673 tam
1516 608 1612 673 liberi
1636 629 1733 694 quam
1756 609 1852 688 servi,
1876 606 2023 672 homines
2046 609 2077 672 iu

453 713 608 776 comitatu
631 720 875 779 commanentes
899 735 919 779 a
941 713 1071 801 proprio
1096 714 1212 778 comite
1236 713 1289 777 vel
1312 734 1332 776 a
1354 713 1485 802 publica
1508 718 1617 796 parte,
1645 711 1678 774 id
1702 717 1752 774 est
1776 711 1817 774 ab
1841 711 1907 788 bis,
1932 712 1986 797 qui
2010 732 2077 776 rem

452 815 617 900 publicam
641 822 753 899 agunt,
778 819 946 882 ammoniti
968 817 1099 897 luerint,
1123 818 1150 882 si
1175 839 1210 881 se
1235 816 1459 881 subtraxerint
1481 816 1523 879 ab
1546 813 1708 879 adiutorio
1733 815 1784 878 sui
1807 815 1927 900 proprii
1951 815 2077 879 comitis

452 925 485 982 et
509 940 566 984 eos
590 941 653 984 uon
678 920 905 986 adiuvaverint
927 921 1012 986 infra
1034 921 1140 1007 ipsum
1158 919 1346 984 comitatum
1369 925 1481 983 contra
1504 917 1773 1002 supervenientes
1793 918 1824 980 in
1847 935 1906 981 suo
1924 919 2077 983 comitatu

451 1021 645 1107 praedones,
668 1025 798 1088 tertiam
822 1031 950 1109 partem
969 1023 1064 1088 liberi
1087 1045 1130 1088 ex
1152 1023 1221 1088 suis
1242 1021 1416 1086 mobilibus
1437 1026 1642 1106 componant,
1667 1020 1753 1084 servi
1773 1027 1883 1085 autem
1898 1021 1977 1086 ΧΙιο
1993 1022 2075 1088 ictos
2107 1047 2119 1085 ι

451 1147 471 1189 a
483 1127 621 1211 propriis
638 1127 704 1191 suis
717 1126 858 1192 dominis
870 1128 1076 1214 vapulentur,
1093 1128 1120 1191 si
1137 1125 1248 1191 tamen
1261 1125 1430 1211 probatum
1444 1125 1552 1205 luerit,
1568 1125 1654 1210 quod
1667 1125 1697 1188 ei
1712 1123 1937 1189 denuntiatum
1950 1126 2077 1192 fuisset.

562 1227 640 1316 Cap.
666 1233 695 1295 3.
729 1223 865 1317 Nequel
894 1251 1003 1296 comes
1030 1251 1136 1314 neque
1164 1230 1361 1314 locopositus
1392 1231 1463 1293 eius
1492 1249 1599 1314 neque
1629 1226 1811 1293 sculdasius
1837 1227 1878 1291 ab
1901 1229 2077 1294 arimannis

452 1333 518 1396 suis
547 1332 668 1417 aliquid
699 1337 845 1419 pervim
874 1336 1002 1419 exigat,
1034 1340 1264 1419 praeterquam
1292 1333 1422 1418 legibus
1446 1333 1658 1396 constitutum
1689 1338 1757 1410 est,
1790 1329 1865 1395 sedr
1891 1353 1998 1418 neque
2021 1353 2078 1419 per

452 1456 543 1499 suam
575 1436 706 1501 fortiam
739 1439 771 1503 in
803 1439 1006 1504 mansionem
1038 1439 1220 1503 arimanni⁸
1248 1428 1413 1523 applicet⁸
1442 1443 1499 1500 aut
1528 1435 1682 1521 placitum
1712 1442 1824 1499 teneat
1851 1440 1907 1498 aut
1934 1437 2076 1521 aliquam

453 1538 642 1605 violentiam
674 1543 704 1607 ei
737 1543 846 1610 faciat.
901 1543 936 1607 si
966 1563 1044 1608 vero
1080 1543 1120 1607 de
1152 1541 1327 1628 praedictis
1356 1540 1506 1626 personis
1536 1538 1674 1624 publicis
1703 1538 1766 1603 hoo
1797 1539 1921 1602 irritum
1951 1539 2119 1622 feceritis

454 1641 574 1708 honore
597 1645 730 1730 proprio
755 1647 823 1710 sive
846 1647 1028 1711 ministerio
1052 1646 1206 1731 privetur,
1230 1651 1263 1710 et
1287 1643 1465 1709 secundum
1488 1644 1595 1728 legem
1620 1642 1782 1708 emendet.

561 1745 642 1835 (lap.
664 1752 693 1814 4.
734 1749 768 1812 Si
802 1750 900 1835 igitur
928 1771 971 1815 ex
998 1755 1155 1834 precepto
1184 1748 1344 1834 imperiali
1374 1768 1482 1812 comes
1511 1747 1574 1810 loci
1604 1744 1645 1809 ad
1674 1745 1899 1810 defensionem
1927 1745 2074 1832 patriaeh

451 1869 528 1913 suos
558 1852 763 1916 aerimaunos
795 1852 956 1917 hostiliter
984 1872 1160 1938 properare
1189 1853 1351 1916 monuerit
1381 1857 1438 1914 aut
1460 1869 1518 1935 per
1541 1870 1576 1913 se
1609 1854 1666 1913 aut
1695 1869 1754 1933 per
1782 1869 1858 1913 suos
1886 1849 2018 1926 missos,
2046 1850 2073 1913 si

450 1953 568 2037 aliquis
600 1973 710 2019 eorum
739 1957 934 2022 remanserit
964 1955 1112 2040 exceptis
1140 1956 1206 2035 his,
1241 1975 1321 2040 quos
1351 1954 1524 2038 episcopus
1552 1952 1584 2015 in
1614 1973 1674 2016 sua
1696 1952 1833 2037 elegerit
1855 1945 2073 2018 necessitate9

450 2057 522 2120 aut¹
553 2079 662 2122 comes
695 2059 857 2125 dimittere
888 2050 1072 2139 volueritffl,
1105 2059 1169 2122 nisi
1200 2058 1318 2141 aliquis
1350 2058 1463 2134 sunnis
1495 2064 1530 2122 et
1560 2057 1678 2121 ceteris
1707 2056 1954 2141 inpedimentis,
1988 2078 2072 2141 quae
2091 2080 2116 2128 ιι1

449 2159 580 2244 legibus
610 2161 830 2243 continentur,
860 2161 1013 2227 detentus
1040 2162 1155 2241 luerit,
1186 2160 1400 2246 widrigildum
1430 2181 1524 2224 suum
1548 2152 1764 2244 componat¹¹.
1810 2158 1852 2223 Et
1875 2159 1936 2224 boc
1963 2161 2072 2225 nullus

449 2265 602 2329 comitum
626 2273 682 2330 aut
709 2265 820 2330 actor*
843 2265 992 2353 publicus
1015 2271 1214 2351 potestatem
1237 2264 1358 2329 habeat
1380 2261 1603 2348 exigenduml,
1632 2263 1695 2328 nisi
1717 2262 1865 2328 missusm
1888 2262 1927 2328 de
1951 2264 2072 2348 palatio

448 2358 696 2452 imperatoris¹².

557 2468 636 2557 Gap.
660 2477 689 2536 5.
736 2471 787 2536 De
825 2471 924 2537 cartis
954 2491 1032 2537 vero
1065 2469 1289 2536 interdicimus
1323 2469 1446 2534 nemini
1480 2469 1579 2534 licere
1611 2469 1736 2534 alienas
1770 2491 1822 2535 res
1853 2464 2093 2555 praesumtive

447 2571 603 2639 invadere
637 2576 808 2641 occasione
843 2574 989 2640 cartulae
1023 2573 1064 2638 ab
1099 2593 1138 2638 eo
1172 2573 1296 2653 lactea,
1332 2574 1387 2658 qui
1416 2573 1606 2637 vestituram
1638 2572 1819 2656 legitimam
1850 2594 1915 2637 nou
1945 2573 2071 2640 habens
2090 2596 2116 2637 so

448 2673 629 2742 dinoscitur
650 2679 821 2744 invasisse.
867 2677 933 2743 Sed
957 2679 984 2742 si
1007 2678 1079 2764 quis
1103 2677 1282 2763 adquisitor
1305 2677 1469 2756 extiterit,
1493 2696 1557 2740 non
1582 2681 1658 2740 ante
1681 2675 1835 2740 invadere
1860 2677 1984 2742 alienas
2008 2699 2071 2758 res,

447 2781 627 2846 ecclesiae1¹
650 2784 702 2847 vel
725 2783 905 2869 cuiuspiam
928 2781 1022 2847 liberi
1049 2781 1206 2863 hominis,
1236 2785 1442 2866 praesumat,
1473 2787 1648 2864 antequam
1672 2784 1784 2844 auctor
1807 2781 1951 2845 cartulae
1973 2780 2071 2867 legali

447 2887 481 2946 et
511 2883 673 2949 iudiciali⁰
701 2884 896 2952 diffinitione
925 2907 981 2950 aas
1008 2885 1174 2967 vendicet,
1210 2891 1244 2950 et
1274 2891 1373 2949 tuncl’
1400 2884 1532 2950 demum
1563 2885 1614 2947 cui
1642 2884 1731 2948 vult¹³
1757 2883 1893 2949 liberam
1922 2884 2071 2950 tradendi

445 2985 568 3051 babeat
596 2987 795 3053 facultatem.
841 2988 884 3052 ut
912 2988 940 3053 si
968 2988 1039 3074 quis
1067 2989 1176 3073 ipsasq
1204 2988 1273 3052 sine
1301 2989 1376 3073 lege
1406 2986 1563 3053 invaserit
1587 3007 1656 3065 res,
1691 3008 1755 3051 non
1779 2987 1883 3052 solum
1906 2987 1995 3073 ipsas
2018 3009 2070 3053 res

447 3090 587 3172 amittat,
611 3090 669 3155 sed
691 3091 825 3176 insuper
847 3091 990 3155 bannum
1014 3097 1161 3156 nostrum
1185 3097 1365 3176 componat.
2089 3115 2113 3154 as

556 3192 635 3279 Cap.
660 3198 689 3259 6.
723 3194 775 3260 De
804 3187 937 3260 cartis13
960 3194 1060 3260 etiam
1083 3195 1134 3258 vel
1158 3193 1416 3280 quibuscumque
1440 3193 1735 3278 inscriptionibusf,
1759 3215 1843 3278 quae
1872 3204 1909 3258 a*
1936 3193 2070 3279 quibus-

446 3294 521 3359 dam
549 3298 697 3382 personis
726 3297 848 3364 lalsae⁸
871 3299 1091 3385 appellantur,
1124 3297 1312 3377 statuimus,
1344 3298 1371 3361 si
1394 3298 1540 3361 notarius
1563 3297 1698 3362 vixeritl
1721 3302 1755 3360 et
1777 3303 1895 3377 testes,
1925 3304 1961 3361 ut
1983 3297 2071 3362 idem

445 3399 591 3464 notarius
614 3421 687 3464 cum
704 3400 857 3486 legitimis
879 3400 1168 3466 sacramentalibus
1185 3400 1254 3465 XII
1273 3401 1368 3464 simul
1393 3406 1426 3465 et
1449 3421 1521 3464 oum
1545 3400 1625 3486 ipsis
1650 3399 1799 3480 testibus,
1825 3402 1878 3485 qui
1901 3401 1935 3464 iu
1955 3401 2070 3466 eadem

445 3507 535 3566 carta
559 3503 671 3590 scripti
696 3511 786 3584 suut,
808 3505 913 3590 ipsam
938 3511 1059 3568 cartam
1075 3524 1187 3569 veram
1210 3502 1320 3594 iaciat.
1366 3503 1524 3568 Similiter
1547 3509 1580 3568 et
1603 3508 1712 3568 cartae
1736 3509 1888 3568 ostensor
1911 3524 1983 3568 cum
2000 3503 2069 3568 XII

444 3608 747 3688 sacramentalibus,
771 3609 856 3672 sicut
879 3608 1023 3694 legitime
1047 3609 1155 3672 iurare
1172 3608 1291 3688 valeat,
1315 3607 1419 3692 ipsam
1443 3613 1566 3670 cartam
1582 3627 1693 3671 veram
1715 3612 1748 3670 et
1769 3606 1919 3671 idoneam
1935 3607 2067 3672 efficiat.
2087 3629 2112 3668 sc

442 3705 692 3795 interpellatoru
722 3717 833 3776 autem
864 3711 1004 3797 primum
1035 3713 1137 3792 iuret,
1170 3712 1255 3798 quod
1284 3733 1319 3776 se
1351 3712 1476 3778 sciente
1505 3711 1550 3774 nil
1578 3711 1682 3790 aliud,
1717 3711 1779 3775 nisi
1802 3711 2007 3776 verissimam
2034 3711 2067 3774 in

443 3813 593 3878 omnibus
623 3822 657 3880 et
685 3816 804 3880 iustam
835 3816 994 3881 rationem
1022 3816 1183 3902 exquirat.
1229 3815 1265 3880 si
1294 3822 1402 3880 autem
1431 3816 1577 3880 notarius
1606 3835 1641 3879 se
1666 3813 1865 3879 subtraxerit
1888 3821 1922 3878 et
1944 3819 2066 3880 cartam

443 3935 502 3980 suo
536 3917 750 4004 subscriptam
784 3920 916 3985 nomine
951 3918 1102 3984 idoneam
1137 3919 1269 3983 minime
1303 3920 1448 4006 potuerit
1476 3920 1685 4000 confirmare,
1717 3917 1808 3982 nulla
1835 3918 1865 3982 ei
1887 3916 2066 4002 redemptio

442 4018 649 4101 concedatur,
674 4022 732 4086 sed
755 4042 887 4086 manum
912 4023 1075 4108 propriam
1098 4021 1239 4098 amittat;
1271 4028 1304 4088 et
1327 4029 1480 4088 ostensor
1501 4021 1624 4106 ipsiusv
1640 4026 1714 4106 post
1734 4041 1841 4085 rerum
1858 4021 2067 4084 amissionem

442 4119 659 4207 widrigildum
683 4131 866 4211 componat.
910 4124 954 4190 Et
977 4127 1004 4190 si
1027 4126 1174 4192 notarius
1197 4125 1339 4191 desuerit
1361 4134 1395 4192 et
1417 4133 1520 4191 testes
1545 4126 1796 4210 supervixerint,
1824 4125 1895 4210 ipse
1919 4130 2067 4188 ostensor
2084 4142 2109 4184 ss

442 4230 551 4290 cartae
568 4246 640 4291 cum
657 4227 737 4312 ipsis
754 4228 893 4293 testibus
910 4235 1033 4293 etcum
1049 4229 1117 4293 XII
1134 4229 1433 4309 sacramentalibus,
1450 4250 1510 4295 sex
1529 4229 1596 4293 suis
1612 4229 1812 4314 propinquis,
1833 4239 1890 4294 se'
1907 4227 2066 4311 septimow

441 4331 475 4390 ct
498 4329 640 4416 quinque
669 4330 740 4394 aliis
767 4331 910 4414 idoneis,
941 4331 1082 4397 ostensis
1111 4332 1250 4416 primum
1273 4331 1400 4398 duabus
1430 4332 1502 4398 aliis
1531 4333 1630 4398 cartis
1654 4353 1770 4397 manus
1794 4332 2000 4398 conlatione¹
2024 4332 2065 4396 ab

440 4430 555 4498 eodem
579 4433 705 4499 notario
729 4433 901 4520 descriptis
929 4436 1032 4521 ipsam
1056 4436 1188 4501 tertiam
1211 4443 1334 4500 cartam
1358 4443 1563 4502 sacramento
1587 4456 1699 4501 veram
1723 4441 1757 4501 et
1780 4434 1932 4501 idoneam
1955 4434 2063 4499 faeiat.

541 4606 565 4670 s)
583 4608 630 4658 LX
650 4606 786 4674 LibPap.
857 4606 881 4673 l)
900 4607 951 4660 Hic
968 4609 1057 4676 incipit
1075 4607 1099 4660 1,
1169 4607 1197 4678 g)
1215 4611 1256 4662 sui
1274 4609 1336 4662 odd.
1354 4607 1378 4662 2.
1448 4609 1477 4674 h)
1495 4627 1558 4663 suae
1575 4611 1638 4662 odd.
1656 4607 1681 4661 2.
1751 4607 1770 4674 i)
1788 4617 1813 4661 st
1831 4606 1855 4660 2.
1925 4605 2063 4672 1ι)οιιι.2.

438 4698 461 4741 et
479 4691 536 4744 Lib.
550 4693 616 4760 Pap.
670 4693 841 4758 1)cxind02.
894 4694 930 4760 ιιι)
948 4713 1007 4747 cum
1025 4697 1102 4748 misso
1121 4695 1178 4749 Lib.
1191 4697 1258 4763 Pap.
1311 4695 1339 4760 n)
1357 4714 1405 4748 nec
1422 4698 1453 4749 dc
1471 4696 1632 4749 ccclesiavsl
1650 4696 1681 4748 de
1697 4693 1722 4747 2.
1775 4693 1799 4756 ο)
1818 4695 1909 4746 iudicis
1927 4713 1975 4746 cm.
1994 4692 2062 4746 812.
2081 4703 2107 4741 ιο

438 4776 464 4844 ρ)
482 4779 617 4844 postssdc
635 4781 710 4832 cuius
728 4779 879 4834 volueriut.
945 4781 971 4847 q)
989 4789 1066 4834 autes
1083 4798 1111 4834 rs
1128 4782 1184 4849 ipsa
1201 4780 1225 4833 2.
1292 4781 1314 4846 ι)
1332 4783 1513 4848 scriptionibus
1531 4779 1556 4834 2.
1618 4782 1640 4844 s)
1659 4798 1706 4832 om.
1727 4779 1750 4831 1.
1810 4779 1831 4844 t)
1849 4781 2020 4847 supervixerit
2037 4777 2063 4832 2.

437 4862 465 4928 u)
484 4863 519 4915 lu
536 4865 626 4918 litteris
643 4868 712 4918 luter
729 4869 831 4934 explicit
848 4866 873 4920 2.
939 4866 966 4932 v)
983 4867 1098 4920 mrtulao
1116 4868 1178 4920 add.
1191 4867 1248 4920 lab.
1261 4866 1328 4933 Pup.
1392 4867 1426 4932 w)
1444 4875 1470 4920 et
1487 4869 1542 4935 ipse
1560 4868 1594 4919 sit
1607 4868 1735 4934 septimus
1753 4865 1809 4917 Lib.
1828 4866 1894 4932 Pap.
1959 4864 1986 4930 ιι)
2004 4882 2063 4917 con-

436 4949 540 5002 lationis
559 4949 582 5006 l,
1661 4951 1662 4954 ’

539 5101 565 5168 7)
587 5101 643 5170 Osr.
663 5102 781 5158 Widcais
800 5104 886 5175 Cupit.
905 5105 987 5174 elect,
1012 5121 1100 5174 supra
1113 5124 1143 5176 p.
1158 5107 1221 5173 loo,
1243 5121 1265 5160 c.
1277 5106 1301 5160 5.
1406 5107 1434 5175 8)
1459 5105 1487 5158 id
1507 5105 1549 5158 est
1567 5103 1696 5174 albergat
1714 5103 1851 5174 glossaria
1868 5102 1922 5158 cod.
1940 5103 1965 5159 3.
1984 5102 2063 5156 Libri

437 5202 587 5272 Papicnais.
692 5208 718 5274 9)
739 5207 795 5275 (lsr.
816 5207 880 5277 Gap.
900 5209 996 5266 oens.
1015 5210 1038 5266 1.
1056 5209 1121 5278 825,
1145 5214 1207 5264 tom.
1224 5208 1254 5277 Ι,
1274 5224 1304 5276 p.
1322 5209 1388 5277 326,
1412 5225 1434 5262 c.
1452 5209 1484 5276 4;
1511 5206 1576 5275 Gap.
1593 5208 1665 5262 miss.
1683 5207 1748 5276 819,
1771 5207 1788 5262 l.
1806 5222 1827 5261 c.
1846 5223 1876 5275 p.
1892 5207 1957 5274 291,
1980 5221 2002 5259 c.
2019 5207 2061 5259 21.
2079 5219 2104 5257 ιι

436 5308 479 5377 10)
499 5307 556 5374 Osr.
574 5313 664 5363 autem
683 5307 747 5378 Cup.
764 5309 835 5365 arms.
853 5313 912 5380 819,
931 5314 948 5367 l.
961 5329 999 5381 c.,·
1022 5313 1087 5383 cop.
1104 5314 1174 5369 miss.
1196 5315 1256 5381 808,
1274 5315 1292 5369 1.
1304 5331 1325 5369 c.
1340 5331 1370 5382 p.
1382 5313 1441 5383 137,
1458 5329 1480 5370 c.
1493 5315 1518 5368 3.
1528 5313 1560 5381 4,·
1584 5312 1648 5382 Gap.
1667 5314 1738 5368 mma.
1756 5314 1816 5382 802,
1836 5313 1886 5368 lc.
1899 5329 1930 5381 p.
1943 5312 1985 5380 93,
2003 5311 2061 5376 a‘l;

435 5409 530 5480 Hsyct,
558 5409 808 5482 Stddtmasasamp
830 5430 881 5468 coa
904 5415 1001 5471 liuius
1019 5417 1063 5486 H,
1086 5434 1117 5486 ρ.
1133 5418 1175 5473 61.
1299 5418 1342 5484 11)
1367 5415 1424 5482 Gir.
1443 5415 1534 5470 Hlad.
1553 5416 1595 5472 11.
1616 5415 1679 5486 (lap.
1698 5418 1762 5484 866,
1784 5431 1870 5484 supra
1888 5431 1919 5484 p.
1932 5418 1978 5482 95,
2001 5431 2022 5468 c.
2037 5417 2060 5469 2.

435 5515 477 5585 12)
497 5513 561 5583 cap.
579 5515 720 5583 memsam
737 5517 794 5584 c.‘1;
815 5516 880 5586 dap.
899 5519 969 5575 miss.
985 5521 1131 5589 781-810,
1149 5526 1209 5576 lom.
1222 5521 1245 5588 1,
1259 5536 1288 5588 p.
1302 5520 1361 5587 207,
1381 5521 1464 5586 c.13‚·
1481 5518 1548 5588 Cup.
1568 5519 1674 5574 Borma.
1693 5523 1753 5588 811,
1771 5520 1788 5574 1.
1807 5536 1828 5575 c.
1843 5535 1870 5587 ρ.
1885 5519 1943 5586 166,
1961 5533 1983 5573 c.
1995 5520 2019 5572 2.
2030 5518 2061 5584 9,·

434 5617 1076 5702 capparonum.811,z.c.p.165,c,‚6.
1183 5625 1226 5692 13)
1245 5623 1302 5691 Ofr.
1323 5622 1386 5692 Cap.
1404 5623 1478 5694 Pap,
1491 5623 1551 5691 856,
1573 5639 1659 5692 supra
1673 5639 1702 5691 p.
1715 5623 1759 5690 91,
1776 5639 1797 5678 c.
1812 5623 1842 5690 6;
1864 5619 1902 5676 H.
1921 5621 2058 5687 Βιωιῖαιι,

436 5720 650 5778 Urbsmdealrbre
668 5725 691 5792 I,
707 5741 736 5794 p.
751 5725 810 5779 491.
2077 5740 2103 5780 eo
