4590 6420
432 459 495 520 420
550 451 817 508 subruerimus
837 451 885 506 AD
903 449 1018 506 CAPIT.
1037 449 1116 503 REG.
1137 447 1321 503 seruulus
1340 447 1528 504 OCClDEN'I'.
1548 447 1697 517 (nauem
1710 448 1755 516 ll).
1773 477 1804 487 -
1823 448 1871 503 Nr.
1883 449 1943 503 293.

351 633 414 688 845.
434 626 579 712 capellas
602 625 805 704 habuerintss,
830 647 849 688 a
871 624 996 688 ratione
1021 631 1054 688 et
1077 623 1273 688 auctoritate
1297 623 1440 688 alienum
1463 621 1636 702 hebeturl,
1659 628 1696 685 ut
1717 622 1779 707 ipsi
1803 621 1946 685 decimes
1968 621 2055 684 acci-

433 731 525 815 pient
547 728 593 792 eti
616 728 691 793 inde
716 749 815 792 canes
839 735 895 792 eut
910 719 1143 813 geniciariesll
1167 749 1243 792 suas
1260 734 1410 814 psscsnt;
1434 727 1492 793 sed
1510 728 1617 814 potius
1639 726 1823 814 presbyteri
1839 725 2054 790 ecclesiarum

432 853 488 895 ees
512 829 687 917 aecipient¹
711 838 744 895 et
766 831 841 895 inde
870 833 1140 895 restaurationem
1165 833 1378 896 ecelesiarum
1402 839 1435 896 et
1457 829 1629 895 lumineria
1652 837 1685 894 et
1705 828 1889 915 hospitum¹¹
1913 849 1951 892 ac
1973 850 2054 913 pau·

431 955 545 1021 perum
568 932 806 1019 receptionem¹
831 933 1011 998 exhibeant
1039 941 1072 999 et
1100 956 1158 1020 pro
1183 934 1273 999 vobis
1302 956 1341 999 ac
1364 939 1451 998 stetu
1473 934 1566 1019 regni
1591 934 1691 998 vestri
1714 931 1845 996 Domini
1869 933 2055 996 misericor-

431 1037 546 1100 diem¹¹³
569 1036 716 1102 studiose
739 1037 923 1122 implorent,
2088 1061 2100 1097 ι

540 1160 609 1221 79¹².
644 1156 689 1222 Ut
719 1158 811 1241 regie
841 1159 997 1222 maiestas
1031 1157 1220 1222 observari⁰
1248 1157 1428 1244 praecipiet
1465 1143 1614 1222 omnibus
1649 1155 1851 1241 reipublicae
1888 1153 2055 1232 ministris,

431 1259 517 1344 quod
541 1271 581 1324 a1’
605 1260 713 1325 divine
736 1261 932 1326 auctoritate
956 1268 990 1324 et
1006 1270 1191 1325 sanctorum
1208 1271 1337 1346 patrum
1355 1261 1604 1325 constitutioneq
1627 1264 1759 1323 cautum
1776 1280 1850 1324 esse
1866 1257 2055 1334 dinoscitur,

431 1363 581 1428 videlicet
604 1372 640 1428 ut
663 1385 759 1430 nemo
784 1366 938 1428 comitum
962 1373 1019 1429 aut
1040 1367 1212 1450 quisquam
1236 1387 1277 1430 ex
1302 1365 1472 1429 iudiciaria
1488 1370 1651 1450 potestate
1668 1369 1742 1448 poet
1758 1367 1906 1448 quartem
1929 1361 2055 1440 leriam,

430 1487 513 1550 ques
538 1475 636 1553 caput
659 1468 772 1532 ieiunii
795 1469 990 1546 nominatur,
1015 1469 1048 1531 in
1064 1489 1128 1552 qua
1144 1489 1258 1532 omnes
1276 1469 1482 1554 poenitentes
1500 1488 1615 1531 manus
1631 1467 1860 1552 inpositionem
1877 1465 1919 1529 ed
1936 1485 2055 1528 vacan-

430 1569 506 1632 dum
531 1571 733 1635 solummodo
750 1572 973 1657 poeniteutiae
997 1585 1030 1635 ct
1046 1572 1164 1636 divinis
1181 1571 1295 1636 officiis
1311 1573 1485 1656 accipiunt,
1508 1570 1663 1656 placitum
1679 1576 1752 1633 autr
1768 1569 1919 1632 mallum·
1941 1575 2054 1631 tencre
2075 1595 2101 1633 ιο

429 1681 651 1758 praesumant.

540 1796 605 1858 80‘.
641 1787 757 1858 Dies65
781 1816 908 1880 quoque
933 1801 1006 1858 octo
1035 1800 1263 1859 sacrosanctae
1287 1794 1452 1880 paschalis
1480 1793 1669 1858 festivitatis
1693 1792 1844 1856 omnibus
1872 1790 2055 1860 christianis

431 1899 566 1961 feriatos
594 1919 669 1962 esse
696 1897 899 1963 decernimus
923 1899 964 1962 ab
988 1900 1076 1962 omni
1099 1919 1198 1983 opere
1223 1899 1337 1977 rurali,
1369 1898 1491 1981 febrili,
1521 1898 1742 1983 carpentario,
1770 1916 1951 1982 gynaeceo,
1980 1916 2054 1970 ees·

430 2003 607 2080 monterio,
636 2003 789 2087 pistorio,
818 2004 1002 2082 venatorio,
1032 2003 1168 2080 lorensi,
1197 2003 1403 2082 mercatoris,
1434 2001 1645 2065 audientiali¹¹
1672 2021 1710 2064 ec
1739 2000 1954 2063 sacrementis
1983 1999 2054 2064 exi·

431 2104 558 2189 geudis,
582 2113 742 2190 quatenus
766 2106 891 2170 eisdem
915 2105 1032 2170 diebus
1062 2112 1153 2169 tanto
1176 2105 1341 2186 licentius,
1366 2109 1488 2190 quanto
1511 2103 1661 2184 liberius,
1690 2103 1841 2167 omnibus
1869 2102 2054 2165 christianis
2075 2129 2100 2167 ιι

433 2214 566 2271 sanctes
590 2209 839 2272 resurrectionis
863 2207 1014 2272 leudibus
1038 2215 1072 2272 et
1095 2215 1324 2272 sacrosanctae
1356 2207 1590 2293 praedicationi
1620 2207 1738 2290 iugiter
1767 2205 1919 2269 insistere
1946 2205 2054 2269 liceat.

430 2309 554 2381 Quodsi
578 2311 649 2395 quis
674 2319 835 2375 temerare
859 2311 1127 2395 praesumpserit,
1151 2311 1464 2374 excommunicetur.

542 2433 608 2496 81¹.
643 2430 689 2494 Ut
715 2432 858 2518 capitula
887 2432 1115 2496 ecclesiastica
1144 2451 1163 2494 e
1192 2431 1311 2495 domno
1344 2429 1467 2494 Karolo
1501 2439 1644 2514 magnow
1672 2430 1872 2515 imperatore
1901 2451 1961 2494 nec
1989 2451 2055 2493 non

431 2541 527 2597 et¹s
555 2533 675 2597 domno
704 2533 920 2600 Hludowicoy
947 2537 998 2620 pio
1032 2543 1171 2620 augusto
1200 2536 1410 2621 promulgata
1438 2535 1559 2598 obnixe
1586 2533 1774 2598 observari¹
1802 2535 2055 2619 praecipientur,

431 2637 516 2700 sicut
539 2643 572 2700 et
593 2636 713 2722 legalia
736 2636 962 2703 observande·
984 2658 1059 2703 esse
1082 2645 1273 2705 noscuntur.
2074 2661 2101 2700 so

539 2759 610 2822 82¹».
646 2757 739 2823 Haec
763 2765 873 2823 autem
897 2761 1124 2826 constituimus
1151 2782 1215 2825 uon
1239 2760 1502 2847 praeiudicantes
1525 2767 1581 2824 aut
1608 2759 1898 2845 parvipendentes,
1929 2781 2013 2845 quac
2037 2781 2057 2824 e

431 2861 608 2926 maioribus
631 2869 682 2926 et⁰
704 2862 1016 2948 praedecessoribus
1039 2863 1179 2928 nostris‘¹
1203 2865 1288 2929 forts
1304 2865 1453 2929 severius
1478 2871 1612 2950 propter
1626 2865 1789 2949 rigorem⁰
1812 2865 2056 2929 ecclesiastices

431 2963 643 3050 discipliuee‘
670 2972 745 3030 sunt
768 2967 962 3049 constituta,
993 2966 1050 3032 sed
1074 2970 1234 3054 tempori⁸
1256 2968 1436 3033 servientes
1461 2975 1495 3032 et
1521 2967 1691 3053 fragilitati
1714 2968 1982 3054 delinquentium,
2007 2969 2056 3031 lisi

430 3067 470 3132 de
500 3069 691 3133 multimods'
713 3069 776 3133 Dei
805 3071 1043 3154 misericordia,
1074 3073 1101 3135 si
1130 3073 1239 3136 ssltim
1267 3073 1319 3137 his
1348 3072 1484 3137 obedire
1512 3072 1689 3152 voluerint,
1722 3073 1932 3136 consulentes
1960 3093 2054 3157 prae-

430 3173 552 3257 scripta
575 3173 686 3238 taliter
707 3173 934 3258 praefiximus,
964 3181 1015 3254 ut,
1044 3175 1254 3260 quicumque,
1286 3175 1391 3261 quaeh
1421 3197 1440 3239 a
1467 3175 1576 3239 divino
1604 3176 1727 3264 spiritu
1746 3197 1805 3262 per
1834 3176 2055 3261 pontificalem
2073 3199 2099 3238 es

430 3277 659 3341 auctoritatem
683 3284 716 3341 et
737 3281 861 3363 regiam
886 3279 1090 3344 maiestatem
1115 3280 1320 3365 promulgate
1345 3287 1378 3344 et
1400 3280 1529 3364 prolate
1543 3287 1640 3364 etque
1657 3280 1846 3344 confirmata
1869 3287 1954 3360 sunt,
1978 3302 2055 3345 con-

429 3381 551 3444 tumeci
574 3387 673 3466 atque
697 3380 812 3446 rebelli
836 3381 943 3446 enimc
969 3383 1131 3447 contraire
1156 3384 1424 3468 praesumpserit,
1448 3381 1488 3446 sil
1511 3383 1735 3448 eeclesiastico
1759 3375 1873 3448 ordine
1890 3383 2056 3469 quaelibet

428 3505 570 3568 persona
592 3484 703 3549 luerit¹
726 3486 901 3569 honorata,
932 3486 1080 3572 synodali
1108 3488 1301 3552 auctoritate
1331 3487 1450 3572 gradus
1479 3487 1600 3572 proprii
1630 3487 1805 3550 amissione
1833 3487 2003 3562 multetur3
2028 3487 2055 3550 si

402 3595 538 3654 ‘autem
569 3591 602 3653 in
630 3588 770 3652 seculari
800 3588 913 3653 habitu
945 3591 1091 3674 qualibet
1118 3597 1282 3677 potestate
1306 3592 1358 3654 vel
1391 3591 1550 3675 dignitate
1579 3590 1679 3654 fuerit
1707 3590 1882 3654 sublimate
1905 3610 2055 3676 persona,

430 3692 568 3772 honore,
592 3690 676 3776 quol
700 3693 732 3754 in
759 3713 793 3756 re
817 3693 948 3778 publica
970 3693 1104 3775 fruitur,
1133 3696 1203 3760 sine
1227 3694 1470 3760 retractatione¹
1494 3715 1513 3757 e
1538 3695 1630 3778 regia
1658 3695 1830 3758 maiestate
1856 3694 2000 3780 privetur
2022 3698 2055 3757 et
2073 3717 2099 3756 so

429 3795 563 3880 insuper
586 3795 676 3858 exilii
701 3795 754 3858 vel
778 3795 962 3860 afflictionis
985 3797 1170 3876 cuiuslibet,
1195 3804 1292 3883 prout
1315 3797 1393 3862 ordo
1411 3797 1656 3862 ecclesiasticus
1681 3796 1736 3860 etk
1758 3796 1878 3880 regalis
1896 3798 2055 3860 severiter

428 3897 621 3990 decreverit,
645 3899 768 3962 ultione
791 3899 993 3984 plectatur.

537 4023 611 4084 83¹¹.
645 4020 715 4084 Vos
739 4021 835 4084 simul
863 4041 936 4085 eum
967 4022 1038 4085 istis
1066 4029 1099 4086 et
1129 4023 1201 4087 eliis
1233 4021 1297 4087 Dei
1329 4045 1367 4088 ee
1396 4023 1514 4088 vestris
1547 4019 1699 4086 fidelibus
1732 4043 1790 4085 nos
1818 4027 1916 4106 etque
1947 4021 2054 4086 socios

428 4131 556 4186 nostros
580 4125 613 4186 in
638 4125 818 4209 episcopali
843 4123 1034 4189 auctoritate
1057 4128 1214 4211 rogastis,
1246 4133 1284 4191 ut
1312 4135 1447 4212 propter
1469 4125 1577 4190 Deum
1607 4132 1641 4188 et
1668 4132 1815 4189 nostrum
1838 4125 2054 4189 ministerium

428 4227 521 4290 iuxta
553 4228 702 4311 cognitas
732 4229 947 4292 necessitates
971 4249 1082 4292 verum
1112 4231 1283 4294 consilium
1311 4229 1490 4294 secundum
1515 4229 1620 4292 Deum
1648 4237 1682 4293 et
1704 4228 1882 4293 secundum
1906 4228 2053 4292 seculum
2072 4249 2097 4288 ιι

429 4329 683 4402 invenissemus;
708 4329 792 4413 quod
816 4338 849 4394 ct
872 4332 1018 4411 lecimus,
1043 4333 1134 4396 iuxts
1151 4333 1235 4417 quod
1254 4331 1413 4397 Dominus
1434 4334 1594 4418 inspirare
1616 4332 1768 4415 dignutus
1792 4339 1853 4409 est,
1877 4340 1910 4394 ct
1927 4339 2055 4395 vestrae

429 4432 624 4497 christianae
648 4432 813 4497 devotioni
838 4432 946 4497 verbis
980 4442 1013 4498 et
1043 4436 1172 4520 scriptis
1203 4437 1406 4522 protulimus.
1458 4436 1583 4508 Quodsi
1607 4435 1685 4500 illud
1711 4437 1851 4522 pleniter
1874 4444 1907 4499 et
1930 4437 1962 4499 iu
1986 4455 2055 4499 om-

530 4649 559 4715 g)
573 4659 598 4702 et
611 4650 672 4700 cdd
685 4647 708 4700 l.
780 4649 808 4715 ll)
820 4651 946 4702 habeatur
957 4649 980 4702 6.
1051 4649 1070 4716 i)
1083 4657 1108 4702 st
1121 4652 1180 4703 inds
1193 4691 1199 4704 .
1210 4691 1215 4702 .
1227 4689 1233 4701 .
1246 4652 1375 4718 accipient
1388 4670 1436 4704 om.
1450 4651 1478 4715 'l;
1496 4669 1573 4704 canes
1586 4653 1827 4718 ...accipientem
1841 4650 1865 4702 6.
1930 4653 1958 4716 k)
1972 4653 2056 4719 hospi-

427 4739 491 4788 tium
511 4737 541 4798 ‘25
568 4737 709 4803 hospicium
728 4733 752 4787 3.
846 4736 864 4801 Ι)
884 4737 1071 4804 perceptionem
1088 4735 1114 4787 9.
1212 4735 1248 4803 m)
1267 4739 1467 4789 nrissricordiam
1486 4739 1628 4806 implorent.
1669 4741 1725 4789 Hoc
1744 4756 1876 4789 vnonsmus
1894 4748 1938 4791 etc.
1957 4737 1973 4789 9
1991 4739 2054 4806 (cfr.

427 4839 509 4886 repra
526 4831 577 4873 act.
596 4823 633 4886 d).
730 4821 757 4888 ιι)
777 4823 870 4873 Llllll.
888 4820 979 4886 2-43
1006 4823 1122 4873 LXXVI.
1142 4823 1165 4872 5.
1179 4821 1202 4873 6.
1291 4823 1317 4886 o)
1337 4825 1473 4876 observare
1493 4825 1516 4876 5.
1536 4824 1560 4876 6.
1660 4824 1687 4891 p)
1710 4826 1743 4876 ad
1764 4826 1785 4875 l.
1886 4825 1912 4892 ql
1932 4828 2055 4877 constitu·
2073 4848 2100 4885 ιο

426 4911 522 4960 tionem
543 4909 565 4958 l.
653 4909 676 4968 ι)
695 4909 727 4960 ud
745 4909 768 4960 3.
863 4910 886 4970 ιι)
907 4909 1002 4960 malum
1023 4911 1045 4961 l.
1139 4907 1159 4973 t)
1178 4911 1308 4962 LXXVII.
1326 4911 1349 4961 b.
1370 4911 1398 4972 6;
1417 4921 1497 4976 caput
1513 4921 1591 4962 totum
1608 4911 1677 4961 deest
1694 4909 1816 4962 inl-t.
1903 4911 1931 4976 ιι)
1949 4912 2055 4962 audien·

427 4997 472 5047 teli
491 4996 514 5046 5.
612 4995 639 5056 ν)
662 4995 767 5045 LXXX.
789 4992 815 5056 13
843 4997 951 5047 LXllll.
975 4995 1065 5058 2-43
1098 4997 1239 5047 LXXVlll.
1262 4998 1287 5048 5.
1305 4997 1329 5047 li.
1429 5000 1462 5062 w)
1487 5001 1639 5064 imperatore
1661 5015 1755 5064 magno
1780 4997 1802 5049 l.
1907 4997 1936 5060 ιι)
1963 5015 2011 5048 cru.
2032 4996 2054 5048 l.

427 5088 455 5150 y)
474 5081 671 5145 Hluduwic023
691 5082 826 5134 bedonico
844 5080 875 5142 l;
894 5082 1098 5134 Ludovicot).ti.
1170 5085 1194 5146 u)
1213 5086 1351 5136 observare
1365 5083 1388 5136 3.
1460 5086 1485 5148 ιι)
1504 5083 1768 5138 observandarum.
1840 5083 1868 5150 b)
1887 5087 2005 5137 LXXXI.
2026 5083 2055 5142 l;

427 5171 504 5220 LXV.
518 5167 600 5229 2-l;
620 5170 738 5220 LXXIX.
751 5168 817 5228 §.133
836 5185 892 5219 cunr
911 5188 968 5236 cup.
982 5167 1021 5220 78.
1041 5169 1069 5218 in
1081 5186 1161 5219 unum
1175 5169 1299 5220 conlucet.
1311 5171 1338 5219 in
1352 5169 1374 5220 9.
1446 5171 1470 5234 c)
1489 5169 1616 5222 eadee.
1688 5172 1715 5234 d)
1735 5188 1767 5223 ne
1779 5171 1841 5222 add.
1855 5169 1878 5222 9.
1949 5171 2055 5234 e)quae

427 5256 534 5308 iuedd.
554 5255 578 5308 9.
666 5257 756 5319 ι’)οιιι.
776 5255 799 5306 9.
887 5254 1089 5323 g)tsnrpored.
1178 5255 1270 5318 l1)em.
1289 5254 1314 5307 2.
1333 5254 1355 5306 3.
1376 5255 1401 5307 9.
1493 5255 1552 5321 ἰ)ιί
1572 5258 1781 5309 ...luertione
1803 5257 1824 5308 1.
1913 5258 2008 5322 hiens.
2029 5257 2051 5308 l.
2071 5277 2097 5315 ιι

427 5344 446 5407 Ι)
464 5344 615 5394 retractione
633 5339 656 5393 2.
676 5341 701 5394 3.
781 5344 816 5404 ιιι)
836 5343 887 5392 Hic
905 5344 1008 5407 explicit
1029 5341 1051 5393 l.
1131 5338 1160 5405 ιι)
1179 5341 1270 5392 axvi.
1289 5339 1313 5393 3.
1332 5339 1364 5404 43
1383 5343 1461 5393 XXC.
1480 5340 1548 5404 5.6;
1566 5359 1688 5393 nements
1706 5343 1818 5394 dessein
1836 5340 1866 5406 2;
1887 5351 1965 5392 tolum
1978 5353 2055 5409 ceput

425 5429 493 5480 deest
510 5430 538 5480 in
558 5429 581 5480 1.

529 5609 574 5672 64)
599 5609 623 5662 Ι.
642 5625 676 5662 a:
703 5611 829 5674 ancillas,
856 5625 923 5677 qua-a
950 5610 980 5661 ιἰι
1006 5611 1112 5678 emittis
1139 5610 1180 5662 cet
1205 5609 1325 5678 pynccris
1351 5613 1515 5676 eperamw
1542 5609 1592 5674 cfr.
1624 5608 1689 5676 Cap.
1717 5607 1750 5661 de
1773 5607 1841 5662 siliis
1864 5611 1928 5677 800,
1952 5609 2054 5678 torel,

422 5732 451 5784 p.
466 5717 508 5781 86,
525 5729 547 5768 c.
560 5714 602 5768 31.
689 5717 735 5784 eb)
757 5715 812 5780 Osr.
832 5714 897 5783 Cap.
916 5716 986 5767 mhs.
1005 5713 1140 5767 Sucusiorv.
1152 5714 1217 5781 853,
1234 5729 1321 5783 supra
1335 5730 1365 5782 p.
1377 5713 1437 5780 269,
1455 5728 1477 5766 c.
1491 5715 1516 5767 e.
