<?xml version="1.0" encoding="UTF-8"?>
<!DOCTYPE html PUBLIC "-//W3C//DTD XHTML 1.0 Transitional//EN"
    "http://www.w3.org/TR/xhtml1/DTD/xhtml1-transitional.dtd">
<html xmlns="http://www.w3.org/1999/xhtml" xml:lang="en" lang="en">
 <head>
  <title>
</title>
<meta http-equiv="Content-Type" content="text/html;charset=utf-8" />
  <meta name='ocr-system' content='tesseract 3.04.00' />
  <meta name='ocr-capabilities' content='ocr_page ocr_carea ocr_par ocr_line ocrx_word'/>
</head>
<body>
  <div class='ocr_page' id='page_1' title='image "./monumentagerman07mittgoog_0386.png"; bbox 0 0 4560 6426; ppageno 0'>
   <div class='ocr_carea' id='block_1_1' title="bbox 392 421 1848 499">
    <p class='ocr_par' dir='ltr' id='par_1_1' title="bbox 392 421 1848 499">
     <span class='ocr_line' id='line_1_1' title="bbox 392 421 1848 499; baseline 0.014 -25"><span class='ocrx_word' id='word_1_1' title='bbox 392 421 638 478; x_wconf 72' lang='lat' dir='ltr'>carrucatam</span> <span class='ocrx_word' id='word_1_2' title='bbox 660 423 787 480; x_wconf 81' lang='lat' dir='ltr'><strong>REGUM</strong></span> <span class='ocrx_word' id='word_1_3' title='bbox 809 425 992 482; x_wconf 73' lang='lat' dir='ltr'>vaurella</span> <span class='ocrx_word' id='word_1_4' title='bbox 1010 429 1272 484; x_wconf 81' lang='lat' dir='ltr'><strong>OCUIDENTALIS</strong></span> <span class='ocrx_word' id='word_1_5' title='bbox 1291 430 1439 498; x_wconf 85' lang='lat' dir='ltr'>(KAROLl</span> <span class='ocrx_word' id='word_1_6' title='bbox 1453 430 1498 499; x_wconf 90' lang='lat' dir='ltr'>ll).</span> <span class='ocrx_word' id='word_1_7' title='bbox 1518 457 1550 469; x_wconf 95' lang='lat'><em>-</em></span> <span class='ocrx_word' id='word_1_8' title='bbox 1570 430 1687 485; x_wconf 60' lang='lat' dir='ltr'>urata.</span> <span class='ocrx_word' id='word_1_9' title='bbox 1788 435 1848 494; x_wconf 78' lang='lat'>345</span> 
     </span>
    </p>
   </div>
   <div class='ocr_carea' id='block_1_2' title="bbox 182 594 1924 4953">
    <p class='ocr_par' dir='ltr' id='par_1_2' title="bbox 227 594 1924 1004">
     <span class='ocr_line' id='line_1_2' title="bbox 229 594 1924 690; baseline 0.006 -33"><span class='ocrx_word' id='word_1_10' title='bbox 229 594 305 680; x_wconf 92' lang='lat' dir='ltr'>quid</span> <span class='ocrx_word' id='word_1_11' title='bbox 328 595 550 678; x_wconf 88' lang='lat' dir='ltr'>abstulerunt,</span> <span class='ocrx_word' id='word_1_12' title='bbox 578 605 634 662; x_wconf 87' lang='lat' dir='ltr'>aut</span> <span class='ocrx_word' id='word_1_13' title='bbox 657 600 831 666; x_wconf 78' lang='lat' dir='ltr'>emendent</span> <span class='ocrx_word' id='word_1_14' title='bbox 854 609 911 666; x_wconf 91' lang='lat' dir='ltr'>aut</span> <span class='ocrx_word' id='word_1_15' title='bbox 934 603 1167 690; x_wconf 79' lang='lat' dir='ltr'>deprecentur,</span> <span class='ocrx_word' id='word_1_16' title='bbox 1192 612 1224 669; x_wconf 92' lang='lat' dir='ltr'>ct</span> <span class='ocrx_word' id='word_1_17' title='bbox 1247 606 1480 690; x_wconf 91' lang='lat' dir='ltr'>poenitentiam</span> <span class='ocrx_word' id='word_1_18' title='bbox 1505 606 1636 683; x_wconf 85' lang='lat' dir='ltr'>saciant,</span> <span class='ocrx_word' id='word_1_19' title='bbox 1663 605 1747 668; x_wconf 88' lang='lat' dir='ltr'>sicut</span> <span class='ocrx_word' id='word_1_20' title='bbox 1772 611 1847 670; x_wconf 90' lang='lat' dir='ltr'>tune</span> <span class='ocrx_word' id='word_1_21' title='bbox 1865 613 1924 668; x_wconf 80' lang='grc'><strong>873.</strong></span> 
     </span>
     <span class='ocr_line' id='line_1_3' title="bbox 229 699 1849 796; baseline 0.007 -35"><span class='ocrx_word' id='word_1_22' title='bbox 229 699 439 762; x_wconf 87' lang='lat' dir='ltr'>constitutum</span> <span class='ocrx_word' id='word_1_23' title='bbox 463 701 532 766; x_wconf 87' lang='lat' dir='ltr'>fuit.</span> <span class='ocrx_word' id='word_1_24' title='bbox 578 702 621 768; x_wconf 84' lang='lat' dir='ltr'>Et</span> <span class='ocrx_word' id='word_1_25' title='bbox 644 705 697 789; x_wconf 92' lang='lat' dir='ltr'>qui</span> <span class='ocrx_word' id='word_1_26' title='bbox 721 707 875 786; x_wconf 78' lang='lat' dir='ltr'>seniores,</span> <span class='ocrx_word' id='word_1_27' title='bbox 900 708 984 774; x_wconf 74' lang='lat' dir='ltr'>sieut</span> <span class='ocrx_word' id='word_1_28' title='bbox 1007 717 1082 774; x_wconf 91' lang='lat' dir='ltr'>tune</span> <span class='ocrx_word' id='word_1_29' title='bbox 1107 711 1344 796; x_wconf 82' lang='lat' dir='ltr'>praecepimus,</span> <span class='ocrx_word' id='word_1_30' title='bbox 1368 717 1521 796; x_wconf 87' lang='lat' dir='ltr'>acceptos</span> <span class='ocrx_word' id='word_1_31' title='bbox 1545 731 1609 774; x_wconf 93' lang='lat' dir='ltr'>uon</span> <span class='ocrx_word' id='word_1_32' title='bbox 1634 708 1763 786; x_wconf 90' lang='lat' dir='ltr'>habent,</span> <span class='ocrx_word' id='word_1_33' title='bbox 1791 731 1849 795; x_wconf 92' lang='lat' dir='ltr'>per</span> 
     </span>
     <span class='ocr_line' id='line_1_4' title="bbox 228 800 1848 900; baseline 0.007 -36"><span class='ocrx_word' id='word_1_34' title='bbox 228 800 439 868; x_wconf 85' lang='lat' dir='ltr'>fideiussores</span> <span class='ocrx_word' id='word_1_35' title='bbox 463 804 504 868; x_wconf 91' lang='lat' dir='ltr'>ad</span> <span class='ocrx_word' id='word_1_36' title='bbox 522 813 663 870; x_wconf 89' lang='lat' dir='ltr'>nostram</span> <span class='ocrx_word' id='word_1_37' title='bbox 680 811 901 893; x_wconf 88' lang='lat' dir='ltr'>praesentiam</span> <span class='ocrx_word' id='word_1_38' title='bbox 923 812 1153 897; x_wconf 88' lang='lat' dir='ltr'>perducantur,</span> <span class='ocrx_word' id='word_1_39' title='bbox 1178 819 1211 877; x_wconf 92' lang='lat' dir='ltr'>ct</span> <span class='ocrx_word' id='word_1_40' title='bbox 1234 813 1356 894; x_wconf 86' lang='lat' dir='ltr'>alodes,</span> <span class='ocrx_word' id='word_1_41' title='bbox 1381 836 1463 900; x_wconf 89' lang='lat' dir='ltr'>quos</span> <span class='ocrx_word' id='word_1_42' title='bbox 1487 813 1621 894; x_wconf 90' lang='lat' dir='ltr'>babent,</span> <span class='ocrx_word' id='word_1_43' title='bbox 1645 814 1792 891; x_wconf 83' lang='lat' dir='ltr'>comites,</span> <span class='ocrx_word' id='word_1_44' title='bbox 1816 815 1848 877; x_wconf 95' lang='lat' dir='ltr'>in</span> 
     </span>
     <span class='ocr_line' id='line_1_5' title="bbox 227 909 1087 1004; baseline 0.015 -35"><span class='ocrx_word' id='word_1_45' title='bbox 227 927 363 992; x_wconf 90' lang='lat' dir='ltr'>quorum</span> <span class='ocrx_word' id='word_1_46' title='bbox 388 909 593 975; x_wconf 89' lang='lat' dir='ltr'>eomitatibus</span> <span class='ocrx_word' id='word_1_47' title='bbox 616 919 701 994; x_wconf 94' lang='lat' dir='ltr'>sunt,</span> <span class='ocrx_word' id='word_1_48' title='bbox 724 915 758 978; x_wconf 92' lang='lat' dir='ltr'>in</span> <span class='ocrx_word' id='word_1_49' title='bbox 780 916 895 980; x_wconf 89' lang='lat' dir='ltr'>fiscum</span> <span class='ocrx_word' id='word_1_50' title='bbox 919 918 1087 1004; x_wconf 90' lang='lat' dir='ltr'>recipiant.</span> 
     </span>
    </p>

    <p class='ocr_par' dir='ltr' id='par_1_3' title="bbox 197 1011 1849 1206">
     <span class='ocr_line' id='line_1_6' title="bbox 197 1011 1849 1108; baseline 0.007 -36"><span class='ocrx_word' id='word_1_51' title='bbox 197 1022 208 1060; x_wconf 72' lang='lat'>⁵</span> <span class='ocrx_word' id='word_1_52' title='bbox 335 1015 365 1074; x_wconf 83' lang='lat'>5.</span> <span class='ocrx_word' id='word_1_53' title='bbox 400 1011 444 1076; x_wconf 91' lang='lat' dir='ltr'>Ut</span> <span class='ocrx_word' id='word_1_54' title='bbox 460 1015 682 1102; x_wconf 89' lang='lat' dir='ltr'>unusquisque</span> <span class='ocrx_word' id='word_1_55' title='bbox 699 1039 807 1084; x_wconf 91' lang='lat' dir='ltr'>comes</span> <span class='ocrx_word' id='word_1_56' title='bbox 823 1020 855 1083; x_wconf 96' lang='lat' dir='ltr'>in</span> <span class='ocrx_word' id='word_1_57' title='bbox 873 1041 930 1085; x_wconf 89' lang='lat' dir='ltr'>suo</span> <span class='ocrx_word' id='word_1_58' title='bbox 947 1022 1102 1086; x_wconf 90' lang='lat' dir='ltr'>comitatu</span> <span class='ocrx_word' id='word_1_59' title='bbox 1120 1021 1298 1108; x_wconf 89' lang='lat' dir='ltr'>provideat,</span> <span class='ocrx_word' id='word_1_60' title='bbox 1315 1013 1388 1096; x_wconf 46' lang='lat' dir='ltr'>utu,</span> <span class='ocrx_word' id='word_1_61' title='bbox 1412 1030 1461 1100; x_wconf 90' lang='lat' dir='ltr'>qui</span> <span class='ocrx_word' id='word_1_62' title='bbox 1477 1031 1643 1086; x_wconf 83' lang='lat' dir='ltr'>fidelitatem</span> <span class='ocrx_word' id='word_1_63' title='bbox 1659 1029 1740 1085; x_wconf 81' lang='lat' dir='ltr'>nobis</span> <span class='ocrx_word' id='word_1_64' title='bbox 1757 1029 1849 1084; x_wconf 81' lang='lat' dir='ltr'>adhue</span> 
     </span>
     <span class='ocr_line' id='line_1_7' title="bbox 229 1123 1849 1206; baseline 0.006 -29"><span class='ocrx_word' id='word_1_65' title='bbox 229 1123 394 1194; x_wconf 82' lang='lat' dir='ltr'>promissam</span> <span class='ocrx_word' id='word_1_66' title='bbox 410 1144 466 1181; x_wconf 92' lang='lat' dir='ltr'>non</span> <span class='ocrx_word' id='word_1_67' title='bbox 482 1127 596 1194; x_wconf 86' lang='lat' dir='ltr'>habent,</span> <span class='ocrx_word' id='word_1_68' title='bbox 613 1129 778 1186; x_wconf 86' lang='lat' dir='ltr'>fidelitatem</span> <span class='ocrx_word' id='word_1_69' title='bbox 794 1133 875 1188; x_wconf 90' lang='lat' dir='ltr'>nobis</span> <span class='ocrx_word' id='word_1_70' title='bbox 887 1135 1064 1204; x_wconf 76' lang='lat' dir='ltr'>promittent,</span> <span class='ocrx_word' id='word_1_71' title='bbox 1081 1135 1155 1190; x_wconf 87' lang='lat' dir='ltr'>sicut</span> <span class='ocrx_word' id='word_1_72' title='bbox 1169 1135 1198 1190; x_wconf 93' lang='lat' dir='ltr'>in</span> <span class='ocrx_word' id='word_1_73' title='bbox 1211 1135 1343 1206; x_wconf 86' lang='lat' dir='ltr'>capitulis</span> <span class='ocrx_word' id='word_1_74' title='bbox 1360 1135 1406 1188; x_wconf 89' lang='lat' dir='ltr'>avi</span> <span class='ocrx_word' id='word_1_75' title='bbox 1423 1139 1452 1190; x_wconf 94' lang='lat' dir='ltr'>ct</span> <span class='ocrx_word' id='word_1_76' title='bbox 1467 1133 1556 1204; x_wconf 82' lang='lat' dir='ltr'>putria</span> <span class='ocrx_word' id='word_1_77' title='bbox 1572 1134 1662 1190; x_wconf 81' lang='lat' dir='ltr'>nostri</span> <span class='ocrx_word' id='word_1_78' title='bbox 1679 1133 1849 1188; x_wconf 79' lang='lat' dir='ltr'>continetur.</span> 
     </span>
    </p>

    <p class='ocr_par' dir='ltr' id='par_1_4' title="bbox 228 1218 1849 1521">
     <span class='ocr_line' id='line_1_8' title="bbox 337 1218 1849 1314; baseline 0.006 -31"><span class='ocrx_word' id='word_1_79' title='bbox 337 1224 368 1284; x_wconf 82' lang='lat'>6.</span> <span class='ocrx_word' id='word_1_80' title='bbox 401 1218 447 1284; x_wconf 92' lang='lat' dir='ltr'>Ut</span> <span class='ocrx_word' id='word_1_81' title='bbox 470 1225 692 1310; x_wconf 89' lang='lat' dir='ltr'>unusquisque</span> <span class='ocrx_word' id='word_1_82' title='bbox 722 1247 832 1292; x_wconf 88' lang='lat' dir='ltr'>comes</span> <span class='ocrx_word' id='word_1_83' title='bbox 856 1228 888 1291; x_wconf 92' lang='lat' dir='ltr'>in</span> <span class='ocrx_word' id='word_1_84' title='bbox 917 1229 1072 1292; x_wconf 88' lang='lat' dir='ltr'>comitatu</span> <span class='ocrx_word' id='word_1_85' title='bbox 1100 1249 1158 1293; x_wconf 86' lang='lat' dir='ltr'>suo</span> <span class='ocrx_word' id='word_1_86' title='bbox 1181 1249 1331 1314; x_wconf 86' lang='lat' dir='ltr'>magnam</span> <span class='ocrx_word' id='word_1_87' title='bbox 1358 1227 1596 1314; x_wconf 89' lang='lat' dir='ltr'>providentiam</span> <span class='ocrx_word' id='word_1_88' title='bbox 1627 1229 1783 1313; x_wconf 91' lang='lat' dir='ltr'>accipiat,</span> <span class='ocrx_word' id='word_1_89' title='bbox 1814 1234 1849 1292; x_wconf 93' lang='lat' dir='ltr'>ut</span> 
     </span>
     <span class='ocr_line' id='line_1_9' title="bbox 229 1324 1846 1419; baseline 0.006 -34"><span class='ocrx_word' id='word_1_90' title='bbox 229 1324 336 1388; x_wconf 90' lang='lat' dir='ltr'>nullus</span> <span class='ocrx_word' id='word_1_91' title='bbox 368 1325 452 1391; x_wconf 90' lang='lat' dir='ltr'>liber</span> <span class='ocrx_word' id='word_1_92' title='bbox 481 1327 577 1392; x_wconf 90' lang='lat' dir='ltr'>homo</span> <span class='ocrx_word' id='word_1_93' title='bbox 610 1330 642 1392; x_wconf 94' lang='lat' dir='ltr'>in</span> <span class='ocrx_word' id='word_1_94' title='bbox 673 1337 782 1395; x_wconf 83' lang='lat' dir='ltr'>nostro</span> <span class='ocrx_word' id='word_1_95' title='bbox 811 1353 910 1416; x_wconf 83' lang='lat' dir='ltr'>regno</span> <span class='ocrx_word' id='word_1_96' title='bbox 941 1333 1103 1396; x_wconf 88' lang='lat' dir='ltr'>immorari</span> <span class='ocrx_word' id='word_1_97' title='bbox 1134 1333 1185 1398; x_wconf 88' lang='lat' dir='ltr'>vel</span> <span class='ocrx_word' id='word_1_98' title='bbox 1216 1334 1449 1419; x_wconf 78' lang='lat' dir='ltr'>proprietatem</span> <span class='ocrx_word' id='word_1_99' title='bbox 1477 1333 1600 1397; x_wconf 78' lang='lat' dir='ltr'>habere</span> <span class='ocrx_word' id='word_1_100' title='bbox 1629 1331 1846 1418; x_wconf 87' lang='lat' dir='ltr'>permittatur,</span> 
     </span>
     <span class='ocr_line' id='line_1_10' title="bbox 228 1429 1292 1521; baseline 0.009 -29"><span class='ocrx_word' id='word_1_101' title='bbox 228 1429 460 1515; x_wconf 90' lang='lat' dir='ltr'>cuiuscumque</span> <span class='ocrx_word' id='word_1_102' title='bbox 483 1432 578 1496; x_wconf 90' lang='lat' dir='ltr'>homo</span> <span class='ocrx_word' id='word_1_103' title='bbox 603 1433 655 1512; x_wconf 87' lang='lat' dir='ltr'>sit,</span> <span class='ocrx_word' id='word_1_104' title='bbox 679 1434 741 1498; x_wconf 89' lang='lat' dir='ltr'>uisi</span> <span class='ocrx_word' id='word_1_105' title='bbox 764 1434 955 1500; x_wconf 88' lang='lat' dir='ltr'>fidelitatem</span> <span class='ocrx_word' id='word_1_106' title='bbox 980 1437 1072 1501; x_wconf 89' lang='lat' dir='ltr'>nobis</span> <span class='ocrx_word' id='word_1_107' title='bbox 1095 1437 1292 1521; x_wconf 88' lang='lat' dir='ltr'>promiserit.</span> 
     </span>
    </p>

    <p class='ocr_par' dir='ltr' id='par_1_5' title="bbox 187 1525 1848 2042">
     <span class='ocr_line' id='line_1_11' title="bbox 187 1525 1848 1625; baseline 0.003 -29"><span class='ocrx_word' id='word_1_108' title='bbox 187 1539 211 1576; x_wconf 84' lang='lat'>¹⁰</span> <span class='ocrx_word' id='word_1_109' title='bbox 338 1537 366 1600; x_wconf 84' lang='lat'>7.</span> <span class='ocrx_word' id='word_1_110' title='bbox 403 1525 480 1598; x_wconf 75' lang='lat' dir='ltr'>Et&#39;22</span> <span class='ocrx_word' id='word_1_111' title='bbox 503 1536 578 1621; x_wconf 91' lang='lat' dir='ltr'>quia</span> <span class='ocrx_word' id='word_1_112' title='bbox 594 1537 786 1618; x_wconf 87' lang='lat' dir='ltr'>audivimus,</span> <span class='ocrx_word' id='word_1_113' title='bbox 810 1539 895 1625; x_wconf 92' lang='lat' dir='ltr'>quod</span> <span class='ocrx_word' id='word_1_114' title='bbox 913 1541 1053 1605; x_wconf 89' lang='lat' dir='ltr'>malefici</span> <span class='ocrx_word' id='word_1_115' title='bbox 1069 1541 1217 1606; x_wconf 87' lang='lat' dir='ltr'>homines</span> <span class='ocrx_word' id='word_1_116' title='bbox 1241 1549 1274 1606; x_wconf 91' lang='lat' dir='ltr'>et</span> <span class='ocrx_word' id='word_1_117' title='bbox 1298 1541 1469 1615; x_wconf 83' lang='lat' dir='ltr'>sortiariae</span> <span class='ocrx_word' id='word_1_118' title='bbox 1478 1532 1507 1578; x_wconf 76' lang='lat'>²³</span> <span class='ocrx_word' id='word_1_119' title='bbox 1530 1540 1699 1625; x_wconf 89' lang='lat' dir='ltr'>perplura</span> <span class='ocrx_word' id='word_1_120' title='bbox 1722 1539 1848 1602; x_wconf 87' lang='lat' dir='ltr'>lucain</span> 
     </span>
     <span class='ocr_line' id='line_1_12' title="bbox 229 1641 1847 1729; baseline 0.002 -29"><span class='ocrx_word' id='word_1_121' title='bbox 229 1643 338 1700; x_wconf 88' lang='lat' dir='ltr'>nostro</span> <span class='ocrx_word' id='word_1_122' title='bbox 371 1659 471 1722; x_wconf 85' lang='lat' dir='ltr'>regno</span> <span class='ocrx_word' id='word_1_123' title='bbox 504 1641 689 1726; x_wconf 81' lang='lat' dir='ltr'>insurgunt,</span> <span class='ocrx_word' id='word_1_124' title='bbox 723 1664 860 1729; x_wconf 88' lang='lat' dir='ltr'>quorum</span> <span class='ocrx_word' id='word_1_125' title='bbox 892 1645 1059 1709; x_wconf 89' lang='lat' dir='ltr'>maleficiis</span> <span class='ocrx_word' id='word_1_126' title='bbox 1086 1645 1149 1709; x_wconf 92' lang='lat' dir='ltr'>iam</span> <span class='ocrx_word' id='word_1_127' title='bbox 1179 1646 1273 1710; x_wconf 89' lang='lat' dir='ltr'>multi</span> <span class='ocrx_word' id='word_1_128' title='bbox 1304 1643 1651 1709; x_wconf 71' lang='lat' dir='ltr'>homincsiulirmati¹¹</span> <span class='ocrx_word' id='word_1_129' title='bbox 1681 1649 1714 1707; x_wconf 89' lang='lat' dir='ltr'>ct</span> <span class='ocrx_word' id='word_1_130' title='bbox 1736 1643 1847 1728; x_wconf 89' lang='lat' dir='ltr'>plures</span> 
     </span>
     <span class='ocr_line' id='line_1_13' title="bbox 228 1740 1846 1835; baseline 0.003 -32"><span class='ocrx_word' id='word_1_131' title='bbox 228 1741 346 1805; x_wconf 91' lang='lat' dir='ltr'>mortui</span> <span class='ocrx_word' id='word_1_132' title='bbox 369 1749 458 1822; x_wconf 87' lang='lat' dir='ltr'>sunt,</span> <span class='ocrx_word' id='word_1_133' title='bbox 491 1746 659 1829; x_wconf 89' lang='lat' dir='ltr'>quoniam,</span> <span class='ocrx_word' id='word_1_134' title='bbox 684 1748 768 1811; x_wconf 85' lang='lat' dir='ltr'>sieut</span> <span class='ocrx_word' id='word_1_135' title='bbox 790 1750 893 1812; x_wconf 91' lang='lat' dir='ltr'>sancti</span> <span class='ocrx_word' id='word_1_136' title='bbox 917 1748 978 1814; x_wconf 90' lang='lat' dir='ltr'>Dei</span> <span class='ocrx_word' id='word_1_137' title='bbox 1002 1749 1148 1814; x_wconf 90' lang='lat' dir='ltr'>homines</span> <span class='ocrx_word' id='word_1_138' title='bbox 1173 1740 1417 1835; x_wconf 68' lang='lat' dir='ltr'>scripseruut‘2l,</span> <span class='ocrx_word' id='word_1_139' title='bbox 1446 1749 1534 1833; x_wconf 85' lang='lat' dir='ltr'>regis</span> <span class='ocrx_word' id='word_1_140' title='bbox 1557 1747 1772 1811; x_wconf 86' lang='lat' dir='ltr'>ministerium</span> <span class='ocrx_word' id='word_1_141' title='bbox 1797 1753 1846 1809; x_wconf 89' lang='lat' dir='ltr'>cst</span> 
     </span>
     <span class='ocr_line' id='line_1_14' title="bbox 228 1844 1846 1937; baseline 0.004 -30"><span class='ocrx_word' id='word_1_142' title='bbox 228 1844 343 1929; x_wconf 92' lang='lat' dir='ltr'>impios</span> <span class='ocrx_word' id='word_1_143' title='bbox 366 1844 407 1910; x_wconf 91' lang='lat' dir='ltr'>do</span> <span class='ocrx_word' id='word_1_144' title='bbox 431 1853 518 1911; x_wconf 87' lang='lat' dir='ltr'>tarra</span> <span class='ocrx_word' id='word_1_145' title='bbox 545 1849 696 1935; x_wconf 89' lang='lat' dir='ltr'>perdere,</span> <span class='ocrx_word' id='word_1_146' title='bbox 726 1851 892 1916; x_wconf 86' lang='lat' dir='ltr'>maleficos</span> <span class='ocrx_word' id='word_1_147' title='bbox 924 1859 956 1916; x_wconf 92' lang='lat' dir='ltr'>ot</span> <span class='ocrx_word' id='word_1_148' title='bbox 979 1854 1143 1918; x_wconf 88' lang='lat' dir='ltr'>veneficos</span> <span class='ocrx_word' id='word_1_149' title='bbox 1175 1875 1239 1917; x_wconf 93' lang='lat' dir='ltr'>non</span> <span class='ocrx_word' id='word_1_150' title='bbox 1272 1853 1379 1918; x_wconf 85' lang='lat' dir='ltr'>sinere</span> <span class='ocrx_word' id='word_1_151' title='bbox 1408 1853 1535 1920; x_wconf 89' lang='lat' dir='ltr'>vivero.</span> <span class='ocrx_word' id='word_1_152' title='bbox 1567 1871 1725 1937; x_wconf 85' lang='lat' dir='ltr'>expresse</span> <span class='ocrx_word' id='word_1_153' title='bbox 1750 1872 1846 1935; x_wconf 90' lang='lat' dir='ltr'>prae-</span> 
     </span>
     <span class='ocr_line' id='line_1_15' title="bbox 228 1949 1846 2042; baseline 0.003 -31"><span class='ocrx_word' id='word_1_154' title='bbox 228 1949 375 2034; x_wconf 87' lang='lat' dir='ltr'>cipimus,</span> <span class='ocrx_word' id='word_1_155' title='bbox 399 1957 435 2014; x_wconf 91' lang='lat' dir='ltr'>ut</span> <span class='ocrx_word' id='word_1_156' title='bbox 457 1953 681 2040; x_wconf 87' lang='lat' dir='ltr'>unusquisque</span> <span class='ocrx_word' id='word_1_157' title='bbox 705 1976 813 2020; x_wconf 88' lang='lat' dir='ltr'>comes</span> <span class='ocrx_word' id='word_1_158' title='bbox 837 1956 868 2020; x_wconf 92' lang='lat' dir='ltr'>in</span> <span class='ocrx_word' id='word_1_159' title='bbox 892 1978 950 2021; x_wconf 90' lang='lat' dir='ltr'>suo</span> <span class='ocrx_word' id='word_1_160' title='bbox 976 1957 1134 2022; x_wconf 85' lang='lat' dir='ltr'>comitatu</span> <span class='ocrx_word' id='word_1_161' title='bbox 1158 1978 1310 2042; x_wconf 86' lang='lat' dir='ltr'>magnum</span> <span class='ocrx_word' id='word_1_162' title='bbox 1338 1954 1481 2020; x_wconf 89' lang='lat' dir='ltr'>studium</span> <span class='ocrx_word' id='word_1_163' title='bbox 1505 1953 1674 2032; x_wconf 88' lang='lat' dir='ltr'>adhibeat,</span> <span class='ocrx_word' id='word_1_164' title='bbox 1705 1959 1741 2017; x_wconf 94' lang='lat' dir='ltr'>ut</span> <span class='ocrx_word' id='word_1_165' title='bbox 1764 1954 1846 2016; x_wconf 88' lang='lat' dir='ltr'>talos</span> 
     </span>
    </p>

    <p class='ocr_par' dir='ltr' id='par_1_6' title="bbox 186 2053 1848 2556">
     <span class='ocr_line' id='line_1_16' title="bbox 186 2053 1845 2146; baseline 0.003 -31"><span class='ocrx_word' id='word_1_166' title='bbox 186 2065 209 2103; x_wconf 72' lang='lat'>¹⁵</span> <span class='ocrx_word' id='word_1_167' title='bbox 228 2053 457 2137; x_wconf 89' lang='lat' dir='ltr'>perquirantur</span> <span class='ocrx_word' id='word_1_168' title='bbox 480 2063 513 2119; x_wconf 90' lang='lat' dir='ltr'>et</span> <span class='ocrx_word' id='word_1_169' title='bbox 536 2059 861 2143; x_wconf 88' lang='lat' dir='ltr'>comprehendantur.</span> <span class='ocrx_word' id='word_1_170' title='bbox 913 2061 956 2125; x_wconf 83' lang='lat' dir='ltr'>llt</span> <span class='ocrx_word' id='word_1_171' title='bbox 980 2063 1006 2126; x_wconf 92' lang='lat' dir='ltr'>si</span> <span class='ocrx_word' id='word_1_172' title='bbox 1029 2065 1094 2126; x_wconf 91' lang='lat' dir='ltr'>iam</span> <span class='ocrx_word' id='word_1_173' title='bbox 1117 2061 1193 2127; x_wconf 91' lang='lat' dir='ltr'>inde</span> <span class='ocrx_word' id='word_1_174' title='bbox 1221 2061 1424 2146; x_wconf 89' lang='lat' dir='ltr'>comprobati</span> <span class='ocrx_word' id='word_1_175' title='bbox 1451 2058 1588 2124; x_wconf 90' lang='lat' dir='ltr'>maseuli</span> <span class='ocrx_word' id='word_1_176' title='bbox 1617 2059 1668 2122; x_wconf 91' lang='lat' dir='ltr'>vel</span> <span class='ocrx_word' id='word_1_177' title='bbox 1697 2077 1845 2142; x_wconf 91' lang='lat' dir='ltr'>compro-</span> 
     </span>
     <span class='ocr_line' id='line_1_17' title="bbox 228 2155 1847 2250; baseline 0.003 -32"><span class='ocrx_word' id='word_1_178' title='bbox 228 2155 323 2220; x_wconf 89' lang='lat' dir='ltr'>batae</span> <span class='ocrx_word' id='word_1_179' title='bbox 347 2157 487 2222; x_wconf 86' lang='lat' dir='ltr'>feminae</span> <span class='ocrx_word' id='word_1_180' title='bbox 512 2167 601 2242; x_wconf 90' lang='lat' dir='ltr'>sunt,</span> <span class='ocrx_word' id='word_1_181' title='bbox 633 2163 716 2227; x_wconf 88' lang='lat' dir='ltr'>sieut</span> <span class='ocrx_word' id='word_1_182' title='bbox 744 2164 800 2228; x_wconf 86' lang='lat' dir='ltr'>lex</span> <span class='ocrx_word' id='word_1_183' title='bbox 829 2171 862 2228; x_wconf 89' lang='lat' dir='ltr'>ct</span> <span class='ocrx_word' id='word_1_184' title='bbox 886 2165 1010 2230; x_wconf 87' lang='lat' dir='ltr'>iustitia</span> <span class='ocrx_word' id='word_1_185' title='bbox 1033 2165 1141 2245; x_wconf 89' lang='lat' dir='ltr'>docet,</span> <span class='ocrx_word' id='word_1_186' title='bbox 1166 2164 1407 2250; x_wconf 90' lang='lat' dir='ltr'>disperdantur.</span> <span class='ocrx_word' id='word_1_187' title='bbox 1454 2163 1489 2228; x_wconf 84' lang='lat' dir='ltr'>ei</span> <span class='ocrx_word' id='word_1_188' title='bbox 1512 2183 1589 2228; x_wconf 88' lang='lat' dir='ltr'>vero</span> <span class='ocrx_word' id='word_1_189' title='bbox 1614 2160 1770 2225; x_wconf 87' lang='lat' dir='ltr'>nominati</span> <span class='ocrx_word' id='word_1_190' title='bbox 1795 2160 1847 2223; x_wconf 92' lang='lat' dir='ltr'>vel</span> 
     </span>
     <span class='ocr_line' id='line_1_18' title="bbox 228 2261 1848 2356; baseline 0.002 -34"><span class='ocrx_word' id='word_1_191' title='bbox 228 2261 372 2345; x_wconf 85' lang='lat' dir='ltr'>suspecti</span> <span class='ocrx_word' id='word_1_192' title='bbox 401 2269 433 2326; x_wconf 92' lang='lat' dir='ltr'>ct</span> <span class='ocrx_word' id='word_1_193' title='bbox 462 2264 602 2330; x_wconf 91' lang='lat' dir='ltr'>necdum</span> <span class='ocrx_word' id='word_1_194' title='bbox 629 2265 703 2330; x_wconf 87' lang='lat' dir='ltr'>inde</span> <span class='ocrx_word' id='word_1_195' title='bbox 735 2269 937 2355; x_wconf 89' lang='lat' dir='ltr'>comprobati</span> <span class='ocrx_word' id='word_1_196' title='bbox 969 2275 1044 2334; x_wconf 88' lang='lat' dir='ltr'>sunt</span> <span class='ocrx_word' id='word_1_197' title='bbox 1072 2270 1124 2334; x_wconf 92' lang='lat' dir='ltr'>vcl</span> <span class='ocrx_word' id='word_1_198' title='bbox 1154 2291 1213 2356; x_wconf 93' lang='lat' dir='ltr'>per</span> <span class='ocrx_word' id='word_1_199' title='bbox 1245 2274 1347 2334; x_wconf 88' lang='lat' dir='ltr'>testes</span> <span class='ocrx_word' id='word_1_200' title='bbox 1376 2289 1510 2334; x_wconf 88' lang='lat' dir='ltr'>veraces</span> <span class='ocrx_word' id='word_1_201' title='bbox 1540 2266 1615 2330; x_wconf 91' lang='lat' dir='ltr'>inde</span> <span class='ocrx_word' id='word_1_202' title='bbox 1644 2263 1848 2350; x_wconf 90' lang='lat' dir='ltr'>comprobari</span> 
     </span>
     <span class='ocr_line' id='line_1_19' title="bbox 228 2367 1847 2459; baseline 0.002 -33"><span class='ocrx_word' id='word_1_203' title='bbox 228 2385 291 2427; x_wconf 95' lang='lat' dir='ltr'>non</span> <span class='ocrx_word' id='word_1_204' title='bbox 313 2373 464 2449; x_wconf 90' lang='lat' dir='ltr'>possunt,</span> <span class='ocrx_word' id='word_1_205' title='bbox 487 2367 550 2431; x_wconf 92' lang='lat' dir='ltr'>Dei</span> <span class='ocrx_word' id='word_1_206' title='bbox 574 2368 693 2434; x_wconf 91' lang='lat' dir='ltr'>iudicio</span> <span class='ocrx_word' id='word_1_207' title='bbox 723 2372 963 2448; x_wconf 82' lang='lat' dir='ltr'>examinentur3</span> <span class='ocrx_word' id='word_1_208' title='bbox 993 2379 1027 2438; x_wconf 88' lang='lat' dir='ltr'>et</span> <span class='ocrx_word' id='word_1_209' title='bbox 1054 2373 1101 2437; x_wconf 91' lang='lat' dir='ltr'>sic</span> <span class='ocrx_word' id='word_1_210' title='bbox 1130 2394 1188 2459; x_wconf 89' lang='lat' dir='ltr'>per</span> <span class='ocrx_word' id='word_1_211' title='bbox 1216 2371 1297 2437; x_wconf 92' lang='lat' dir='ltr'>illud</span> <span class='ocrx_word' id='word_1_212' title='bbox 1319 2372 1382 2436; x_wconf 89' lang='lat' dir='ltr'>Dei</span> <span class='ocrx_word' id='word_1_213' title='bbox 1409 2370 1562 2436; x_wconf 92' lang='lat' dir='ltr'>iudicium</span> <span class='ocrx_word' id='word_1_214' title='bbox 1586 2376 1641 2434; x_wconf 91' lang='lat' dir='ltr'>aut</span> <span class='ocrx_word' id='word_1_215' title='bbox 1664 2368 1847 2434; x_wconf 87' lang='lat' dir='ltr'>liberentur</span> 
     </span>
     <span class='ocr_line' id='line_1_20' title="bbox 228 2469 1846 2556; baseline 0.002 -26"><span class='ocrx_word' id='word_1_216' title='bbox 228 2475 284 2530; x_wconf 88' lang='lat' dir='ltr'>aut</span> <span class='ocrx_word' id='word_1_217' title='bbox 307 2469 573 2536; x_wconf 88' lang='lat' dir='ltr'>condemnentur.</span> <span class='ocrx_word' id='word_1_218' title='bbox 618 2472 661 2536; x_wconf 84' lang='lat' dir='ltr'>Et</span> <span class='ocrx_word' id='word_1_219' title='bbox 683 2496 748 2538; x_wconf 93' lang='lat' dir='ltr'>non</span> <span class='ocrx_word' id='word_1_220' title='bbox 772 2477 876 2540; x_wconf 91' lang='lat' dir='ltr'>solum</span> <span class='ocrx_word' id='word_1_221' title='bbox 900 2478 983 2542; x_wconf 88' lang='lat' dir='ltr'>tales</span> <span class='ocrx_word' id='word_1_222' title='bbox 1007 2478 1102 2542; x_wconf 92' lang='lat' dir='ltr'>istius</span> <span class='ocrx_word' id='word_1_223' title='bbox 1127 2477 1203 2540; x_wconf 90' lang='lat' dir='ltr'>mali</span> <span class='ocrx_word' id='word_1_224' title='bbox 1227 2484 1389 2556; x_wconf 88' lang='lat' dir='ltr'>auctores,</span> <span class='ocrx_word' id='word_1_225' title='bbox 1413 2474 1472 2540; x_wconf 87' lang='lat' dir='ltr'>sed</span> <span class='ocrx_word' id='word_1_226' title='bbox 1495 2482 1529 2540; x_wconf 88' lang='lat' dir='ltr'>et</span> <span class='ocrx_word' id='word_1_227' title='bbox 1552 2473 1672 2538; x_wconf 87' lang='lat' dir='ltr'>conscii</span> <span class='ocrx_word' id='word_1_228' title='bbox 1696 2493 1734 2535; x_wconf 89' lang='lat' dir='ltr'>ac</span> <span class='ocrx_word' id='word_1_229' title='bbox 1757 2492 1846 2534; x_wconf 92' lang='lat' dir='ltr'>com·</span> 
     </span>
    </p>

    <p class='ocr_par' dir='ltr' id='par_1_7' title="bbox 186 2559 1847 2768">
     <span class='ocr_line' id='line_1_21' title="bbox 186 2559 1847 2667; baseline 0.003 -35"><span class='ocrx_word' id='word_1_230' title='bbox 186 2586 211 2625; x_wconf 67' lang='grc' dir='ltr'>ου</span> <span class='ocrx_word' id='word_1_231' title='bbox 230 2570 330 2655; x_wconf 91' lang='lat' dir='ltr'>pliees</span> <span class='ocrx_word' id='word_1_232' title='bbox 354 2559 492 2656; x_wconf 90' lang='lat' dir='ltr'>illorum,</span> <span class='ocrx_word' id='word_1_233' title='bbox 513 2576 582 2642; x_wconf 86' lang='lat' dir='ltr'>sive</span> <span class='ocrx_word' id='word_1_234' title='bbox 599 2579 824 2658; x_wconf 87' lang='lat' dir='ltr'>masculorum,</span> <span class='ocrx_word' id='word_1_235' title='bbox 848 2581 917 2646; x_wconf 88' lang='lat' dir='ltr'>sive</span> <span class='ocrx_word' id='word_1_236' title='bbox 932 2581 1135 2662; x_wconf 84' lang='lat' dir='ltr'>feminarum,</span> <span class='ocrx_word' id='word_1_237' title='bbox 1160 2579 1398 2667; x_wconf 86' lang='lat' dir='ltr'>disperdantur,</span> <span class='ocrx_word' id='word_1_238' title='bbox 1421 2587 1458 2644; x_wconf 89' lang='lat' dir='ltr'>ut</span> <span class='ocrx_word' id='word_1_239' title='bbox 1480 2600 1545 2644; x_wconf 90' lang='lat' dir='ltr'>una</span> <span class='ocrx_word' id='word_1_240' title='bbox 1559 2598 1632 2642; x_wconf 90' lang='lat' dir='ltr'>cum</span> <span class='ocrx_word' id='word_1_241' title='bbox 1648 2576 1696 2642; x_wconf 88' lang='lat' dir='ltr'>eis</span> <span class='ocrx_word' id='word_1_242' title='bbox 1712 2574 1847 2640; x_wconf 87' lang='lat' dir='ltr'>scientia</span> 
     </span>
     <span class='ocr_line' id='line_1_22' title="bbox 227 2675 863 2768; baseline 0.014 -31"><span class='ocrx_word' id='word_1_243' title='bbox 227 2675 309 2739; x_wconf 88' lang='lat' dir='ltr'>tanti</span> <span class='ocrx_word' id='word_1_244' title='bbox 333 2676 409 2741; x_wconf 91' lang='lat' dir='ltr'>mali</span> <span class='ocrx_word' id='word_1_245' title='bbox 431 2676 472 2741; x_wconf 90' lang='lat' dir='ltr'>de</span> <span class='ocrx_word' id='word_1_246' title='bbox 496 2687 583 2743; x_wconf 89' lang='lat' dir='ltr'>terra</span> <span class='ocrx_word' id='word_1_247' title='bbox 606 2687 716 2746; x_wconf 89' lang='lat' dir='ltr'>nostra</span> <span class='ocrx_word' id='word_1_248' title='bbox 739 2691 863 2768; x_wconf 91' lang='lat' dir='ltr'>pereat.</span> 
     </span>
    </p>

    <p class='ocr_par' dir='ltr' id='par_1_8' title="bbox 227 2781 1847 3082">
     <span class='ocr_line' id='line_1_23' title="bbox 334 2781 1845 2875; baseline 0 -31"><span class='ocrx_word' id='word_1_249' title='bbox 334 2782 364 2844; x_wconf 87' lang='grc'>8.</span> <span class='ocrx_word' id='word_1_250' title='bbox 398 2781 491 2860; x_wconf 86' lang='lat' dir='ltr'>Quia,</span> <span class='ocrx_word' id='word_1_251' title='bbox 515 2785 599 2849; x_wconf 88' lang='lat' dir='ltr'>sieut</span> <span class='ocrx_word' id='word_1_252' title='bbox 621 2793 654 2850; x_wconf 94' lang='lat' dir='ltr'>ct</span> <span class='ocrx_word' id='word_1_253' title='bbox 676 2808 733 2872; x_wconf 90' lang='lat' dir='ltr'>per</span> <span class='ocrx_word' id='word_1_254' title='bbox 748 2788 923 2873; x_wconf 87' lang='lat' dir='ltr'>scripturas</span> <span class='ocrx_word' id='word_1_255' title='bbox 948 2795 981 2854; x_wconf 90' lang='lat' dir='ltr'>et</span> <span class='ocrx_word' id='word_1_256' title='bbox 1004 2809 1063 2875; x_wconf 90' lang='lat' dir='ltr'>per</span> <span class='ocrx_word' id='word_1_257' title='bbox 1079 2789 1308 2854; x_wconf 89' lang='lat' dir='ltr'>auctoritatam</span> <span class='ocrx_word' id='word_1_258' title='bbox 1332 2795 1365 2853; x_wconf 90' lang='lat' dir='ltr'>et</span> <span class='ocrx_word' id='word_1_259' title='bbox 1389 2808 1448 2874; x_wconf 89' lang='lat' dir='ltr'>per</span> <span class='ocrx_word' id='word_1_260' title='bbox 1462 2786 1620 2850; x_wconf 89' lang='lat' dir='ltr'>rationem</span> <span class='ocrx_word' id='word_1_261' title='bbox 1636 2783 1845 2848; x_wconf 78' lang='lat' dir='ltr'>manifestum</span> 
     </span>
     <span class='ocr_line' id='line_1_24' title="bbox 228 2877 1845 2977; baseline 0 -29"><span class='ocrx_word' id='word_1_262' title='bbox 228 2889 287 2964; x_wconf 88' lang='lat' dir='ltr'>cst,</span> <span class='ocrx_word' id='word_1_263' title='bbox 312 2877 421 2949; x_wconf 54' lang='lat' dir='ltr'>‘duell</span> <span class='ocrx_word' id='word_1_264' title='bbox 444 2895 529 2966; x_wconf 86' lang='lat' dir='ltr'>sunt,</span> <span class='ocrx_word' id='word_1_265' title='bbox 553 2889 671 2974; x_wconf 90' lang='lat' dir='ltr'>quibus</span> <span class='ocrx_word' id='word_1_266' title='bbox 695 2891 917 2977; x_wconf 90' lang='lat' dir='ltr'>principaliter</span> <span class='ocrx_word' id='word_1_267' title='bbox 932 2893 1072 2957; x_wconf 87' lang='lat' dir='ltr'>mundus</span> <span class='ocrx_word' id='word_1_268' title='bbox 1096 2893 1148 2958; x_wconf 92' lang='lat' dir='ltr'>hic</span> <span class='ocrx_word' id='word_1_269' title='bbox 1165 2894 1298 2977; x_wconf 82' lang='lat' dir='ltr'>regitur,</span> <span class='ocrx_word' id='word_1_270' title='bbox 1324 2893 1416 2976; x_wconf 85' lang='lat' dir='ltr'>rogia</span> <span class='ocrx_word' id='word_1_271' title='bbox 1432 2896 1577 2976; x_wconf 90' lang='lat' dir='ltr'>potestas</span> <span class='ocrx_word' id='word_1_272' title='bbox 1599 2895 1632 2952; x_wconf 92' lang='lat' dir='ltr'>et</span> <span class='ocrx_word' id='word_1_273' title='bbox 1652 2885 1845 2974; x_wconf 85' lang='lat' dir='ltr'>pontificalis</span> 
     </span>
     <span class='ocr_line' id='line_1_25' title="bbox 227 2986 1847 3082; baseline 0.001 -32"><span class='ocrx_word' id='word_1_274' title='bbox 227 2986 423 3064; x_wconf 80' lang='lat' dir='ltr'>auctoritas’,</span> <span class='ocrx_word' id='word_1_275' title='bbox 448 2997 481 3055; x_wconf 92' lang='lat' dir='ltr'>et</span> <span class='ocrx_word' id='word_1_276' title='bbox 504 2993 536 3055; x_wconf 92' lang='lat' dir='ltr'>iu</span> <span class='ocrx_word' id='word_1_277' title='bbox 559 2991 641 3056; x_wconf 88' lang='lat' dir='ltr'>libro</span> <span class='ocrx_word' id='word_1_278' title='bbox 666 2995 882 3079; x_wconf 91' lang='lat' dir='ltr'>capitulorum</span> <span class='ocrx_word' id='word_1_279' title='bbox 905 2997 958 3059; x_wconf 90' lang='lat' dir='ltr'>avi</span> <span class='ocrx_word' id='word_1_280' title='bbox 982 3002 1015 3060; x_wconf 91' lang='lat' dir='ltr'>et</span> <span class='ocrx_word' id='word_1_281' title='bbox 1038 2997 1141 3082; x_wconf 88' lang='lat' dir='ltr'>patris</span> <span class='ocrx_word' id='word_1_282' title='bbox 1164 2998 1266 3061; x_wconf 87' lang='lat' dir='ltr'>nostri</span> <span class='ocrx_word' id='word_1_283' title='bbox 1289 2997 1462 3060; x_wconf 88' lang='lat' dir='ltr'>coniuncte</span> <span class='ocrx_word' id='word_1_284' title='bbox 1491 2994 1635 3080; x_wconf 92' lang='lat' dir='ltr'>ponitur,</span> <span class='ocrx_word' id='word_1_285' title='bbox 1669 2998 1706 3055; x_wconf 92' lang='lat' dir='ltr'>ut</span> <span class='ocrx_word' id='word_1_286' title='bbox 1737 3012 1789 3056; x_wconf 89' lang='lat' dir='ltr'>res</span> <span class='ocrx_word' id='word_1_287' title='bbox 1813 2995 1847 3052; x_wconf 90' lang='lat' dir='ltr'>et</span> 
     </span>
    </p>

    <p class='ocr_par' dir='ltr' id='par_1_9' title="bbox 182 3089 1870 4953">
     <span class='ocr_line' id='line_1_26' title="bbox 182 3089 1843 3180; baseline 0.002 -27"><span class='ocrx_word' id='word_1_288' title='bbox 182 3113 207 3154; x_wconf 77' lang='lat' dir='ltr'>es</span> <span class='ocrx_word' id='word_1_289' title='bbox 226 3093 387 3177; x_wconf 86' lang='lat' dir='ltr'>mancipia</span> <span class='ocrx_word' id='word_1_290' title='bbox 410 3094 620 3160; x_wconf 88' lang='lat' dir='ltr'>ecclesiarum</span> <span class='ocrx_word' id='word_1_291' title='bbox 651 3089 736 3162; x_wconf 63' lang='grc' dir='ltr'>ίοο’”’“</span> <span class='ocrx_word' id='word_1_292' title='bbox 760 3098 853 3164; x_wconf 90' lang='lat' dir='ltr'>modo</span> <span class='ocrx_word' id='word_1_293' title='bbox 876 3100 1117 3178; x_wconf 85' lang='lat' dir='ltr'>contineantur,</span> <span class='ocrx_word' id='word_1_294' title='bbox 1145 3100 1228 3164; x_wconf 88' lang='lat' dir='ltr'>sicut</span> <span class='ocrx_word' id='word_1_295' title='bbox 1256 3121 1309 3164; x_wconf 88' lang='lat' dir='ltr'>res</span> <span class='ocrx_word' id='word_1_296' title='bbox 1340 3098 1380 3164; x_wconf 89' lang='lat' dir='ltr'>ad</span> <span class='ocrx_word' id='word_1_297' title='bbox 1407 3099 1521 3163; x_wconf 87' lang='lat' dir='ltr'>fiscum</span> <span class='ocrx_word' id='word_1_298' title='bbox 1550 3096 1745 3162; x_wconf 89' lang='lat' dir='ltr'>dominicum</span> <span class='ocrx_word' id='word_1_299' title='bbox 1769 3115 1843 3180; x_wconf 89' lang='lat' dir='ltr'>per-</span> 
     </span>
     <span class='ocr_line' id='line_1_27' title="bbox 225 3194 1846 3310; baseline 0.004 -53"><span class='ocrx_word' id='word_1_300' title='bbox 225 3194 366 3259; x_wconf 89' lang='lat' dir='ltr'>tinentes</span> <span class='ocrx_word' id='word_1_301' title='bbox 390 3198 549 3264; x_wconf 89' lang='lat' dir='ltr'>contineri</span> <span class='ocrx_word' id='word_1_302' title='bbox 572 3199 697 3281; x_wconf 74' lang='lat' dir='ltr'>solent&#39;,</span> <span class='ocrx_word' id='word_1_303' title='bbox 721 3202 805 3267; x_wconf 89' lang='lat' dir='ltr'>iuste</span> <span class='ocrx_word' id='word_1_304' title='bbox 829 3209 861 3267; x_wconf 89' lang='lat' dir='ltr'>et</span> <span class='ocrx_word' id='word_1_305' title='bbox 884 3203 1121 3269; x_wconf 86' lang='lat' dir='ltr'>rationabiliter</span> <span class='ocrx_word' id='word_1_306' title='bbox 1142 3203 1182 3268; x_wconf 89' lang='lat' dir='ltr'>de</span> <span class='ocrx_word' id='word_1_307' title='bbox 1206 3203 1306 3268; x_wconf 88' lang='lat' dir='ltr'>rebus</span> <span class='ocrx_word' id='word_1_308' title='bbox 1329 3210 1362 3267; x_wconf 89' lang='lat' dir='ltr'>et</span> <span class='ocrx_word' id='word_1_309' title='bbox 1386 3202 1566 3288; x_wconf 87' lang='lat' dir='ltr'>mancipiis,</span> <span class='ocrx_word' id='word_1_310' title='bbox 1591 3220 1675 3286; x_wconf 87' lang='lat' dir='ltr'>quae</span> <span class='ocrx_word' id='word_1_311' title='bbox 1699 3199 1731 3263; x_wconf 93' lang='lat' dir='ltr'>in</span> <span class='ocrx_word' id='word_1_312' title='bbox 1756 3199 1846 3310; x_wconf 63' lang='lat' dir='ltr'>regia</span> 
     </span>
     <span class='ocr_line' id='line_1_28' title="bbox 226 3294 1846 3386; baseline 0.002 -25"><span class='ocrx_word' id='word_1_313' title='bbox 226 3305 260 3362; x_wconf 86' lang='lat' dir='ltr'>ct</span> <span class='ocrx_word' id='word_1_314' title='bbox 281 3298 314 3361; x_wconf 92' lang='lat' dir='ltr'>iu</span> <span class='ocrx_word' id='word_1_315' title='bbox 337 3301 559 3368; x_wconf 88' lang='lat' dir='ltr'>ecclesiastica</span> <span class='ocrx_word' id='word_1_316' title='bbox 586 3306 745 3370; x_wconf 82' lang='lat' dir='ltr'>vestitura</span> <span class='ocrx_word' id='word_1_317' title='bbox 774 3306 921 3386; x_wconf 83' lang='lat' dir='ltr'>fuerunt,</span> <span class='ocrx_word' id='word_1_318' title='bbox 950 3308 1154 3374; x_wconf 85' lang='lat' dir='ltr'>uniformiter</span> <span class='ocrx_word' id='word_1_319' title='bbox 1183 3314 1216 3372; x_wconf 91' lang='lat' dir='ltr'>et</span> <span class='ocrx_word' id='word_1_320' title='bbox 1247 3329 1311 3372; x_wconf 92' lang='lat' dir='ltr'>uno</span> <span class='ocrx_word' id='word_1_321' title='bbox 1340 3305 1435 3372; x_wconf 91' lang='lat' dir='ltr'>modo</span> <span class='ocrx_word' id='word_1_322' title='bbox 1464 3304 1640 3370; x_wconf 89' lang='lat' dir='ltr'>tenendum</span> <span class='ocrx_word' id='word_1_323' title='bbox 1669 3311 1733 3369; x_wconf 89' lang='lat' dir='ltr'>est:</span> <span class='ocrx_word' id='word_1_324' title='bbox 1765 3294 1846 3380; x_wconf 74' lang='lat' dir='ltr'>ut²⁴,</span> 
     </span>
     <span class='ocr_line' id='line_1_29' title="bbox 226 3403 1847 3497; baseline 0.002 -32"><span class='ocrx_word' id='word_1_325' title='bbox 226 3403 326 3484; x_wconf 85' lang='lat' dir='ltr'>sieut,</span> <span class='ocrx_word' id='word_1_326' title='bbox 350 3425 574 3493; x_wconf 89' lang='lat' dir='ltr'>quaecumque</span> <span class='ocrx_word' id='word_1_327' title='bbox 599 3431 650 3474; x_wconf 89' lang='lat' dir='ltr'>ros</span> <span class='ocrx_word' id='word_1_328' title='bbox 675 3417 708 3475; x_wconf 90' lang='lat' dir='ltr'>et</span> <span class='ocrx_word' id='word_1_329' title='bbox 730 3411 893 3497; x_wconf 89' lang='lat' dir='ltr'>mancipia</span> <span class='ocrx_word' id='word_1_330' title='bbox 916 3412 947 3476; x_wconf 93' lang='lat' dir='ltr'>in</span> <span class='ocrx_word' id='word_1_331' title='bbox 971 3413 1062 3497; x_wconf 85' lang='lat' dir='ltr'>regia</span> <span class='ocrx_word' id='word_1_332' title='bbox 1084 3413 1241 3478; x_wconf 88' lang='lat' dir='ltr'>vestitura</span> <span class='ocrx_word' id='word_1_333' title='bbox 1269 3412 1320 3476; x_wconf 89' lang='lat' dir='ltr'>avi</span> <span class='ocrx_word' id='word_1_334' title='bbox 1350 3417 1383 3476; x_wconf 89' lang='lat' dir='ltr'>et</span> <span class='ocrx_word' id='word_1_335' title='bbox 1411 3410 1514 3497; x_wconf 89' lang='lat' dir='ltr'>patris</span> <span class='ocrx_word' id='word_1_336' title='bbox 1547 3409 1649 3474; x_wconf 86' lang='lat' dir='ltr'>nostri</span> <span class='ocrx_word' id='word_1_337' title='bbox 1679 3412 1713 3473; x_wconf 89' lang='lat' dir='ltr'>et</span> <span class='ocrx_word' id='word_1_338' title='bbox 1735 3412 1847 3471; x_wconf 89' lang='lat' dir='ltr'>nostra</span> 
     </span>
     <span class='ocr_line' id='line_1_30' title="bbox 226 3507 1847 3603; baseline 0.002 -33"><span class='ocrx_word' id='word_1_339' title='bbox 226 3507 356 3572; x_wconf 86' lang='lat' dir='ltr'>fuerunt</span> <span class='ocrx_word' id='word_1_340' title='bbox 379 3515 411 3573; x_wconf 91' lang='lat' dir='ltr'>et</span> <span class='ocrx_word' id='word_1_341' title='bbox 434 3531 519 3574; x_wconf 91' lang='lat' dir='ltr'>nunc</span> <span class='ocrx_word' id='word_1_342' title='bbox 542 3512 583 3577; x_wconf 90' lang='lat' dir='ltr'>ab</span> <span class='ocrx_word' id='word_1_343' title='bbox 607 3514 678 3578; x_wconf 87' lang='lat' dir='ltr'>aliis</span> <span class='ocrx_word' id='word_1_344' title='bbox 702 3514 900 3596; x_wconf 88' lang='lat' dir='ltr'>detineatur,</span> <span class='ocrx_word' id='word_1_345' title='bbox 924 3516 1180 3596; x_wconf 77' lang='lat' dir='ltr'>demonstretur,</span> <span class='ocrx_word' id='word_1_346' title='bbox 1207 3517 1349 3603; x_wconf 89' lang='lat' dir='ltr'>qualiter</span> <span class='ocrx_word' id='word_1_347' title='bbox 1379 3514 1419 3580; x_wconf 92' lang='lat' dir='ltr'>de</span> <span class='ocrx_word' id='word_1_348' title='bbox 1443 3515 1533 3599; x_wconf 81' lang='lat' dir='ltr'>regia</span> <span class='ocrx_word' id='word_1_349' title='bbox 1557 3514 1715 3579; x_wconf 87' lang='lat' dir='ltr'>vestitura</span> <span class='ocrx_word' id='word_1_350' title='bbox 1738 3513 1790 3575; x_wconf 91' lang='lat' dir='ltr'>avi</span> <span class='ocrx_word' id='word_1_351' title='bbox 1814 3517 1847 3577; x_wconf 90' lang='lat' dir='ltr'>et</span> 
     </span>
     <span class='ocr_line' id='line_1_31' title="bbox 182 3613 1847 3709; baseline 0.003 -35"><span class='ocrx_word' id='word_1_352' title='bbox 182 3629 208 3668; x_wconf 76' lang='lat' dir='ltr'>ro</span> <span class='ocrx_word' id='word_1_353' title='bbox 227 3613 326 3696; x_wconf 86' lang='lat' dir='ltr'>patris</span> <span class='ocrx_word' id='word_1_354' title='bbox 351 3615 451 3677; x_wconf 86' lang='lat' dir='ltr'>nostri</span> <span class='ocrx_word' id='word_1_355' title='bbox 475 3621 507 3680; x_wconf 88' lang='lat' dir='ltr'>et</span> <span class='ocrx_word' id='word_1_356' title='bbox 530 3624 642 3683; x_wconf 87' lang='lat' dir='ltr'>nostre</span> <span class='ocrx_word' id='word_1_357' title='bbox 659 3620 820 3700; x_wconf 83' lang='lat' dir='ltr'>exierunt,</span> <span class='ocrx_word' id='word_1_358' title='bbox 844 3623 920 3706; x_wconf 90' lang='lat' dir='ltr'>quia</span> <span class='ocrx_word' id='word_1_359' title='bbox 943 3621 1053 3708; x_wconf 88' lang='lat' dir='ltr'>plures</span> <span class='ocrx_word' id='word_1_360' title='bbox 1068 3621 1144 3688; x_wconf 89' lang='lat' dir='ltr'>inda</span> <span class='ocrx_word' id='word_1_361' title='bbox 1161 3644 1220 3709; x_wconf 89' lang='lat' dir='ltr'>per</span> <span class='ocrx_word' id='word_1_362' title='bbox 1235 3619 1440 3687; x_wconf 87' lang='lat' dir='ltr'>mendacium</span> <span class='ocrx_word' id='word_1_363' title='bbox 1457 3615 1618 3705; x_wconf 90' lang='lat' dir='ltr'>quaedam</span> <span class='ocrx_word' id='word_1_364' title='bbox 1637 3616 1847 3682; x_wconf 88' lang='lat' dir='ltr'>obtinuerunt</span> 
     </span>
     <span class='ocr_line' id='line_1_32' title="bbox 227 3715 1848 3810; baseline 0.003 -31"><span class='ocrx_word' id='word_1_365' title='bbox 227 3721 260 3779; x_wconf 94' lang='lat' dir='ltr'>et</span> <span class='ocrx_word' id='word_1_366' title='bbox 283 3715 413 3800; x_wconf 89' lang='lat' dir='ltr'>quidam</span> <span class='ocrx_word' id='word_1_367' title='bbox 437 3719 530 3804; x_wconf 90' lang='lat' dir='ltr'>plura</span> <span class='ocrx_word' id='word_1_368' title='bbox 553 3742 612 3806; x_wconf 91' lang='lat' dir='ltr'>per</span> <span class='ocrx_word' id='word_1_369' title='bbox 634 3723 779 3788; x_wconf 84' lang='lat' dir='ltr'>fraudem</span> <span class='ocrx_word' id='word_1_370' title='bbox 804 3724 962 3804; x_wconf 88' lang='lat' dir='ltr'>obtinent,</span> <span class='ocrx_word' id='word_1_371' title='bbox 986 3727 1030 3790; x_wconf 85' lang='lat' dir='ltr'>ita</span> <span class='ocrx_word' id='word_1_372' title='bbox 1054 3733 1087 3792; x_wconf 91' lang='lat' dir='ltr'>et</span> <span class='ocrx_word' id='word_1_373' title='bbox 1110 3725 1274 3804; x_wconf 88' lang='lat' dir='ltr'>derebus,</span> <span class='ocrx_word' id='word_1_374' title='bbox 1299 3745 1383 3810; x_wconf 86' lang='lat' dir='ltr'>quac</span> <span class='ocrx_word' id='word_1_375' title='bbox 1406 3723 1440 3786; x_wconf 92' lang='lat' dir='ltr'>in</span> <span class='ocrx_word' id='word_1_376' title='bbox 1457 3722 1671 3788; x_wconf 89' lang='lat' dir='ltr'>ecclesiarum</span> <span class='ocrx_word' id='word_1_377' title='bbox 1690 3721 1848 3784; x_wconf 77' lang='lat' dir='ltr'>vestitura</span> 
     </span>
     <span class='ocr_line' id='line_1_33' title="bbox 226 3819 1845 3915; baseline 0.003 -33"><span class='ocrx_word' id='word_1_378' title='bbox 226 3819 365 3898; x_wconf 85' lang='lat' dir='ltr'>fuerunt,</span> <span class='ocrx_word' id='word_1_379' title='bbox 390 3819 476 3887; x_wconf 90' lang='lat' dir='ltr'>unde</span> <span class='ocrx_word' id='word_1_380' title='bbox 493 3826 640 3908; x_wconf 86' lang='lat' dir='ltr'>quaestio</span> <span class='ocrx_word' id='word_1_381' title='bbox 665 3826 773 3906; x_wconf 86' lang='lat' dir='ltr'>fuerit,</span> <span class='ocrx_word' id='word_1_382' title='bbox 796 3826 1047 3908; x_wconf 82' lang='lat' dir='ltr'>demonstretur,</span> <span class='ocrx_word' id='word_1_383' title='bbox 1071 3850 1135 3915; x_wconf 92' lang='lat' dir='ltr'>qua</span> <span class='ocrx_word' id='word_1_384' title='bbox 1150 3829 1345 3895; x_wconf 88' lang='lat' dir='ltr'>auctoritate</span> <span class='ocrx_word' id='word_1_385' title='bbox 1369 3828 1400 3891; x_wconf 94' lang='lat' dir='ltr'>in</span> <span class='ocrx_word' id='word_1_386' title='bbox 1416 3826 1649 3912; x_wconf 86' lang='lat' dir='ltr'>proprietatem</span> <span class='ocrx_word' id='word_1_387' title='bbox 1676 3846 1732 3890; x_wconf 87' lang='lat' dir='ltr'>eas</span> <span class='ocrx_word' id='word_1_388' title='bbox 1756 3826 1845 3909; x_wconf 90' lang='lat' dir='ltr'>quis-</span> 
     </span>
     <span class='ocr_line' id='line_1_34' title="bbox 226 3924 1846 4018; baseline 0.004 -33"><span class='ocrx_word' id='word_1_389' title='bbox 226 3942 289 4006; x_wconf 88' lang='lat' dir='ltr'>que</span> <span class='ocrx_word' id='word_1_390' title='bbox 313 3924 489 3990; x_wconf 88' lang='lat' dir='ltr'>obtineant.</span> <span class='ocrx_word' id='word_1_391' title='bbox 534 3926 577 3992; x_wconf 79' lang='lat' dir='ltr'>ut</span> <span class='ocrx_word' id='word_1_392' title='bbox 600 3930 749 4014; x_wconf 89' lang='lat' dir='ltr'>quoniam</span> <span class='ocrx_word' id='word_1_393' title='bbox 773 3930 902 4016; x_wconf 88' lang='lat' dir='ltr'>quidam</span> <span class='ocrx_word' id='word_1_394' title='bbox 932 3954 994 3996; x_wconf 93' lang='lat' dir='ltr'>non</span> <span class='ocrx_word' id='word_1_395' title='bbox 1025 3932 1265 4013; x_wconf 90' lang='lat' dir='ltr'>contradicunt,</span> <span class='ocrx_word' id='word_1_396' title='bbox 1296 3929 1382 4018; x_wconf 92' lang='lat' dir='ltr'>quod</span> <span class='ocrx_word' id='word_1_397' title='bbox 1411 3952 1463 3994; x_wconf 88' lang='lat' dir='ltr'>res</span> <span class='ocrx_word' id='word_1_398' title='bbox 1496 3936 1529 3994; x_wconf 91' lang='lat' dir='ltr'>et</span> <span class='ocrx_word' id='word_1_399' title='bbox 1556 3929 1732 4014; x_wconf 91' lang='lat' dir='ltr'>mancipia,</span> <span class='ocrx_word' id='word_1_400' title='bbox 1762 3949 1846 4013; x_wconf 89' lang='lat' dir='ltr'>quac</span> 
     </span>
     <span class='ocr_line' id='line_1_35' title="bbox 227 4029 1870 4124; baseline 0.004 -35"><span class='ocrx_word' id='word_1_401' title='bbox 227 4032 352 4104; x_wconf 88' lang='lat' dir='ltr'>tenent,</span> <span class='ocrx_word' id='word_1_402' title='bbox 387 4029 419 4092; x_wconf 93' lang='lat' dir='ltr'>in</span> <span class='ocrx_word' id='word_1_403' title='bbox 453 4031 611 4096; x_wconf 88' lang='lat' dir='ltr'>vestitura</span> <span class='ocrx_word' id='word_1_404' title='bbox 644 4040 753 4098; x_wconf 84' lang='lat' dir='ltr'>nostra</span> <span class='ocrx_word' id='word_1_405' title='bbox 781 4035 831 4098; x_wconf 88' lang='lat' dir='ltr'>vel</span> <span class='ocrx_word' id='word_1_406' title='bbox 859 4042 1105 4102; x_wconf 84' lang='lat' dir='ltr'>antecessorum</span> <span class='ocrx_word' id='word_1_407' title='bbox 1132 4043 1315 4101; x_wconf 88' lang='lat' dir='ltr'>nostrorum</span> <span class='ocrx_word' id='word_1_408' title='bbox 1350 4035 1418 4100; x_wconf 89' lang='lat' dir='ltr'>sive</span> <span class='ocrx_word' id='word_1_409' title='bbox 1447 4033 1659 4100; x_wconf 86' lang='lat' dir='ltr'>ecelesiarum</span> <span class='ocrx_word' id='word_1_410' title='bbox 1690 4032 1754 4098; x_wconf 87' lang='lat' dir='ltr'>Dei</span> <span class='ocrx_word' id='word_1_411' title='bbox 1782 4053 1870 4124; x_wconf 87' lang='lat' dir='ltr'>non</span> 
     </span>
     <span class='ocr_line' id='line_1_36' title="bbox 183 4129 1847 4218; baseline 0.005 -26"><span class='ocrx_word' id='word_1_412' title='bbox 183 4155 208 4194; x_wconf 75' lang='lat' dir='ltr'>rs</span> <span class='ocrx_word' id='word_1_413' title='bbox 227 4129 375 4210; x_wconf 87' lang='lat' dir='ltr'>luissent,</span> <span class='ocrx_word' id='word_1_414' title='bbox 400 4132 457 4197; x_wconf 88' lang='lat' dir='ltr'>sed</span> <span class='ocrx_word' id='word_1_415' title='bbox 482 4141 591 4218; x_wconf 86' lang='lat' dir='ltr'>patres</span> <span class='ocrx_word' id='word_1_416' title='bbox 616 4136 743 4202; x_wconf 87' lang='lat' dir='ltr'>illorum</span> <span class='ocrx_word' id='word_1_417' title='bbox 765 4140 942 4205; x_wconf 89' lang='lat' dir='ltr'>morientes</span> <span class='ocrx_word' id='word_1_418' title='bbox 965 4140 1012 4206; x_wconf 89' lang='lat' dir='ltr'>eis</span> <span class='ocrx_word' id='word_1_419' title='bbox 1035 4142 1067 4205; x_wconf 94' lang='lat' dir='ltr'>in</span> <span class='ocrx_word' id='word_1_420' title='bbox 1091 4139 1307 4206; x_wconf 88' lang='lat' dir='ltr'>hereditatem</span> <span class='ocrx_word' id='word_1_421' title='bbox 1325 4139 1525 4218; x_wconf 86' lang='lat' dir='ltr'>dimiserunt,</span> <span class='ocrx_word' id='word_1_422' title='bbox 1548 4137 1622 4202; x_wconf 90' lang='lat' dir='ltr'>ideo</span> <span class='ocrx_word' id='word_1_423' title='bbox 1646 4159 1710 4202; x_wconf 92' lang='lat' dir='ltr'>non</span> <span class='ocrx_word' id='word_1_424' title='bbox 1734 4137 1847 4200; x_wconf 93' lang='lat' dir='ltr'>volunt</span> 
     </span>
     <span class='ocr_line' id='line_1_37' title="bbox 226 4232 1845 4329; baseline 0.004 -32"><span class='ocrx_word' id='word_1_425' title='bbox 226 4232 301 4299; x_wconf 90' lang='lat' dir='ltr'>inde</span> <span class='ocrx_word' id='word_1_426' title='bbox 325 4235 423 4300; x_wconf 91' lang='lat' dir='ltr'>ullam</span> <span class='ocrx_word' id='word_1_427' title='bbox 447 4239 673 4305; x_wconf 88' lang='lat' dir='ltr'>auctoritatem</span> <span class='ocrx_word' id='word_1_428' title='bbox 697 4242 879 4323; x_wconf 88' lang='lat' dir='ltr'>ostendere,</span> <span class='ocrx_word' id='word_1_429' title='bbox 904 4244 962 4310; x_wconf 88' lang='lat' dir='ltr'>sed</span> <span class='ocrx_word' id='word_1_430' title='bbox 978 4267 1067 4310; x_wconf 88' lang='lat' dir='ltr'>suam</span> <span class='ocrx_word' id='word_1_431' title='bbox 1084 4243 1299 4310; x_wconf 88' lang='lat' dir='ltr'>hereditatem</span> <span class='ocrx_word' id='word_1_432' title='bbox 1316 4243 1470 4329; x_wconf 86' lang='lat' dir='ltr'>probare:</span> <span class='ocrx_word' id='word_1_433' title='bbox 1494 4249 1607 4307; x_wconf 91' lang='lat' dir='ltr'>eontra</span> <span class='ocrx_word' id='word_1_434' title='bbox 1629 4242 1701 4306; x_wconf 87' lang='lat' dir='ltr'>illos</span> <span class='ocrx_word' id='word_1_435' title='bbox 1717 4241 1845 4316; x_wconf 89' lang='lat' dir='ltr'>dicitur,</span> 
     </span>
     <span class='ocr_line' id='line_1_38' title="bbox 227 4338 1846 4432; baseline 0.004 -31"><span class='ocrx_word' id='word_1_436' title='bbox 227 4338 303 4422; x_wconf 91' lang='lat' dir='ltr'>quia</span> <span class='ocrx_word' id='word_1_437' title='bbox 326 4346 436 4423; x_wconf 86' lang='lat' dir='ltr'>potest</span> <span class='ocrx_word' id='word_1_438' title='bbox 459 4341 546 4420; x_wconf 88' lang='lat' dir='ltr'>fieri,</span> <span class='ocrx_word' id='word_1_439' title='bbox 577 4351 613 4408; x_wconf 90' lang='lat' dir='ltr'>ut</span> <span class='ocrx_word' id='word_1_440' title='bbox 639 4345 756 4431; x_wconf 89' lang='lat' dir='ltr'>aliquis</span> <span class='ocrx_word' id='word_1_441' title='bbox 783 4345 825 4411; x_wconf 90' lang='lat' dir='ltr'>de</span> <span class='ocrx_word' id='word_1_442' title='bbox 848 4348 926 4412; x_wconf 89' lang='lat' dir='ltr'>fiseo</span> <span class='ocrx_word' id='word_1_443' title='bbox 951 4348 1040 4432; x_wconf 83' lang='lat' dir='ltr'>regio</span> <span class='ocrx_word' id='word_1_444' title='bbox 1064 4348 1115 4411; x_wconf 89' lang='lat' dir='ltr'>vel</span> <span class='ocrx_word' id='word_1_445' title='bbox 1138 4346 1179 4412; x_wconf 89' lang='lat' dir='ltr'>de</span> <span class='ocrx_word' id='word_1_446' title='bbox 1204 4347 1300 4413; x_wconf 88' lang='lat' dir='ltr'>rebus</span> <span class='ocrx_word' id='word_1_447' title='bbox 1325 4347 1486 4412; x_wconf 88' lang='lat' dir='ltr'>ecelesiae</span> <span class='ocrx_word' id='word_1_448' title='bbox 1511 4345 1634 4432; x_wconf 88' lang='lat' dir='ltr'>aliquid</span> <span class='ocrx_word' id='word_1_449' title='bbox 1657 4344 1846 4431; x_wconf 87' lang='lat' dir='ltr'>proprindat</span> 
     </span>
     <span class='ocr_line' id='line_1_39' title="bbox 227 4443 1845 4528; baseline 0.005 -23"><span class='ocrx_word' id='word_1_450' title='bbox 227 4449 283 4506; x_wconf 87' lang='lat' dir='ltr'>aut</span> <span class='ocrx_word' id='word_1_451' title='bbox 307 4463 364 4528; x_wconf 92' lang='lat' dir='ltr'>per</span> <span class='ocrx_word' id='word_1_452' title='bbox 387 4443 535 4509; x_wconf 83' lang='lat' dir='ltr'>fraudem</span> <span class='ocrx_word' id='word_1_453' title='bbox 559 4447 705 4513; x_wconf 89' lang='lat' dir='ltr'>obtineat</span> <span class='ocrx_word' id='word_1_454' title='bbox 727 4455 760 4514; x_wconf 91' lang='lat' dir='ltr'>ct</span> <span class='ocrx_word' id='word_1_455' title='bbox 782 4457 910 4514; x_wconf 88' lang='lat' dir='ltr'>mortuo</span> <span class='ocrx_word' id='word_1_456' title='bbox 934 4451 989 4515; x_wconf 92' lang='lat' dir='ltr'>illo</span> <span class='ocrx_word' id='word_1_457' title='bbox 1012 4451 1096 4515; x_wconf 89' lang='lat' dir='ltr'>filius</span> <span class='ocrx_word' id='word_1_458' title='bbox 1121 4451 1204 4516; x_wconf 81' lang='lat' dir='ltr'>eiusi</span> <span class='ocrx_word' id='word_1_459' title='bbox 1228 4458 1284 4516; x_wconf 90' lang='lat' dir='ltr'>aut</span> <span class='ocrx_word' id='word_1_460' title='bbox 1307 4452 1373 4516; x_wconf 86' lang='lat' dir='ltr'>filia</span> <span class='ocrx_word' id='word_1_461' title='bbox 1396 4450 1469 4515; x_wconf 88' lang='lat' dir='ltr'>illas</span> <span class='ocrx_word' id='word_1_462' title='bbox 1495 4471 1547 4514; x_wconf 88' lang='lat' dir='ltr'>res</span> <span class='ocrx_word' id='word_1_463' title='bbox 1564 4456 1677 4514; x_wconf 88' lang='lat' dir='ltr'>tenere</span> <span class='ocrx_word' id='word_1_464' title='bbox 1701 4450 1733 4513; x_wconf 94' lang='lat' dir='ltr'>in</span> <span class='ocrx_word' id='word_1_465' title='bbox 1749 4449 1845 4514; x_wconf 86' lang='lat' dir='ltr'>hore-</span> 
     </span>
     <span class='ocr_line' id='line_1_40' title="bbox 227 4544 1845 4640; baseline 0.006 -32"><span class='ocrx_word' id='word_1_466' title='bbox 227 4544 360 4611; x_wconf 87' lang='lat' dir='ltr'>ditatem</span> <span class='ocrx_word' id='word_1_467' title='bbox 393 4548 479 4612; x_wconf 88' lang='lat' dir='ltr'>velit.</span> <span class='ocrx_word' id='word_1_468' title='bbox 537 4549 716 4636; x_wconf 88' lang='lat' dir='ltr'>Propterea</span> <span class='ocrx_word' id='word_1_469' title='bbox 743 4574 802 4637; x_wconf 92' lang='lat' dir='ltr'>per</span> <span class='ocrx_word' id='word_1_470' title='bbox 831 4554 974 4638; x_wconf 86' lang='lat' dir='ltr'>capitula</span> <span class='ocrx_word' id='word_1_471' title='bbox 1006 4554 1058 4618; x_wconf 91' lang='lat' dir='ltr'>avi</span> <span class='ocrx_word' id='word_1_472' title='bbox 1091 4561 1124 4620; x_wconf 88' lang='lat' dir='ltr'>ct</span> <span class='ocrx_word' id='word_1_473' title='bbox 1151 4555 1252 4640; x_wconf 90' lang='lat' dir='ltr'>patris</span> <span class='ocrx_word' id='word_1_474' title='bbox 1280 4555 1396 4636; x_wconf 86' lang='lat' dir='ltr'>nostri,</span> <span class='ocrx_word' id='word_1_475' title='bbox 1432 4575 1515 4640; x_wconf 90' lang='lat' dir='ltr'>quae</span> <span class='ocrx_word' id='word_1_476' title='bbox 1545 4553 1661 4618; x_wconf 84' lang='lat' dir='ltr'>Franci</span> <span class='ocrx_word' id='word_1_477' title='bbox 1691 4575 1748 4638; x_wconf 93' lang='lat' dir='ltr'>pro</span> <span class='ocrx_word' id='word_1_478' title='bbox 1771 4554 1845 4636; x_wconf 85' lang='lat' dir='ltr'>lege</span> 
     </span>
     <span class='ocr_line' id='line_1_41' title="bbox 183 4647 1845 4746; baseline 0.002 -30"><span class='ocrx_word' id='word_1_479' title='bbox 183 4679 208 4716; x_wconf 79' lang='lat' dir='ltr'>u</span> <span class='ocrx_word' id='word_1_480' title='bbox 227 4650 368 4716; x_wconf 85' lang='lat' dir='ltr'>tenenda</span> <span class='ocrx_word' id='word_1_481' title='bbox 392 4647 653 4720; x_wconf 70' lang='lat' dir='ltr'>iudicaverunt28</span> <span class='ocrx_word' id='word_1_482' title='bbox 677 4663 710 4721; x_wconf 91' lang='lat' dir='ltr'>et</span> <span class='ocrx_word' id='word_1_483' title='bbox 731 4656 846 4722; x_wconf 89' lang='lat' dir='ltr'>fideles</span> <span class='ocrx_word' id='word_1_484' title='bbox 871 4660 973 4723; x_wconf 84' lang='lat' dir='ltr'>nostri</span> <span class='ocrx_word' id='word_1_485' title='bbox 996 4658 1028 4722; x_wconf 95' lang='lat' dir='ltr'>in</span> <span class='ocrx_word' id='word_1_486' title='bbox 1052 4659 1197 4744; x_wconf 88' lang='lat' dir='ltr'>generali</span> <span class='ocrx_word' id='word_1_487' title='bbox 1222 4659 1341 4746; x_wconf 88' lang='lat' dir='ltr'>placito</span> <span class='ocrx_word' id='word_1_488' title='bbox 1356 4663 1467 4724; x_wconf 91' lang='lat' dir='ltr'>nostro</span> <span class='ocrx_word' id='word_1_489' title='bbox 1485 4655 1709 4722; x_wconf 92' lang='lat' dir='ltr'>conservanda</span> <span class='ocrx_word' id='word_1_490' title='bbox 1731 4655 1845 4720; x_wconf 90' lang='lat' dir='ltr'>decre-</span> 
     </span>
     <span class='ocr_line' id='line_1_42' title="bbox 226 4756 1846 4848; baseline 0.005 -32"><span class='ocrx_word' id='word_1_491' title='bbox 226 4762 360 4833; x_wconf 88' lang='lat' dir='ltr'>verunt,</span> <span class='ocrx_word' id='word_1_492' title='bbox 395 4756 641 4823; x_wconf 90' lang='lat' dir='ltr'>discernendum</span> <span class='ocrx_word' id='word_1_493' title='bbox 672 4766 739 4840; x_wconf 90' lang='lat' dir='ltr'>est,</span> <span class='ocrx_word' id='word_1_494' title='bbox 772 4760 811 4826; x_wconf 93' lang='lat' dir='ltr'>de</span> <span class='ocrx_word' id='word_1_495' title='bbox 846 4763 932 4848; x_wconf 91' lang='lat' dir='ltr'>quali</span> <span class='ocrx_word' id='word_1_496' title='bbox 966 4763 1148 4830; x_wconf 88' lang='lat' dir='ltr'>hereditate</span> <span class='ocrx_word' id='word_1_497' title='bbox 1185 4763 1362 4829; x_wconf 89' lang='lat' dir='ltr'>auotoritas</span> <span class='ocrx_word' id='word_1_498' title='bbox 1396 4784 1459 4828; x_wconf 94' lang='lat' dir='ltr'>non</span> <span class='ocrx_word' id='word_1_499' title='bbox 1489 4762 1587 4828; x_wconf 92' lang='lat' dir='ltr'>debet</span> <span class='ocrx_word' id='word_1_500' title='bbox 1623 4762 1758 4846; x_wconf 88' lang='lat' dir='ltr'>requiri,</span> <span class='ocrx_word' id='word_1_501' title='bbox 1789 4760 1846 4824; x_wconf 89' lang='lat' dir='ltr'>sed</span> 
     </span>
     <span class='ocr_line' id='line_1_43' title="bbox 225 4858 1845 4953; baseline 0.005 -32"><span class='ocrx_word' id='word_1_502' title='bbox 225 4858 372 4942; x_wconf 86' lang='lat' dir='ltr'>legitima</span> <span class='ocrx_word' id='word_1_503' title='bbox 402 4859 564 4927; x_wconf 88' lang='lat' dir='ltr'>hereditas</span> <span class='ocrx_word' id='word_1_504' title='bbox 592 4863 632 4928; x_wconf 90' lang='lat' dir='ltr'>ab</span> <span class='ocrx_word' id='word_1_505' title='bbox 662 4865 770 4950; x_wconf 89' lang='lat' dir='ltr'>aliquo</span> <span class='ocrx_word' id='word_1_506' title='bbox 796 4866 978 4953; x_wconf 90' lang='lat' dir='ltr'>approbari.</span> <span class='ocrx_word' id='word_1_507' title='bbox 1033 4859 1257 4934; x_wconf 69' lang='lat' dir='ltr'>Ostenditur29</span> <span class='ocrx_word' id='word_1_508' title='bbox 1287 4869 1374 4934; x_wconf 90' lang='lat' dir='ltr'>cuim</span> <span class='ocrx_word' id='word_1_509' title='bbox 1405 4868 1437 4932; x_wconf 90' lang='lat' dir='ltr'>in</span> <span class='ocrx_word' id='word_1_510' title='bbox 1460 4867 1507 4931; x_wconf 90' lang='lat' dir='ltr'>cis</span> <span class='ocrx_word' id='word_1_511' title='bbox 1531 4867 1697 4952; x_wconf 84' lang='lat' dir='ltr'>capitulis,</span> <span class='ocrx_word' id='word_1_512' title='bbox 1727 4863 1845 4929; x_wconf 85' lang='lat' dir='ltr'>ubido</span> 
     </span>
    </p>
   </div>
   <div class='ocr_carea' id='block_1_3' title="bbox 330 5033 869 5106">
    <p class='ocr_par' dir='ltr' id='par_1_10' title="bbox 330 5033 869 5106">
     <span class='ocr_line' id='line_1_44' title="bbox 330 5033 869 5106; baseline 0.017 -22"><span class='ocrx_word' id='word_1_513' title='bbox 330 5033 356 5096; x_wconf 87' lang='lat' dir='ltr'>h)</span> <span class='ocrx_word' id='word_1_514' title='bbox 374 5035 502 5087; x_wconf 77' lang='lat' dir='ltr'>informati</span> <span class='ocrx_word' id='word_1_515' title='bbox 523 5035 544 5088; x_wconf 91' lang='lat' dir='ltr'>l.</span> <span class='ocrx_word' id='word_1_516' title='bbox 627 5037 646 5104; x_wconf 92' lang='lat' dir='ltr'>i)</span> <span class='ocrx_word' id='word_1_517' title='bbox 666 5037 869 5106; x_wconf 67' lang='lat' dir='ltr'>Explicuere.</span> 
     </span>
    </p>
   </div>
   <div class='ocr_carea' id='block_1_4' title="bbox 182 5187 1847 5862">
    <p class='ocr_par' dir='ltr' id='par_1_11' title="bbox 182 5187 1847 5862">
     <span class='ocr_line' id='line_1_45' title="bbox 328 5187 1846 5263; baseline 0.003 -20"><span class='ocrx_word' id='word_1_518' title='bbox 328 5189 373 5255; x_wconf 75' lang='lat'>21)</span> <span class='ocrx_word' id='word_1_519' title='bbox 394 5187 459 5256; x_wconf 74' lang='lat' dir='ltr'>(ap.</span> <span class='ocrx_word' id='word_1_520' title='bbox 480 5188 583 5244; x_wconf 67' lang='lat' dir='ltr'>illatae.</span> <span class='ocrx_word' id='word_1_521' title='bbox 595 5191 656 5260; x_wconf 77' lang='lat'>865,</span> <span class='ocrx_word' id='word_1_522' title='bbox 673 5209 758 5262; x_wconf 76' lang='grc' dir='ltr'>ονιρνα</span> <span class='ocrx_word' id='word_1_523' title='bbox 773 5210 803 5262; x_wconf 86' lang='grc' dir='ltr'>ρ.</span> <span class='ocrx_word' id='word_1_524' title='bbox 816 5195 875 5261; x_wconf 84' lang='grc'><strong>330,</strong></span> <span class='ocrx_word' id='word_1_525' title='bbox 894 5211 916 5249; x_wconf 90' lang='grc' dir='ltr'>ο.</span> <span class='ocrx_word' id='word_1_526' title='bbox 928 5196 953 5248; x_wconf 74' lang='lat'>2.</span> <span class='ocrx_word' id='word_1_527' title='bbox 1034 5196 1079 5262; x_wconf 74' lang='lat'>22)</span> <span class='ocrx_word' id='word_1_528' title='bbox 1099 5193 1153 5262; x_wconf 80' lang='lat' dir='ltr'>Osr.</span> <span class='ocrx_word' id='word_1_529' title='bbox 1166 5195 1304 5262; x_wconf 71' lang='grc' dir='ltr'>Βηιηηον,</span> <span class='ocrx_word' id='word_1_530' title='bbox 1325 5193 1386 5250; x_wconf 83' lang='lat' dir='ltr'>RG.</span> <span class='ocrx_word' id='word_1_531' title='bbox 1400 5193 1439 5263; x_wconf 87' lang='lat'>11,</span> <span class='ocrx_word' id='word_1_532' title='bbox 1453 5211 1483 5262; x_wconf 83' lang='grc' dir='ltr'>ρ.</span> <span class='ocrx_word' id='word_1_533' title='bbox 1495 5193 1554 5248; x_wconf 82' lang='grc'><strong>574.</strong></span> <span class='ocrx_word' id='word_1_534' title='bbox 1567 5195 1625 5248; x_wconf 76' lang='lat' dir='ltr'>tel.</span> <span class='ocrx_word' id='word_1_535' title='bbox 1706 5195 1751 5262; x_wconf 76' lang='lat'>23)</span> <span class='ocrx_word' id='word_1_536' title='bbox 1771 5196 1793 5250; x_wconf 88' lang='grc' dir='ltr'>Ι.</span> <span class='ocrx_word' id='word_1_537' title='bbox 1812 5210 1846 5248; x_wconf 75' lang='lat' dir='ltr'>a:</span> 
     </span>
     <span class='ocr_line' id='line_1_46' title="bbox 182 5291 1845 5370; baseline 0.002 -22"><span class='ocrx_word' id='word_1_538' title='bbox 182 5310 207 5348; x_wconf 77' lang='lat' dir='ltr'>ra</span> <span class='ocrx_word' id='word_1_539' title='bbox 227 5291 359 5358; x_wconf 57' lang='lat' dir='ltr'>comae.</span> <span class='ocrx_word' id='word_1_540' title='bbox 463 5295 507 5360; x_wconf 76' lang='lat' dir='ltr'>ut)</span> <span class='ocrx_word' id='word_1_541' title='bbox 535 5294 665 5364; x_wconf 65' lang='lat' dir='ltr'>&amp;mariani</span> <span class='ocrx_word' id='word_1_542' title='bbox 682 5303 760 5352; x_wconf 85' lang='lat' dir='ltr'>tract.</span> <span class='ocrx_word' id='word_1_543' title='bbox 781 5298 813 5354; x_wconf 81' lang='lat' dir='ltr'>de</span> <span class='ocrx_word' id='word_1_544' title='bbox 833 5299 901 5352; x_wconf 85' lang='lat' dir='ltr'>XII</span> <span class='ocrx_word' id='word_1_545' title='bbox 915 5300 988 5354; x_wconf 72' lang='lat' dir='ltr'>amre.</span> <span class='ocrx_word' id='word_1_546' title='bbox 1005 5317 1073 5354; x_wconf 77' lang='lat' dir='ltr'>aare.</span> <span class='ocrx_word' id='word_1_547' title='bbox 1095 5301 1159 5367; x_wconf 81' lang='grc' dir='ltr'>ο,9;</span> <span class='ocrx_word' id='word_1_548' title='bbox 1176 5299 1227 5366; x_wconf 77' lang='lat' dir='ltr'>cfr.</span> <span class='ocrx_word' id='word_1_549' title='bbox 1247 5298 1345 5370; x_wconf 78' lang='lat' dir='ltr'>Syual.</span> <span class='ocrx_word' id='word_1_550' title='bbox 1364 5299 1440 5353; x_wconf 74' lang='lat' dir='ltr'>treet.</span> <span class='ocrx_word' id='word_1_551' title='bbox 1458 5299 1521 5365; x_wconf 81' lang='grc'>859,</span> <span class='ocrx_word' id='word_1_552' title='bbox 1545 5297 1619 5364; x_wconf 74' lang='lat' dir='ltr'>infra</span> <span class='ocrx_word' id='word_1_553' title='bbox 1645 5314 1685 5352; x_wconf 85' lang='lat' dir='ltr'>ar.</span> <span class='ocrx_word' id='word_1_554' title='bbox 1698 5303 1763 5366; x_wconf 76' lang='grc'><strong>298,</strong></span> <span class='ocrx_word' id='word_1_555' title='bbox 1787 5301 1845 5351; x_wconf 77' lang='lat' dir='ltr'>aa.</span> 
     </span>
     <span class='ocr_line' id='line_1_47' title="bbox 225 5395 1846 5472; baseline 0.006 -23"><span class='ocrx_word' id='word_1_556' title='bbox 225 5395 270 5463; x_wconf 77' lang='lat'>25)</span> <span class='ocrx_word' id='word_1_557' title='bbox 296 5396 397 5450; x_wconf 77' lang='lat' dir='ltr'>Galerii</span> <span class='ocrx_word' id='word_1_558' title='bbox 422 5397 495 5465; x_wconf 71' lang='lat' dir='ltr'>mist.</span> <span class='ocrx_word' id='word_1_559' title='bbox 522 5398 559 5452; x_wconf 79' lang='lat' dir='ltr'>ed</span> <span class='ocrx_word' id='word_1_560' title='bbox 584 5401 772 5470; x_wconf 69' lang='lat' dir='ltr'>arcaturiam,</span> <span class='ocrx_word' id='word_1_561' title='bbox 797 5419 883 5472; x_wconf 80' lang='lat' dir='ltr'>supra</span> <span class='ocrx_word' id='word_1_562' title='bbox 907 5421 937 5472; x_wconf 79' lang='grc' dir='ltr'>ρ.</span> <span class='ocrx_word' id='word_1_563' title='bbox 953 5405 1001 5470; x_wconf 79' lang='grc'>29,</span> <span class='ocrx_word' id='word_1_564' title='bbox 1026 5420 1045 5458; x_wconf 87' lang='grc' dir='ltr'>ο.</span> <span class='ocrx_word' id='word_1_565' title='bbox 1063 5405 1087 5458; x_wconf 86' lang='grc'>3.</span> <span class='ocrx_word' id='word_1_566' title='bbox 1183 5405 1228 5472; x_wconf 71' lang='grc'>26)</span> <span class='ocrx_word' id='word_1_567' title='bbox 1257 5402 1356 5458; x_wconf 69' lang='lat' dir='ltr'>Rom.</span> <span class='ocrx_word' id='word_1_568' title='bbox 1385 5403 1447 5456; x_wconf 79' lang='lat' dir='ltr'>Leo.</span> <span class='ocrx_word' id='word_1_569' title='bbox 1478 5401 1549 5456; x_wconf 68' lang='lat' dir='ltr'>Aac.</span> <span class='ocrx_word' id='word_1_570' title='bbox 1573 5401 1625 5470; x_wconf 87' lang='lat' dir='ltr'>IV,</span> <span class='ocrx_word' id='word_1_571' title='bbox 1652 5419 1673 5457; x_wconf 89' lang='lat' dir='ltr'>e.</span> <span class='ocrx_word' id='word_1_572' title='bbox 1693 5403 1742 5456; x_wconf 73' lang='lat'>170</span> <span class='ocrx_word' id='word_1_573' title='bbox 1767 5405 1846 5471; x_wconf 81' lang='lat' dir='ltr'>(Cap.</span> 
     </span>
     <span class='ocr_line' id='line_1_48' title="bbox 232 5497 1847 5577; baseline 0.004 -24"><span class='ocrx_word' id='word_1_574' title='bbox 232 5497 360 5556; x_wconf 80' lang='lat' dir='ltr'>Wormat.</span> <span class='ocrx_word' id='word_1_575' title='bbox 377 5501 444 5570; x_wconf 78' lang='lat'>829,</span> <span class='ocrx_word' id='word_1_576' title='bbox 467 5519 552 5574; x_wconf 79' lang='lat' dir='ltr'>capra</span> <span class='ocrx_word' id='word_1_577' title='bbox 570 5519 599 5574; x_wconf 80' lang='lat' dir='ltr'>p.</span> <span class='ocrx_word' id='word_1_578' title='bbox 615 5505 658 5573; x_wconf 82' lang='lat'>13,</span> <span class='ocrx_word' id='word_1_579' title='bbox 681 5521 703 5560; x_wconf 86' lang='lat' dir='ltr'>c.</span> <span class='ocrx_word' id='word_1_580' title='bbox 716 5507 753 5574; x_wconf 86' lang='lat'>8).</span> <span class='ocrx_word' id='word_1_581' title='bbox 844 5507 889 5574; x_wconf 75' lang='lat'>27)</span> <span class='ocrx_word' id='word_1_582' title='bbox 911 5505 965 5574; x_wconf 66' lang='grc' dir='ltr'>σίν,</span> <span class='ocrx_word' id='word_1_583' title='bbox 989 5508 1125 5575; x_wconf 66' lang='lat' dir='ltr'>Bremia,</span> <span class='ocrx_word' id='word_1_584' title='bbox 1146 5508 1250 5577; x_wconf 76' lang='lat' dir='ltr'>Zeupm</span> <span class='ocrx_word' id='word_1_585' title='bbox 1273 5525 1301 5562; x_wconf 82' lang='lat' dir='ltr'>a.</span> <span class='ocrx_word' id='word_1_586' title='bbox 1326 5505 1577 5575; x_wconf 60' lang='lat' dir='ltr'>raparationem,</span> <span class='ocrx_word' id='word_1_587' title='bbox 1601 5508 1619 5563; x_wconf 84' lang='lat' dir='ltr'>l.</span> <span class='ocrx_word' id='word_1_588' title='bbox 1637 5523 1659 5560; x_wconf 91' lang='lat' dir='ltr'>c.</span> <span class='ocrx_word' id='word_1_589' title='bbox 1677 5523 1706 5573; x_wconf 85' lang='grc' dir='ltr'>ρ.</span> <span class='ocrx_word' id='word_1_590' title='bbox 1723 5509 1847 5576; x_wconf 73' lang='grc' dir='ltr'>443ορρ.,·</span> 
     </span>
     <span class='ocr_line' id='line_1_49' title="bbox 228 5602 1847 5681; baseline -0.005 -8"><span class='ocrx_word' id='word_1_591' title='bbox 228 5602 291 5660; x_wconf 79' lang='lat' dir='ltr'>BG·</span> <span class='ocrx_word' id='word_1_592' title='bbox 305 5603 346 5672; x_wconf 77' lang='lat' dir='ltr'>It·</span> <span class='ocrx_word' id='word_1_593' title='bbox 361 5625 390 5675; x_wconf 83' lang='lat' dir='ltr'>n·</span> <span class='ocrx_word' id='word_1_594' title='bbox 403 5607 462 5662; x_wconf 80' lang='lat'>518.</span> <span class='ocrx_word' id='word_1_595' title='bbox 566 5609 611 5678; x_wconf 82' lang='lat' dir='ltr'>aa)</span> <span class='ocrx_word' id='word_1_596' title='bbox 638 5607 696 5676; x_wconf 77' lang='lat' dir='ltr'>cfr.</span> <span class='ocrx_word' id='word_1_597' title='bbox 722 5607 1182 5681; x_wconf 58' lang='lat' dir='ltr'>&amp;praeoccupantes</span> <span class='ocrx_word' id='word_1_598' title='bbox 1211 5628 1232 5666; x_wconf 77' lang='lat' dir='ltr'>c.</span> <span class='ocrx_word' id='word_1_599' title='bbox 1251 5613 1272 5666; x_wconf 91' lang='lat'>1.</span> <span class='ocrx_word' id='word_1_600' title='bbox 1375 5611 1420 5678; x_wconf 79' lang='lat' dir='ltr'>aa)</span> <span class='ocrx_word' id='word_1_601' title='bbox 1446 5609 1503 5677; x_wconf 76' lang='lat' dir='ltr'>cfr.</span> <span class='ocrx_word' id='word_1_602' title='bbox 1528 5607 1615 5678; x_wconf 68' lang='lat' dir='ltr'>near,</span> <span class='ocrx_word' id='word_1_603' title='bbox 1647 5609 1847 5665; x_wconf 53' lang='lat' dir='ltr'>marauna</span> 
     </span>
     <span class='ocr_line' id='line_1_50' title="bbox 226 5707 776 5783; baseline 0.013 -22"><span class='ocrx_word' id='word_1_604' title='bbox 226 5707 252 5764; x_wconf 81' lang='lat' dir='ltr'>d.</span> <span class='ocrx_word' id='word_1_605' title='bbox 271 5709 364 5763; x_wconf 76' lang='lat' dir='ltr'>Clarae</span> <span class='ocrx_word' id='word_1_606' title='bbox 380 5709 417 5762; x_wconf 83' lang='lat' dir='ltr'>im</span> <span class='ocrx_word' id='word_1_607' title='bbox 434 5709 525 5776; x_wconf 73' lang='lat' dir='ltr'>frent.</span> <span class='ocrx_word' id='word_1_608' title='bbox 546 5711 627 5766; x_wconf 61' lang='lat' dir='ltr'>Iterat</span> <span class='ocrx_word' id='word_1_609' title='bbox 641 5713 776 5783; x_wconf 78' lang='lat' dir='ltr'>p.180rq.</span> 
     </span>
     <span class='ocr_line' id='line_1_51' title="bbox 329 5808 1706 5862; baseline -0.001 -6"><span class='ocrx_word' id='word_1_610' title='bbox 329 5820 366 5858; x_wconf 87' lang='lat' dir='ltr'>u..</span> <span class='ocrx_word' id='word_1_611' title='bbox 386 5820 552 5861; x_wconf 72' lang='lat' dir='ltr'>curtracensi</span> <span class='ocrx_word' id='word_1_612' title='bbox 570 5823 595 5861; x_wconf 88' lang='lat' dir='ltr'>u.</span> <span class='ocrx_word' id='word_1_613' title='bbox 1605 5808 1640 5862; x_wconf 81' lang='grc'>44</span> <span class='ocrx_word' id='word_1_614' title='bbox 1697 5829 1706 5846; x_wconf 91' lang='lat'><strong>·</strong></span> 
     </span>
    </p>
   </div>
   <div class='ocr_carea' id='block_1_5' title="bbox 0 0 2284 6422">
    <p class='ocr_par' dir='ltr' id='par_1_12' title="bbox 0 0 2284 6422">
     <span class='ocr_line' id='line_1_52' title="bbox 0 0 2284 6422; baseline 0 0"><span class='ocrx_word' id='word_1_615' title='bbox 0 0 2284 6422; x_wconf 95' lang='lat' dir='ltr'> </span> 
     </span>
    </p>
   </div>
  </div>
 </body>
</html>
