4568 6420
412 439 486 502 4921
619 433 860 489 WALAFRIDUS
880 434 926 488 DE
943 431 1114 488 IIXORDI'IS
1134 433 1179 486 ΕΤ
1199 430 1448 486 incastraturis
1467 430 1547 484 BER.
1567 429 1665 485 huot.
1684 431 1761 486 519,
1778 432 1821 485 20.

412 611 504 675 iuxta
533 610 586 674 vel
624 608 705 674 sub⁰
732 607 827 673 altari
855 628 912 673 ees
945 614 1123 692 ponentest’
1153 604 1382 672 benedictione
1410 605 1541 692 propria
1575 603 1810 670 consecrabant
1837 612 1870 669 et
1900 605 1933 668 in
1963 606 2036 691 ipsa

412 713 661 778 resurrectionis
684 710 737 777 die
760 717 836 776 ante
861 717 987 776 ceteros
1011 709 1198 795 corporales
1222 709 1320 794 cybos
1344 709 1384 772 de
1408 709 1489 794 ipsis
1513 707 1665 772 carnibus
1681 708 1918 794 percipiebant,
1942 711 2035 773 cuius

412 814 650 882 benedictionis
681 815 780 880 series
811 814 917 878 adhuc
948 835 967 878 a
995 813 1106 877 multis
1135 811 1285 877 habetur.
1336 809 1430 884 Quod
1462 831 1557 896 quam
1587 811 1630 875 sit
1659 831 1899 897 supervacuum
1929 820 1963 876 et
1993 811 2037 876 a¹²

414 919 626 984 sacramentis
650 918 844 982 christianae
861 917 1070 1003 perfectionis
1086 915 1276 994 abhorrens,
1299 909 1407 980 facile*
1420 914 1586 999 perspicit,
1611 914 1665 999 qui
1682 917 1844 980 veraciter
1859 915 2035 1000 intellegit,

413 1022 499 1108 quod
527 1012 694 1107 ‘pascha84
722 1027 868 1085 nostrum
895 1021 1082 1084 immolatus
1112 1026 1164 1084 est
1195 1015 1371 1098 Christus’,
1400 1026 1433 1083 et
1456 1019 1525 1082 vult
1555 1018 1680 1102 epulari
1704 1023 1779 1082 ‘non
1811 1019 1844 1083 in
1872 1020 2034 1086 fermento
2074 1047 2086 1084 ι

412 1125 527 1205 veteri,
552 1124 611 1190 sed
634 1125 667 1188 in
690 1123 803 1188 animis
827 1123 1025 1188 sinceritatis
1049 1127 1083 1187 et
1104 1119 1275 1188 veritatis)

522 1230 592 1293 201.
628 1226 701 1292 Hoc
725 1247 854 1312 quoque
875 1224 1195 1292 commemorandum
1210 1225 1346 1306 videtur,
1371 1225 1457 1310 quod
1472 1226 1544 1309 ipsa
1560 1231 1764 1290 sacramenta
1779 1225 1910 1312 quidam
1933 1227 2036 1292 inter-

413 1331 490 1396 dum
521 1331 637 1410 ieiuni,
663 1328 824 1394 interdum
855 1331 965 1416 pransi
987 1331 1176 1416 percepisse
1199 1331 1366 1414 leguntur,
1400 1335 1437 1392 ut
1459 1327 1580 1413 legitur
1606 1329 1638 1392 in
1668 1330 1861 1408 canonibus,
1890 1331 2036 1397 conciliir

413 1434 569 1516 Africani,
592 1435 734 1519 capitulo
749 1432 846 1499 VIII.
870 1433 920 1497 his
945 1433 1067 1497 verbis:
1092 1423 1183 1497 ‘Ut85
1199 1438 1404 1497 sacramenta
1420 1431 1530 1495 altaris
1553 1452 1618 1496 non
1642 1432 1703 1496 nisi
1727 1433 1878 1498 aieiunis
1896 1433 2034 1498 homini-

414 1538 474 1603 bus
508 1537 730 1619 celebrentur,
765 1543 904 1623 excepto
936 1557 1000 1601 uno
1031 1536 1084 1602 die
1111 1537 1349 1618 anniversario,
1382 1555 1444 1620 quo
1474 1555 1576 1600 caena
1605 1533 1735 1599 Domini
1765 1535 1971 1617 celebratur',
2003 1543 2037 1602 et
2064 1563 2090 1602 ιι

415 1642 551 1727 reliqua.
597 1640 656 1704 Isti
686 1639 816 1725 quidem
845 1661 883 1704 eo
915 1639 968 1704 dic
999 1645 1074 1725 post
1100 1638 1271 1725 prandium
1294 1639 1597 1704 communicandum
1625 1660 1699 1704 esse
1730 1641 1927 1720 censebant,
1959 1642 2038 1726 quia

413 1744 575 1809 Dominus
603 1749 679 1830 post
703 1744 818 1828 legalis
841 1743 982 1830 paschae
1005 1764 1141 1808 caenam
1169 1744 1244 1806 novi
1274 1743 1461 1808 testamenti
1492 1747 1696 1808 sacramenta
1723 1742 1844 1828 legitur
1866 1744 2036 1831 discipulis

414 1846 599 1912 tradidisse.
645 1845 713 1910 Alii
738 1867 815 1911 vero
845 1852 936 1911 secta
964 1847 1103 1931 quadam
1132 1846 1288 1931 singulari
1315 1867 1380 1911 non
1408 1847 1510 1911 semel
1538 1846 1571 1909 in
1599 1866 1700 1926 anno,
1730 1847 1815 1910 sicut
1838 1849 2035 1932 superiores,

416 1951 473 2016 sed
502 1951 647 2016 crebrius
678 1957 754 2015 ante
777 1957 1053 2016 sacramentorum
1077 1952 1322 2037 perceptionem
1345 1950 1426 2014 cibis
1449 1948 1669 2037 corporalibus
1694 1949 1782 2014 refici
1805 1950 1928 2016 debere
1952 1951 2036 2016 iudi·

415 2061 545 2120 cantes·
580 2061 655 2140 post
686 2053 823 2140 prandia
858 2060 891 2118 et
924 2053 1158 2139 plenitudinem
1206 2054 1364 2119 stomachi
1398 2055 1491 2140 quasi
1527 2052 1763 2117 confirmaturit
1796 2054 1899 2118 sacris
1937 2055 2037 2120 rebus
2065 2091 2089 2130 a

414 2158 669 2223 necessitatem¹¹
692 2177 881 2242 corpoream
904 2156 1219 2236 communicabant',
1243 2164 1279 2221 ut
1301 2163 1441 2222 testatur
1464 2155 1618 2222 Socrates
1642 2157 1675 2220 in
1696 2155 1831 2221 historia
1854 2179 1914 2222 sua
1930 2159 2036 2224 eccle·

415 2261 564 2342 siastica,
593 2261 649 2325 ubi
673 2259 713 2326 de
736 2259 875 2325 diversis
899 2260 1110 2325 ecclesiarum
1134 2261 1422 2326 consuetudinibus
1445 2260 1569 2325 faciens
1592 2261 1793 2326 mentionem
1821 2269 1893 2346 post
1915 2262 2037 2328 multas

414 2366 608 2432 ieiuniorum
642 2371 676 2430 et
710 2364 953 2430 solemnitatum
982 2365 1159 2429 vemetates
1188 2365 1269 2430 haec
1299 2365 1385 2430 inter
1414 2369 1525 2429 cetera
1552 2365 1657 2450 ponit:
1682 2355 1796 2428 ‘Sed86
1825 2365 1924 2430 ctiam
1951 2367 2038 2432 circa

416 2467 641 2534 celebritatem
666 2467 875 2534 collectarum
900 2467 1061 2552 quaedam
1084 2466 1257 2533 diversitas
1279 2469 1452 2534 invenitur.
1497 2466 1609 2533 Nam'
1632 2467 1707 2532 dum
1740 2489 1800 2555 per
1821 2469 1977 2534 ecclesias
2001 2473 2037 2534 in

414 2573 567 2638 universo
590 2577 751 2660 terrarum
774 2571 852 2635 orbe
877 2572 1071 2636 constitutas
1094 2570 1147 2636 die
1171 2570 1383 2637 sabbatorum
1405 2591 1464 2656 per
1488 2572 1633 2655 singulas
1658 2571 1858 2637 ebdomadas
1876 2573 2037 2638 sacrificia
2066 2605 2092 2646 η

415 2677 639 2755 celebrentur,
671 2673 734 2739 boc
768 2674 801 2738 in
830 2673 1033 2739 Alexandria
1065 2681 1099 2739 ct
1129 2673 1234 2740 Roma
1263 2675 1419 2760 quidamx
1449 2674 1557 2760 prisca
1584 2672 1758 2739 traditione
1787 2685 1874 2738 nony
1903 2676 2038 2741 faciunt.

414 2780 571 2868 Aegyptii
592 2799 670 2844 vcro
694 2776 916 2842 Alexandriae
940 2778 1036 2842 ricini
1059 2785 1110 2842 et¹
1126 2777 1303 2843 Thebaidis
1327 2779 1548 2844 habitatores·
1571 2777 1709 2842 sabbato
1725 2776 1856 2863 quidem
1880 2780 2037 2846 collectas

416 2890 528 2969 agunt,
553 2881 611 2946 sed
633 2901 709 2960 non,
734 2881 819 2945 sicut
842 2881 940 2945 moris
963 2887 1024 2960 est,
1048 2889 1253 2948 sacramenta
1268 2882 1467 2968 percipiunt;
1491 2899 1566 2946 nam
1588 2888 1760 2968 postquam
1776 2880 1898 2946 fuerint
1914 2884 2040 2969 epulati

414 2994 448 3052 et
477 2987 555 3052 cibis
585 2985 734 3050 omnibus
763 2984 946 3069 adimpleti,
978 2985 1065 3049 circa
1087 3006 1258 3072 vesperam
1282 2986 1444 3051 oblatione
1467 2985 1555 3050 sacta
1577 2983 1846 3065 communicant',
1878 2993 1911 3051 et
1939 2988 2038 3073 paulo

414 3091 583 3155 iuferius⁸:
607 3088 656 3152 ‘In
677 3086 855 3152 Antiochia
878 3107 953 3152 vern
978 3087 1093 3174 Syriae
1120 3090 1224 3154 altare
1248 3110 1313 3154 non
1336 3088 1377 3154 ad
1402 3090 1560 3154 orientem
1585 3089 1758 3168 ecclesiae,
1782 3090 1840 3155 sed
1864 3091 1969 3175 magis
1994 3089 2036 3155 ad
2066 3113 2093 3156 ιι

413 3192 615 3258 occidentem
644 3188 793 3265 habent';
823 3188 864 3254 de
896 3210 960 3275 qua
987 3211 1022 3255 re
1053 3193 1152 3256 etiam
1181 3214 1239 3259 nos
1269 3192 1450 3278 quaedamt
1480 3193 1630 3279 superius
1660 3183 1941 3260 disseruimusrffl.
1996 3193 2042 3257 Et

414 3297 496 3362 hoc‘¹
519 3281 661 3383 quidem,
685 3293 788 3380 quod·
810 3294 862 3359 ἱιιο
885 3295 1022 3379 singulis
1046 3296 1192 3362 sabbatis
1216 3297 1287 3363 istir
1307 3306 1381 3386 post
1402 3297 1573 3384 prandium
1589 3297 1641 3362 vel
1665 3317 1800 3364 caenam
1818 3299 2038 3364 communica-

414 3403 526 3480 bantss,
551 3398 637 3486 quah
659 3399 833 3464 autoritate
857 3397 966 3464 facere
990 3401 1160 3481 toluerint,
1183 3422 1247 3466 non
1272 3400 1354 3466 adeo
1376 3399 1503 3487 liquet¹.
1541 3400 1628 3465 Illud
1644 3421 1728 3477 vero,
1752 3400 1839 3488 quod
1854 3402 2040 3487 superiores

414 3507 446 3569 in
470 3504 691 3569 anniversario
715 3523 837 3568 caenae
860 3500 1042 3568 dominicae
1071 3504 1180 3588 pransi
1209 3505 1447 3570 communicare
1475 3505 1625 3589 permissi
1654 3511 1745 3585 sunt,
1776 3503 1839 3569 ex*
1868 3506 2039 3570 occasione

414 3629 514 3694 supra
537 3607 689 3692 exposita
716 3605 892 3671 emersisse
914 3605 1054 3670 videtur.
1101 3606 1168 3672 Sed
1190 3607 1224 3672 a¹
1246 3608 1455 3693 sequentibus
1479 3607 1617 3673 honesta
1645 3614 1678 3672 et
1700 3607 1886 3672 rationabili
1910 3606 2036 3672 delibe—
2065 3631 2092 3672 sc

413 3713 540 3777 ratione
564 3715 723 3774 statutum
746 3728 820 3774 esse
845 3701 1101 3794 cognosciturssi,
1124 3718 1161 3775 ut
1185 3712 1434 3797 omnitempore
1457 3711 1610 3776 aieiunis
1627 3718 1837 3776 sacrosancta
1853 3712 2040 3796 mysteria¹²²

415 3813 633 3880 celebrentur.
681 3813 754 3878 Non
777 3814 865 3878 enim
888 3813 961 3878 ideo
984 3815 1074 3899 prius
1098 3814 1260 3900 prandere
1284 3822 1318 3880 et
1339 3821 1456 3900 postea
1479 3815 1719 3879 communicare
1742 3813 1919 3895 debemus,
1943 3817 2040 3900 quia¹²

414 3918 598 3984 Dominus¹¹
621 3917 803 4003 completor
834 3918 918 4002 legis
949 3924 1000 3981 et⁰
1027 3923 1142 3983 auctor
1170 3919 1296 4002 gratiae
1330 3918 1419 4002 prius
1446 3917 1554 4002 legale
1584 3916 1707 4002 pascha
1734 3919 1887 4002 perfecit,
1919 3917 2038 3982 deinde

415 4023 628 4108 evangelicas
651 4027 858 4088 sacramenta
880 4021 1035 4102 instituit,
1065 4023 1150 4086 sicut
1172 4031 1256 4087 nec¹¹
1279 4022 1367 4107 prius
1391 4021 1604 4107 corporaliter
1626 4021 1773 4105 cogimur
1796 4021 1982 4086 circumcidi
2005 4029 2040 4086 ct

414 4126 618 4212 postmodum
641 4125 815 4212 baptizari,
846 4146 919 4189 curn
943 4127 1086 4190 sciamus
1108 4125 1285 4191 Dominum
1308 4133 1454 4190 nostrum
1476 4116 1643 4189 ‘factum89
1664 4145 1706 4189 ex
1729 4126 1884 4206 muliere,
1915 4125 2039 4189 factum
2065 4147 2091 4186 ιι

415 4230 475 4294 sub
504 4225 589 4312 lege’
619 4228 946 4313 primosecundum
972 4229 1057 4322 legis
1086 4235 1210 4294 statuta
1238 4229 1463 4298 circumcisum
1492 4251 1530 4294 ac
1558 4227 1711 4314 deinceps
1741 4227 1782 4292 ad
1814 4229 2039 4314 expletionem

416 4333 522 4396 omnis
555 4331 697 4396 iustitiae
728 4332 866 4396 lavacri¹
889 4332 1040 4396 salutaris
1073 4332 1201 4398 subisse
1229 4333 1387 4417 nobisque
1415 4353 1625 4398 consecrasse
1654 4330 1837 4416 primordia.
1884 4330 1994 4417 Ergo·
2017 4353 2038 4396 a

418 4434 534 4498 ieiunis
551 4454 681 4518 semper
701 4435 877 4498 celebrari·
899 4434 1021 4499 debere
1039 4435 1154 4500 eadem
1172 4443 1385 4516 sacramanta,
1410 4443 1443 4500 et
1458 4435 1621 4520 generalis
1645 4435 1742 4497 totius
1766 4435 1830 4498 iam
1848 4434 2039 4520 comprobat

518 4570 544 4638 ο)
561 4587 638 4638 super
662 4569 686 4624 5.
792 4571 819 4639 p)
841 4574 982 4639 perticatas
1004 4589 1072 4626 corr.
1090 4591 1159 4624 mars.
1182 4574 1228 4626 alt.
1247 4575 1405 4641 porrigentes
1427 4571 1451 4625 5.
1557 4571 1585 4640 q)
1603 4575 1674 4624 xlx.
1693 4570 1717 4622 3.
1822 4573 1845 4638 r)
1869 4573 1909 4624 ita
1925 4571 1955 4636 33
1979 4591 2039 4626 con

414 4660 473 4711 cilio
493 4658 514 4710 1.
533 4657 557 4710 4.
576 4655 602 4710 5.
714 4658 738 4723 s)
761 4659 904 4710 indicantes
932 4677 999 4712 coss.
1018 4677 1087 4714 maa.
1112 4662 1156 4712 alt
1181 4661 1324 4712 iudicantes
1345 4659 1370 4711 5.
1484 4659 1505 4722 t)
1529 4659 1672 4712 confirmati
1695 4656 1721 4710 3.
1834 4657 1862 4722 ιι)
1885 4662 2039 4712 nemesium
2064 4675 2093 4714 so

413 4760 535 4811 corporea
553 4742 578 4796 3.
677 4745 704 4810 v)
723 4762 736 4794 c
754 4747 893 4798 censebant
910 4763 976 4797 corr.
994 4763 1064 4798 amn.
1083 4747 1127 4798 alt.
1146 4743 1171 4798 4.
1275 4747 1310 4811 ιι)
1329 4763 1342 4797 c
1360 4763 1425 4798 corr.
1445 4745 1470 4798 5.
1580 4743 1609 4809 ιι)
1627 4744 1665 4794 ita
1682 4743 1769 4804 cedd.;
1790 4745 1902 4810 quadam
1922 4746 2036 4798 Cassiod.

413 4833 441 4898 y)
461 4848 509 4883 oss.
527 4829 553 4883 4.
658 4829 683 4896 a)
701 4839 785 4884 et...
804 4833 962 4886 habitatores
980 4851 1027 4884 am.
1046 4834 1070 4884 5.
1176 4831 1203 4900 ιι)
1221 4839 1279 4900 post
1296 4832 1320 4885 4.
1425 4833 1452 4896 b)
1471 4848 1598 4898 suprascr.
1616 4848 1685 4881 mara
1704 4832 1749 4880 alt.
1767 4828 1796 4892 43
1815 4848 1828 4881 e
1846 4833 1951 4898 quidam
1970 4849 2037 4884 coer.

413 4933 482 4968 mars.
501 4918 546 4968 alt.
565 4913 595 4979 5;
614 4917 718 4982 quidem
735 4916 760 4970 3.
857 4918 882 4983 c)
901 4919 1041 4971 dixerimus
1059 4935 1071 4969 e
1090 4935 1157 4971 corr.
1175 4935 1245 4969 mna.
1264 4920 1308 4970 alt.
1328 4921 1352 4970 5.
1444 4915 1471 4984 d)
1490 4918 1517 4968 hi
1534 4914 1563 4978 35
1584 4917 1647 4968 haec
1664 4914 1689 4967 4.
1708 4913 1733 4967 5.
1820 4915 1845 4983 c)
1864 4919 1932 4983 quod
1950 4919 1992 4969 isti
2011 4920 2038 4970 in

412 5003 442 5068 43
460 5004 545 5071 inquit
562 5001 586 5055 3.
659 5002 683 5070 1)
702 5022 749 5056 cru.
769 5005 816 5056 hcc
834 5005 889 5057 loco
907 5002 931 5056 4.
1001 5005 1029 5072 g)
1048 5007 1238 5057 communicant
1255 5003 1279 5056 4.
1299 5003 1324 5072 5,
1343 5004 1545 5055 cerumtamen.
1558 5002 1785 5054 communicabant
1802 5000 1826 5054 4.
1896 5004 1925 5067 h)
1938 5005 2001 5068 quia
2012 5003 2037 5056 5.

413 5091 432 5156 ἰ)
450 5090 592 5156 liquenti).
697 5091 726 5156 Ιι)
746 5099 771 5142 et
788 5090 812 5144 5.
917 5089 937 5157 l)
956 5109 1004 5142 ons.
1023 5090 1047 5143 4.
1066 5091 1091 5142 5.
1198 5091 1234 5156 ιιι)
1252 5092 1414 5143 celebrentur
1430 5097 1506 5157 myst.
1524 5086 1548 5140 3.
1654 5087 1683 5155 ιι)
1702 5104 1749 5138 om.
1769 5087 1793 5139 5.
1898 5088 1924 5154 o)
1943 5107 1991 5141 ons.
2010 5087 2035 5141 3.
2065 5098 2093 5137 45

413 5175 441 5246 p)
459 5193 569 5229 sacrana
587 5177 703 5244 evangel.
722 5175 799 5228 3-5.
905 5175 933 5242 q)
952 5178 1112 5244 postmodum
1129 5175 1154 5229 4.
1174 5177 1198 5230 5.
1302 5177 1325 5242 ι)
1344 5178 1463 5244 lavacris,
1482 5193 1530 5227 orn.
1549 5177 1678 5238 salutaris,
1696 5175 1720 5226 5.
1825 5177 1848 5238 s)
1867 5177 1935 5242 Ergo
1953 5177 2034 5228 ieiuni

413 5281 515 5331 semper
531 5264 661 5316 celebrem
679 5262 703 5314 4.
722 5261 747 5314 5.

518 5382 563 5450 84)
584 5379 738 5436 locata
756 5382 782 5448 5,
801 5381 823 5436 1.
841 5382 865 5436 8.
953 5382 998 5448 85)
1018 5379 1094 5436 dona
1113 5383 1199 5450 Afric.
1217 5399 1239 5438 c.
1257 5383 1283 5451 8,
1304 5382 1366 5438 Ood.
1383 5398 1442 5436 cass.
1457 5399 1486 5450 p.
1500 5382 1551 5436 213
1569 5381 1662 5448 (Coae.
1675 5379 1762 5449 Hipp.
1774 5381 1848 5448 528,
1869 5379 1964 5434 Μαιιιί
1976 5379 2037 5449 ΙΙΙ,

411 5485 459 5540 cot.
477 5485 549 5552 923).
650 5485 695 5552 88)
716 5482 878 5538 &scindendi
896 5485 969 5542 Hirt.
986 5487 1095 5555 tripart.
1115 5487 1170 5556 IX,
1189 5487 1270 5555 588,
1298 5487 1387 5556 Opera
1405 5485 1434 5554 Ι,
1447 5486 1549 5555 15348.
1651 5484 1697 5552 81)
1715 5483 1808 5553 &epra
1822 5500 1852 5552 p.
1862 5484 1922 5548 411,
1941 5499 2000 5552 cop.
2011 5486 2039 5539 4.

412 5589 457 5658 88)
477 5587 634 5656 0150055
653 5587 768 5643 Broccr.
787 5588 845 5641 III
865 5589 902 5656 (5
922 5590 1078 5658 512),510
1095 5589 1193 5646 Marcei
1210 5589 1267 5657 IX,
1287 5591 1333 5645 eol.
1351 5591 1419 5656 841;
1443 5588 1518 5643 (bno.
1539 5586 1696 5642 MatreuII
1716 5588 1755 5652 (a.
1773 5587 1843 5654 585),
1861 5588 1929 5654 56;
1956 5586 2035 5643 conc.
2067 5603 2096 5644 eo

413 5690 561 5746 Autessiod.
580 5706 600 5744 c.
622 5690 661 5757 19,
682 5689 742 5744 LL.
765 5690 879 5758 05551,
893 5708 923 5760 p.
942 5693 1000 5747 161.
1019 5693 1074 5748 181.
1163 5695 1208 5756 89)
1228 5691 1318 5747 Galat.
1336 5693 1362 5760 4,
1379 5694 1404 5747 4.
1807 5707 1809 5712 “
