4568 6434
419 449 482 512 248
536 444 805 499 ADDI'IAMENTA
824 445 872 498 AD
890 443 1136 499 uurlruunmn
1157 441 1284 496 REGUM
1307 441 1490 497 l‘rtunumu
1509 441 1738 497 oulurvrnlus.
1758 475 1790 483 -
1810 443 1858 496 Νι.
1870 443 1928 497 252.

338 629 398 682 895.
418 621 568 698 circuire,
599 622 671 704 qui⁶
701 626 811 684 tamen
844 621 995 704 exigant,
1028 626 1064 683 ut
1092 619 1296 696 mansiones,
1331 617 1447 704 quibus
1477 619 1510 681 in
1545 620 1747 704 profectione
1777 620 1821 682 uti
1850 618 2042 695 debuerant,

414 724 477 787 alio
501 723 605 808 pretio
628 723 805 803 redimant,
837 722 912 808 quis
938 745 1053 809 parere
1077 723 1208 787 debent.
1263 721 1355 795 (ὶιιοθ
1386 721 1508 807 duplex
1537 723 1687 803 infamia,
1712 732 1768 787 et⁸
1791 720 2043 807 neglegentiae¹¹

416 835 449 892 et
472 828 641 905 avaritiae,
675 836 807 893 sanetae
831 828 956 914 synodo
986 827 1122 912 magnoi
1153 827 1276 890 horrori
1307 827 1382 902 suis;
1417 825 1471 891 et¹¹
1495 834 1692 904 statuerunt,
1723 847 1763 890 ne
1792 827 1865 912 quis
1898 825 2043 910 penitusl

416 932 501 995 ultra
524 938 679 996 exerceat
709 930 770 995 idm
801 929 986 1016 cupiditatis
1016 930 1215 1014 ingeniumn,
1252 935 1284 992 ct
1318 935 1353 992 ut
1381 929 1589 994 sollicitiores
1625 930 1690 993 siut
1725 930 1870 1016 episcopi
1907 929 2042 993 deruis

415 1035 571 1120 gregibus
594 1035 774 1101 visitandis.
2073 1057 2084 1092 s

524 1137 581 1224 (6.)
618 1139 806 1203 Perlatum⁸
834 1145 886 1202 est
909 1158 1037 1224 quoque
1067 1136 1107 1201 ad
1139 1143 1284 1201 sanctam
1317 1135 1493 1220 synodum,
1522 1137 1607 1222 quod
1639 1136 1770 1222 quidam
1800 1136 1874 1201 laici
1906 1137 2040 1224 inprobe

418 1251 518 1328 agant
541 1251 655 1308 eontra
678 1243 876 1330 presbiteros
899 1241 1008 1323 suosb,
1032 1243 1077 1305 ita
1100 1249 1136 1305 ut
1159 1239 1199 1305 de
1225 1239 1431 1304 morientium
1457 1241 1714 1326 presbiterorum
1730 1241 1915 1306 substantia
1931 1249 2041 1326 partes

416 1347 478 1411 sibi
501 1347 689 1426 vendicent,
720 1347 816 1412 sicuti
845 1346 885 1411 de
910 1346 1110 1411 substantia⁰
1141 1345 1335 1409 rusticorum
1366 1354 1525 1408 suorum0.
1573 1345 1800 1410 Interdioimus
1831 1343 1972 1430 itaqued,
2001 1366 2042 1408 ne

415 1452 477 1516 hoc
501 1453 637 1516 ulterius
660 1452 731 1532 fiat,
762 1451 836 1529 sed,
870 1452 953 1515 sicut
981 1449 1076 1514 liberi
1104 1449 1182 1513 laeti
1213 1456 1288 1512 suut
1318 1448 1358 1512 ad
1390 1448 1629 1534 suscipiendum
1658 1449 1793 1534 gradum
1823 1455 1856 1513 et
1880 1449 2042 1534 agendum

415 1555 557 1619 divinum
582 1555 738 1632 olfieium,
767 1557 813 1619 ita
836 1555 897 1619 ab⁰
926 1555 974 1617 eis
997 1552 1077 1617 nihil
1101 1553 1253 1638 exigatur
1275 1559 1385 1638 preter
1407 1550 1487 1615 Dei‘
1509 1551 1660 1616 officium.
1706 1552 1757 1617 De
1781 1553 1937 1637 peculiari
1963 1574 2040 1618 vero
2061 1581 2086 1618 ιι

416 1659 622 1724 sacerdotum
641 1660 720 1724 nihil
745 1659 806 1724 sibi
822 1666 991 1744 usurpent,
1017 1657 1096 1721 sed⁸
1118 1656 1180 1720 de¹¹
1203 1657 1328 1720 duabus
1345 1658 1491 1741 partibus
1509 1657 1630 1720 iaciant
1646 1657 1831 1741 presbiteri,
1854 1655 1941 1742 quod
1965 1656 2043 1719 sibii

415 1763 585 1849 placuerit,
610 1765 739 1828 tertiam
765 1763 943 1828 secuudum
969 1760 1152 1826 canonumk
1175 1761 1265 1824 iussa
1289 1761 1406 1845 quibus
1431 1761 1577 1824 serviunt
1600 1760 1783 1846 relinquant
1806 1751 2004 1826 ecclesiis40.

524 1867 583 1951 (7.)
619 1866 682 1930 Ut·
707 1867 879 1952 presbiteri
908 1887 971 1930 non
996 1865 1130 1942 vadant,
1159 1865 1223 1928 nisi
1253 1865 1336 1928 stola
1365 1865 1416 1928 vel
1445 1865 1550 1927 orario
1581 1863 1694 1929 induti.
1745 1865 1788 1929 ut
1816 1866 1843 1929 si
1866 1866 1897 1930 in
1923 1866 2041 1931 itinere

415 1971 589 2058 presbiteri
606 1972 787 2056 spoliantur
803 1970 855 2035 vel
872 1972 1087 2034 vulnerantur
1109 1975 1165 2032 aut
1183 1968 1373 2033 occiduntur
1396 1967 1486 2034 sincb
1511 1968 1603 2044 stola,
1628 1969 1766 2055 simplici
1792 1969 2041 2036 emendationc⁰

417 2075 620 2152 solvantur⁶;
645 2077 691 2140 si⁰
714 2097 787 2140 eum
812 2076 907 2155 stola,
930 2074 1128 2160 triplicitas.
2062 2090 2087 2127 ιι

525 2179 586 2266 (8.)
620 2171 718 2244 Ut¹41
744 2179 856 2244 laicisb
880 2177 1079 2242 indumentis
1097 2178 1204 2242 cleriei
1229 2199 1293 2241 non
1312 2183 1455 2253 utantur,
1479 2174 1511 2239 id
1535 2182 1586 2240 est
1602 2178 1749 2241 mantili⁰
1773 2179 1823 2242 vel
1846 2177 1955 2242 cattod
1972 2179 2042 2242 siue

421 2306 525 2369 cappa
549 2305 609 2347 nec
626 2283 776 2369 pretiosis
801 2289 833 2346 et
849 2283 967 2368 ineptis
984 2281 1202 2346 caltiamentis
1220 2289 1253 2344 et
1277 2281 1349 2345 aliis
1367 2281 1567 2344 vanitatum⁰
1584 2281 1792 2359 novitatibus,
1817 2281 1892 2345 sed‘
1913 2282 2042 2346 decenti

416 2388 531 2452 habitu
554 2387 657 2451 induti
682 2385 843 2451 incedant.

524 2491 585 2576 (9.)
621 2489 666 2554 Ut
696 2491 823 2554 oblatas
853 2490 992 2554 offerant
1021 2495 1110 2553 certo
1134 2509 1284 2568 numero,
1318 2487 1351 2552 id
1379 2494 1430 2552 est
1458 2489 1542 2552 inira
1572 2487 1741 2552 denarium
1772 2490 1911 2555 autVII
1934 2499 1990 2555 aut
2012 2491 2043 2554 V

416 2603 472 2662 aut
494 2596 546 2661 ΙΙΙ
569 2597 621 2661 vel
645 2616 752 2658 unam.
2062 2616 2088 2656 ro

525 2699 605 2784 (10.)
641 2697 697 2763 De
722 2698 904 2777 clericis,
933 2698 997 2783 qui
1027 2697 1113 2761 rixa
1141 2696 1463 2761 interficiuntur.
1508 2698 1564 2762 Ex
1589 2699 1759 2764 concilio
1782 2698 2043 2764 Triburiensi

417 2802 556 2890 caph.
612 2802 805 2886 Quicunque
838 2802 975 2866 clericus
999 2807 1054 2864 aut
1084 2801 1228 2866 inbelle
1260 2802 1372 2864 autin
1403 2802 1475 2866 rixa
1503 2811 1559 2866 aut
1587 2803 1756 2888 gentilium
1787 2802 1869 2867 ludis
1899 2810 2043 2869 mortuus

416 2907 529 2986 luerit,
559 2928 666 2993 neque
691 2906 856 2970 oblatione
881 2926 987 2990 neque
1013 2904 1159 2969 oratione
1183 2925 1242 2988 pro
1267 2924 1306 2968 eo
1329 2905 1523 2990 postulatur,
1548 2906 1604 2972 scd
1629 2928 1745 2972 manus
1770 2907 1892 2972 incidat
1916 2908 2042 2986 iudicis,

418 3013 587 3099 sepultura
611 3020 719 3076 tamen
743 3033 808 3076 nen
832 3011 987 3096 privetur.

520 3188 543 3240 b.
580 3185 605 3252 ο)
625 3189 769 3240 mansiones
787 3195 871 3238 tamen
894 3187 1001 3252 exigant
1024 3187 1073 3237 ulio
1096 3187 1177 3254 pretio
1196 3186 1303 3250 redemi,
1327 3203 1393 3253 quaa
1412 3203 1499 3238 eorum
1518 3189 1667 3254 profectioni
1685 3189 1827 3240 debuerant
1845 3188 1937 3256 parari.
1972 3192 2044 3252 Quae
2061 3203 2086 3244 Ia

418 3274 511 3326 Satist.
612 3273 633 3336 l)
650 3290 717 3340 quae
743 3273 796 3324 Cat.
896 3273 924 3341 g)
952 3275 1000 3324 boo
1027 3283 1065 3325 est
1092 3272 1185 3325 Salat.
1292 3274 1320 3334 1))
1347 3275 1506 3340 negligentia
1531 3282 1557 3326 et
1583 3275 1694 3326 avaritia
1717 3275 1794 3342 Κεφ,
1819 3275 1926 3341 Salat,
1945 3275 2043 3327 Barcb.

417 3361 437 3426 i)
455 3361 552 3412 horrori
575 3362 624 3412 fuit
646 3378 739 3428 magno
761 3361 806 3412 lid.
898 3360 927 3422 ir)
946 3360 1053 3426 ideoque
1076 3361 1208 3412 interdixit
1232 3359 1327 3412 Solisb.
1415 3361 1434 3426 l)
1459 3378 1507 3413 om.
1530 3361 1575 3425 id,
1600 3361 1696 3412 Burcb.
1793 3360 1828 3424 ιιι)
1847 3363 2001 3414 horrendum
2019 3373 2045 3414 et

416 3447 479 3498 odd.
498 3445 593 3498 Salisb.
681 3447 708 3509 ιι)
727 3445 830 3512 Emptis.
849 3447 885 3497 id.

520 3530 545 3583 6.
583 3533 639 3600 Osr.
661 3533 721 3584 Tab.
735 3532 786 3596 11⁷,
808 3550 849 3582 nr.
863 3531 887 3582 6.
927 3531 953 3596 ιι)
975 3533 1048 3596 Quod
1075 3534 1133 3584 laici
1160 3535 1191 3584 de
1218 3533 1363 3584 substantia
1389 3535 1552 3584 morientium
1578 3535 1785 3600 presbyterorum
1811 3551 1917 3586 suerum
1945 3537 2044 3588 nullam

417 3620 558 3686 portionem
571 3620 705 3686 accipiant.
742 3621 781 3669 Ex
794 3619 881 3669 eodem
900 3617 945 3681 (ac.
965 3619 1133 3684 Ibiburiensi)
1151 3636 1208 3686 cap.
1221 3620 1253 3669 ll.
1272 3619 1343 3671 rubr.
1371 3636 1413 3684 ap.
1433 3619 1507 3686 naqa
1526 3623 1564 3672 De
1577 3621 1649 3672 laicis
1662 3621 1824 3672 morientium
1836 3622 2043 3688 presbyterorum
2062 3641 2088 3678 ιιι)

416 3707 588 3757 substantiam
607 3705 786 3772 diripientibus
803 3706 875 3757 rubr.
894 3722 936 3770 ap.
956 3705 1017 3772 Rep.
1036 3707 1121 3772 App.;
1148 3707 1187 3757 Da
1210 3706 1352 3757 substantia
1375 3706 1489 3757 defuncti
1507 3707 1662 3774 presbyteri,
1688 3709 1762 3760 cuius
1784 3725 1839 3760 esse
1862 3710 1962 3761 debeat.
2004 3713 2043 3761 Ex

416 3794 525 3844 coneilio
543 3793 703 3844 Triburiensi
721 3809 776 3859 cap.
795 3794 895 3857 XXIII,
920 3793 962 3844 cui
988 3794 1104 3845 interluit
1122 3795 1246 3844 Amulius
1264 3811 1317 3846 rex.
1361 3795 1453 3845 Sancto
1472 3794 1580 3845 coneilio
1598 3794 1705 3846 allatum
1724 3795 1847 3861 estquod
1866 3795 1977 3855 Burcd.;
2003 3799 2043 3848 Ex

417 3883 505 3934 eodem
524 3899 577 3948 cap.
590 3881 736 3931 XXXVIII.
750 3880 820 3930 rubr.
839 3880 867 3930 in
878 3879 982 3930 Monac.
996 3877 1134 3944 5541„qa2·
1152 3897 1274 3930 raunaerua
1285 3897 1374 3931 errore
1386 3881 1483 3931 acribus
1501 3898 1532 3931 ca
1543 3897 1649 3932 nunrero
1668 3883 1758 3946 capitia
1776 3898 1818 3946 ap.
1833 3881 1894 3948 ch.
1912 3884 1955 3948 (11,
1968 3902 1989 3934 c.
2000 3882 2043 3948 39)

416 3977 487 4018 ortas
503 3968 605 4018 uidetur
622 3984 683 4018 crac.
770 3965 798 4030 1))
817 3983 865 4021 om,
886 3965 940 4017 Cat.
1036 3967 1061 4026 c)
1080 3966 1187 4032 propriis
1205 3967 1287 4016 servis
1305 3965 1376 4032 Bep,
1395 3966 1508 4031 dionae,
1527 3967 1624 4019 Barcb.
1704 3966 1731 4035 ι1)
1750 3971 1873 4020 canonica
1891 3971 2043 4021 auctoritate

417 4053 478 4104 ovid.
496 4053 594 4105 Burclr.
673 4050 699 4118 a)
717 4053 781 4104 nihil
800 4053 833 4104 ab
852 4053 888 4103 sis
905 4052 941 4102 id.
1021 4053 1223 4114 Ildivinumid.
1304 4051 1331 4120 g)
1352 4054 1396 4104 sed
1421 4062 1503 4104 totum
1521 4054 1547 4104 in
1566 4062 1676 4120 quatuor
1693 4056 1821 4107 dividatur
1839 4063 1936 4122 partes:
1958 4058 2042 4108 una”
2061 4071 2085 4110 ta

415 4141 547 4207 episcopo,
575 4142 625 4192 alia
642 4141 729 4204 altari,
755 4140 836 4190 tercia
854 4140 1021 4206 pauperibus,
1049 4147 1141 4205 quarta
1159 4141 1308 4206 parentibus
1326 4149 1365 4200 et,
1390 4142 1412 4190 si
1431 4158 1482 4191 uon
1500 4147 1561 4192 aunt
1579 4142 1664 4193 idonei
1682 4151 1815 4208 parentes,
1834 4145 1968 4212 episcopus
1986 4163 2041 4196 sam

415 4228 522 4294 recipiat
543 4235 569 4279 et
586 4229 613 4278 in
636 4245 711 4280 usum
735 4228 876 4279 aecclesiae
899 4227 1036 4294 diligenter
1053 4227 1197 4278 distribuat.
1233 4229 1265 4277 Et
1288 4229 1310 4278 si
1333 4229 1392 4294 quis
1408 4236 1497 4278 contra
1521 4230 1583 4280 haec
1611 4231 1693 4280 tacere
1716 4231 1910 4298 presumpserit,
1936 4233 2042 4284 anathe-

416 4316 551 4367 matizetur
567 4315 603 4366 td.
701 4313 730 4378 h)
748 4330 781 4365 ex
798 4313 859 4380 Bep.
879 4315 948 4379 App.
1047 4311 1066 4376 i)
1090 4313 1127 4364 eis
1150 4313 1232 4364 visum
1256 4314 1332 4364 luerit
1357 4313 1426 4380 Ray,
1452 4313 1555 4364 Merrae.
1643 4315 1670 4375 k)
1688 4316 1758 4367 iussa
1774 4332 1830 4368 can.
1851 4317 1904 4368 Cat.

519 4400 544 4454 7.
582 4401 637 4469 Gsr.
655 4401 715 4453 Tab.
728 4401 747 4452 Ι
752 4400 779 4466 V,
797 4419 839 4452 nr.
849 4399 872 4451 7.
908 4399 934 4464 a)
948 4402 983 4451 Ut
995 4401 1137 4467 presbytori
1150 4417 1208 4451 cum
1220 4401 1286 4452 stela
1298 4401 1426 4452 incedant.
1462 4403 1500 4451 Ex
1521 4402 1619 4468 synodo
1639 4403 1799 4454 Triburiensi
1815 4404 1886 4454 mbr.
1904 4422 1948 4471 ap.
1968 4406 2042 4474 naq„-

416 4492 455 4542 De
473 4489 639 4556 presbyteris,
661 4489 706 4555 qui
729 4487 783 4538 sine
806 4488 888 4538 orario
910 4488 1070 4539 occiduntur.
1111 4489 1149 4537 Ex
1172 4488 1280 4539 concilio
1304 4489 1464 4538 Triburiensi
1483 4505 1538 4556 cap.
1552 4490 1646 4548 XXVI,
1665 4491 1709 4540 eui
1726 4492 1843 4542 interluit
1860 4509 1905 4544 rex
1918 4495 2041 4548 ernolfus
2060 4508 2086 4546 to

415 4578 486 4628 rubr.
505 4595 548 4642 ep.
567 4574 664 4625 Barcb.
752 4571 781 4640 1))
800 4592 852 4626 non
870 4575 936 4626 stola
953 4575 1040 4626 vestiti
1057 4573 1100 4624 iid.
1189 4573 1214 4636 e)
1233 4591 1280 4625 rua
1298 4573 1360 4624 add.
1377 4575 1423 4624 iid.
1518 4576 1544 4640 d)
1563 4577 1681 4628 solvatur
1696 4578 1750 4628 Cat.
1830 4577 1854 4640 a)
1873 4587 1960 4632 autam
1979 4583 2041 4635 cdd.

415 4663 486 4730 1309,
505 4661 602 4714 Burcb.
690 4659 710 4724 1)
729 4660 822 4727 triplici
840 4658 937 4711 Burcb.

518 4747 543 4800 8.
581 4748 635 4816 CJr.
669 4747 729 4797 Tab.
750 4745 802 4810 IV,
827 4763 869 4797 ar.
889 4743 913 4797 8.
958 4744 985 4813 a)
1013 4748 1050 4798 Ne
1077 4747 1163 4798 clerici
1190 4748 1324 4798 laicalibus
1350 4749 1490 4798 induantur
1515 4750 1639 4802 vestibus.
1688 4753 1727 4801 Ex
1749 4752 1858 4804 concilio
1885 4771 1936 4818 quo
1964 4766 2061 4821 supra

414 4835 460 4900 (sc.
480 4835 643 4904 Mopuatino)
662 4835 733 4884 rubr.
752 4851 794 4900 ap.
813 4833 888 4900 Bega
915 4835 955 4885 Da
973 4834 1078 4900 clericis,
1102 4835 1146 4900 qui
1163 4835 1299 4886 laicalibus
1318 4835 1476 4887 vestimentis
1494 4843 1609 4887 utuntur.
1642 4838 1680 4888 Ex
1697 4838 1786 4888 eodem
1803 4836 1848 4900 (ec.
1873 4838 2042 4904 Triburiensi)

414 4940 470 4990 cap.
487 4924 593 4973 XXVII.
615 4923 686 4974 nabe.
708 4937 751 4986 ap.
773 4919 870 4970 Barcb.
966 4921 994 4984 1))
1012 4921 1147 4972 laicalibus
1170 4921 1329 4972 vestimentis
1347 4921 1391 4971 ild.
1488 4923 1512 4978 el
1538 4923 1659 4974 mantello
1682 4923 1796 4988 Burcb.,·
1822 4926 1973 4977 mantellum
2000 4928 2042 4978 vel
2060 4939 2085 4978 4⁵

414 5016 510 5061 cottum
529 5009 591 5075 Bcp.
663 5009 689 5068 d)
708 5008 762 5059 sive
781 5007 842 5058 cdd.
864 5008 948 5058 altero
966 5023 1059 5057 manue
1077 5009 1105 5058 ιἰι
1125 5007 1179 5059 Cat.
1250 5014 1276 5060 el
1296 5009 1438 5060 novitatum
1457 5009 1615 5060 vanitatibus
1634 5009 1703 5074 Rep,
1720 5009 1815 5061 Bur-cb.
1887 5014 1907 5078 1)
1924 5013 2042 5081 religioso

414 5104 440 5148 ct
458 5096 520 5148 odd.
539 5095 583 5147 ild.

517 5233 562 5302 39)
583 5229 640 5298 Ost.
658 5247 678 5286 c.
695 5231 736 5298 13,
755 5247 775 5284 a.
792 5231 853 5297 (iac.
949 5230 994 5297 40)
1014 5230 1142 5299 Sequitur
1164 5230 1195 5284 ia
1214 5231 1277 5286 Goll.
1297 5232 1369 5286 eac.-
1395 5233 1466 5286 Item
1485 5233 1623 5287 saucitum
1649 5236 1692 5288 cst
1716 5234 1746 5287 iu
1764 5234 1928 5305 capitulari,
1954 5252 1990 5290 uc
2007 5234 2042 5290 de

414 5335 565 5390 seminibus
583 5337 650 5404 (pavr
667 5339 774 5404 moiseo)
799 5333 931 5389 ecclesiae
949 5351 1040 5403 neque
1059 5334 1093 5390 de
1112 5335 1227 5391 decimis
1245 5353 1335 5405 neque
1353 5337 1387 5391 de
1405 5336 1608 5402 oblationibus,
1627 5355 1683 5392 non
1702 5338 1736 5392 de
1754 5338 1881 5394 domibus
1900 5339 1942 5393 vel
1961 5339 2042 5394 atriis

415 5439 495 5494 iuxta
514 5439 658 5494 ecclesiam
677 5439 776 5508 positis
794 5437 909 5508 aliquod
928 5437 1072 5492 servitium
1092 5439 1198 5494 faciant
1216 5440 1427 5510 (etpresbyteri)
1446 5445 1539 5510 preter
1551 5442 1778 5497 ecclesiasticum.
1815 5442 1843 5498 Si
1856 5442 1964 5512 aliquid
1977 5460 2042 5498 vero
2060 5461 2086 5500 ao

414 5542 536 5611 amplius
554 5541 711 5608 habuerint,
731 5542 797 5597 iude
815 5543 921 5597 faciant
939 5541 1083 5597 servitium
1103 5542 1257 5598 senioribus
1280 5543 1351 5608 suis;
1378 5544 1429 5610 cfr.
1448 5546 1548 5616 Amcp.
1568 5545 1596 5612 1,
1621 5562 1641 5600 c.
1658 5547 1705 5611 85,
1733 5551 1792 5600 lom.
1809 5547 1836 5614 1,
1858 5547 1960 5614 ator,
1978 5547 2041 5616 aaa

413 5649 484 5716 App.
505 5647 579 5714 1,43,
598 5664 684 5716 supra
698 5667 728 5716 p.
740 5650 801 5714 218,
818 5654 873 5702 aot.
886 5650 927 5716 aa,
947 5666 968 5702 s.
985 5648 1047 5713 fiac.
1147 5651 1192 5716 41)
1212 5649 1376 5718 Eucerptam
1398 5665 1430 5703 aa
1455 5649 1534 5705 Cone.
1561 5649 1635 5704 Met.
1654 5651 1714 5717 888,
1731 5666 1752 5704 c.
1771 5653 1795 5714 6,
1818 5651 1912 5706 Massi
1926 5650 2041 5722 XVIII,

413 5753 459 5806 ool.
473 5752 523 5818 79;
546 5753 595 5819 cfr.
613 5769 683 5822 quac
702 5751 761 5807 dici
779 5753 810 5806 in
829 5751 911 5806 ‘Na’
932 5751 963 5806 X
970 5751 1053 5808 VIII.
