4634 6436
499 432 768 488 heornelinum
787 432 835 486 AD
853 431 1099 486 CAPITULARIA
1117 431 1246 488 REGUM
1264 432 1418 488 lusarca.
1439 463 1472 472 -
1490 435 1538 488 Nr.
1551 435 1610 490 830.
1809 439 1869 499 125

245 608 333 694 piam
364 628 473 672 rerum
502 606 648 687 auferre,
679 613 850 693 postquam
880 627 940 692 per
966 612 1131 671 nostram⁰
1154 606 1411 671 misericordiam
1433 628 1470 672 se
1493 609 1779 694 proclamaverint,
1808 609 1869 673 im·
1887 615 1947 669 898.

245 711 377 796 perialis
400 710 534 774 ultionis
558 709 813 794 indignationem
837 711 989 774 incurrat.

354 813 434 898 Cap.
458 817 487 877 3.
521 811 569 876 Ut
590 805 819 898 privilegium⁸
843 821 975 878 sanctae
994 813 1162 878 Romanae
1186 814 1355 893 ecclesiae,
1379 813 1466 898 quod
1489 835 1508 876 a
1531 813 1645 899 priscis
1669 813 1869 900 temporibus

245 939 305 1003 per
327 917 491 1004 piissimos
515 917 730 1002 imperatores
755 917 936 981 stabilitum
961 923 1012 981 est
1035 923 1132 1002 atque
1156 918 1333 995 firmatum,
1368 917 1414 981 ita
1437 937 1521 981 nunc
1544 938 1565 980 a
1587 916 1702 981 nohis⁰
1725 917 1872 982 firmetur

213 1026 280 1085 set
307 1019 421 1084 diebus
452 1021 604 1099 nostris⁰‚
634 1019 718 1083 sicut
741 1019 912 1098 condecet,
940 1021 1171 1084 immutilatum
1195 1026 1343 1085 servetur
1366 1026 1400 1084 et
1423 1025 1536 1084 sancta
1558 1019 1707 1084 Romana
1730 1019 1869 1084 ecclesia

245 1129 351 1188 mater
373 1129 485 1186 nostra
508 1124 684 1198 exaltetur,
708 1129 901 1207 protegatur
924 1144 962 1187 ao
986 1121 1192 1201 defendatur,
1217 1122 1323 1208 quoad
1347 1123 1473 1209 imperii
1496 1124 1619 1187 nostri⁰
1643 1129 1704 1188 est.

354 1225 433 1312 Cap.
459 1232 509 1290 4⁴¹.
543 1225 589 1289 Ut
616 1225 774 1310 synodus,
805 1245 889 1310 quae
913 1226 1029 1290 vestris
1058 1226 1257 1311 temporibus
1285 1227 1318 1290 in
1341 1227 1478 1291 basilica
1501 1226 1591 1291 beati
1613 1226 1703 1291 Petri
1732 1225 1870 1311 apostoli

245 1350 304 1416 pro
336 1330 500 1394 nonnullis
530 1329 623 1392 malis
655 1328 858 1394 eradicandis
894 1335 927 1392 et
955 1330 1097 1393 maxime
1132 1352 1191 1416 pro
1226 1351 1326 1394 causa
1359 1330 1468 1394 domni
1497 1331 1646 1394 Formosi
1673 1329 1870 1394 sanctissimi

245 1454 352 1519 papae
376 1439 451 1497 acta
474 1425 555 1511 carl,
580 1440 690 1497 vestro
713 1433 874 1518 imperiali
899 1454 1058 1497 consensu
1081 1439 1114 1496 et
1130 1435 1366 1498 venerabilium
1384 1435 1609 1519 episcoporum
1627 1439 1660 1497 et
1676 1433 1869 1519 optimatum

202 1564 227 1601 ιο
246 1543 430 1600 vestrorum
452 1536 625 1600 roboretur
648 1557 687 1599 ac
709 1537 944 1622 perpetualiter
967 1538 1114 1602 stabilita
1137 1544 1296 1604 servetur.
1336 1536 1429 1610 Quae
1453 1558 1517 1602 non
1542 1537 1683 1602 invidiae
1707 1538 1788 1617 zelo,
1812 1535 1869 1600 sed

246 1638 449 1704 rectitudinis
472 1640 579 1724 gratia
602 1639 755 1704 canonice
779 1647 922 1725 peracta.

355 1742 433 1828 Cap.
459 1746 489 1806 5.
523 1742 569 1806 Ut
591 1748 702 1806 tautae
727 1743 928 1828 impietates,
957 1765 1014 1830 pro
1038 1744 1154 1829 quibus
1183 1765 1241 1809 nos
1270 1745 1311 1810 ed
1335 1765 1394 1809 vos
1417 1745 1636 1826 venissemus,
1666 1765 1747 1828 quas
1770 1743 1870 1808 etiam

245 1867 306 1932 per
329 1847 494 1911 territoria
516 1854 628 1911 nostra
650 1845 789 1911 vidimus
813 1848 846 1910 in
869 1848 1128 1928 tractationibus,
1153 1848 1471 1934 depraedationibus,
1497 1846 1666 1927 incendiis,
1690 1846 1814 1931 rapinis
1837 1853 1871 1910 et

247 1949 417 2029 violentiis,
442 1949 568 2014 avobis
592 1949 842 2034 diligentissime
866 1950 1069 2035 inquirantur
1093 1957 1135 2031 ct,
1160 1957 1256 2036 prout
1279 1973 1417 2016 necesse
1442 1957 1503 2030 cst,
1526 1950 1677 2035 legaliter
1693 1948 1870 2014 emenden-

202 2081 227 2120 ιε
247 2061 314 2131 tur,
350 2054 502 2138 quoniam
535 2059 626 2117 tauto
659 2053 770 2117 dolore
803 2055 946 2138 perculsi
979 2075 1091 2118 sumus
1118 2055 1198 2118 talia
1227 2054 1503 2139 contemplantes,
1539 2052 1625 2138 quod
1654 2053 1759 2138 magis
1789 2053 1870 2117 mori

247 2159 468 2243 cupieramus,
498 2177 593 2242 quarn
617 2156 697 2220 talia
719 2157 751 2220 in
775 2158 896 2221 nostris
920 2158 1035 2223 diebus
1059 2160 1294 2239 cernissemus,
1324 2159 1365 2223 de
1390 2158 1524 2244 quibus,
1557 2160 1585 2223 si
1610 2156 1783 2223 emendata
1806 2177 1871 2221 non

245 2261 381 2340 fuerint,
416 2282 474 2324 vos
509 2266 543 2324 et
575 2279 636 2324 nos
670 2281 691 2324 a
721 2281 847 2324 summo
876 2261 985 2325 iudice
1014 2261 1167 2328 distincte
1198 2282 1402 2346 quaeremur.
1456 2260 1536 2326 Ideo
1570 2262 1711 2346 petimus
1747 2266 1780 2324 et
1811 2281 1872 2345 per

247 2362 413 2428 Christum
436 2363 601 2428 domiuum
625 2362 825 2444 adiuramus,
848 2371 885 2428 ut
907 2365 986 2429 talia
1008 2365 1167 2452 impunita
1189 2387 1254 2430 non
1277 2365 1457 2430 dimittatis.

355 2466 434 2552 Cap.
459 2468 489 2532 6.
517 2465 563 2530 Ut
582 2458 761 2551 pactum10,
785 2466 870 2551 quod
892 2467 1043 2532 abeatae
1065 2469 1241 2532 memoriae
1257 2474 1366 2533 vestro
1383 2469 1532 2552 genitore
1550 2467 1679 2533 domino
1693 2459 1869 2532 Widone11

203 2594 229 2632 20
247 2576 281 2634 et
307 2591 327 2633 a
355 2569 447 2634 robis
480 2569 636 2655 piissimis
671 2569 921 2653 imperatoribus
955 2571 1046 2634 iuxta
1080 2571 1331 2657 praecedentem
1359 2570 1629 2636 consuetudinem
1656 2572 1778 2638 iactum
1809 2576 1870 2650 est,

246 2695 331 2739 nunc
355 2675 575 2757 reintegretur
597 2679 630 2737 et
653 2673 843 2738 inviolatum
868 2681 1024 2739 serretur.

353 2776 434 2862 Cap.
456 2779 485 2842 7.
520 2775 572 2841 De
596 2777 676 2841 locis
699 2781 809 2842 autem
832 2783 930 2861 atque
959 2776 1072 2857 rebus,
1102 2797 1185 2861 quae
1209 2777 1241 2841 in
1265 2776 1380 2842 eodem
1404 2783 1500 2863 pacto
1524 2777 1742 2857 continentur,
1773 2797 1870 2862 prae-

246 2871 377 2966 cepta¹2
401 2879 557 2943 nonnulla
579 2878 693 2944 illicita
714 2880 803 2944 facta
826 2885 917 2959 sunt,
947 2900 1031 2964 quae
1055 2879 1213 2965 petimus,
1242 2885 1278 2943 ut
1306 2880 1340 2944 in
1363 2879 1477 2945 eadem
1501 2881 1623 2966 synodo
1646 2880 1870 2960 terminentur,

247 2989 280 3047 et
302 3003 386 3068 quae
410 3003 475 3047 uon
498 2989 588 3048 reete
610 2982 699 3046 iacta
721 2989 898 3068 praecepta
922 2989 1008 3063 sunt,
1033 2989 1291 3069 corrumpantur.

204 3109 229 3148 a
355 3084 435 3171 Cap.
460 3087 490 3150 8.
526 3083 572 3150 Ut
594 3085 790 3171 patrimonia
818 3105 877 3150 seu
901 3086 1090 3151 suburbana
1113 3093 1211 3172 atque
1234 3106 1362 3151 massae
1387 3093 1420 3150 et
1444 3085 1618 3150 colonitiae
1642 3106 1768 3150 necnon
1792 3085 1870 3150 civi-

247 3195 349 3270 tates,
373 3210 457 3274 quae
480 3194 592 3252 contra
615 3188 789 3269 rationem,
813 3189 907 3274 quasi
930 3210 989 3275 per
1011 3181 1224 3275 praecepta¹²
1247 3190 1365 3274 largita
1388 3194 1479 3270 sunt,
1504 3189 1661 3275 petimus,
1685 3189 1870 3270 reddantur,

246 3313 382 3379 ipsaque
407 3302 477 3359 ...¹

355 3394 435 3478 Cap.
460 3398 490 3462 9.
525 3393 665 3460 Vestrae
702 3393 802 3479 igitur
836 3394 1002 3459 maiestati
1040 3415 1104 3458 non
1142 3400 1271 3458 manet⁸
1306 3394 1523 3480 incognitum,
1564 3396 1705 3482 qualiter
1741 3393 1871 3459 illicitas

247 3497 492 3562 coniunctiones
521 3496 662 3562 Romani
697 3503 731 3562 et
757 3496 967 3582 Lougobardi
1000 3498 1096 3562 simul
1131 3504 1164 3562 et
1193 3497 1311 3562 Franci
1346 3504 1461 3562 contra
1495 3499 1710 3586 apostolicam
1744 3503 1777 3563 et
1810 3499 1870 3561 im-

203 3626 229 3664 ao
246 3601 406 3686 perialem
440 3601 640 3665 voluntatem
679 3600 788 3664 facere
827 3620 1078 3686 praesumpsere
1119 3601 1152 3664 in
1188 3601 1361 3666 territoriis
1399 3602 1490 3666 beati
1524 3602 1614 3666 Petri
1647 3601 1871 3688 apostolorum

247 3705 418 3791 principis:
451 3705 602 3790 petimus,
626 3709 672 3786 ut,
697 3705 782 3768 sicut
804 3725 823 3768 a
847 3703 964 3768 vestris
987 3703 1251 3770 antecessoribus
1275 3704 1528 3790 imperatoribus
1552 3695 1787 3790 prohibitum¹³
1810 3710 1871 3782 est,

248 3829 288 3872 ne
312 3828 443 3893 quoquo
466 3806 561 3871 modo
584 3807 715 3887 fierent,
744 3807 788 3871 ita
811 3806 928 3871 amodo
952 3814 1060 3872 vestro
1084 3809 1247 3894 augustali
1270 3808 1402 3874 decreto
1425 3808 1617 3873 omnimodis
1639 3807 1873 3894 prohibeantur

248 3916 281 3974 et
305 3910 513 3996 synodaliter,
538 3931 578 3974 ne
602 3909 719 3975 amodo
743 3931 781 3974 ao
805 3908 961 3995 deinceps
983 3910 1053 3974 fieri
1077 3916 1253 3993 tententur,
1282 3912 1315 3976 in
1336 3920 1531 3999 perpetuum
1553 3912 1689 3976 firmiter
1709 3915 1873 3976 statuatur

248 4019 346 4099 atque
370 4015 525 4079 firmetur.

204 4141 229 4180 ss
356 4118 435 4204 Cap.
462 4123 509 4182 10.
544 4116 596 4182 De
620 4117 683 4182 hoc
711 4137 789 4181 sane
811 4136 891 4202 pree
914 4115 1064 4181 omuibus
1088 4117 1314 4198 condolemus,
1344 4119 1420 4203 quia
1443 4117 1483 4182 ad
1507 4124 1633 4183 tantum
1656 4117 1871 4202 apostolicum

248 4222 376 4287 culmen
399 4222 506 4306 gratia
522 4218 643 4284 Christi
665 4222 821 4306 provecti,
846 4242 919 4285 cum
942 4222 1117 4286 ecelesiam
1139 4221 1271 4286 Domini
1296 4222 1477 4303 salvatoris,
1501 4243 1585 4307 quae
1603 4221 1873 4286 Constantiniana

247 4333 396 4408 vocatur,
425 4325 623 4391 destructam
648 4346 870 4406 cerneremus,
902 4324 1080 4391 direximus
1103 4347 1162 4412 pro
1187 4326 1273 4390 illius
1296 4327 1407 4411 aliqua
1430 4325 1669 4389 restauratione
1697 4322 1871 4389 adtrahes

248 4428 452 4509 incidendas,
484 4428 542 4494 sed
571 4429 626 4513 qui
656 4427 772 4495 directi
800 4435 875 4494 sunt
903 4429 1057 4509 anobis,
1090 4451 1174 4515 quae
1202 4431 1389 4496 necessaria
1411 4435 1522 4508 eraut,
1554 4428 1613 4492 ,bs
1635 4428 1872 4508 malitiosorum

247 4534 414 4599 hominum
437 4534 680 4599 infestationem
702 4535 813 4600 facere
842 4535 930 4598 nullo
958 4534 1053 4598 modo
1077 4535 1259 4600 valuerunt.
1305 4535 1412 4619 Super
1433 4531 1550 4617 quihus
1573 4531 1740 4612 omnibus,
1770 4531 1868 4595 caris-

206 4656 232 4693 ω
250 4637 330 4702 sime
359 4637 421 4716 fili,
450 4634 559 4701 videte
588 4636 774 4717 nobiscum,
805 4646 839 4704 et
862 4643 1018 4725 quantum
1047 4639 1090 4703 sit
1118 4639 1275 4704 indecens
1298 4643 1517 4723 quantamque
1540 4635 1729 4700 violentiam
1757 4641 1872 4699 sancta

248 4747 355 4806 mater
377 4741 527 4806 Romans
554 4740 696 4805 ecclesia
724 4741 767 4806 sit
793 4764 904 4828 passa,
935 4741 1123 4808 medullitus
1147 4741 1368 4820 considerate,
1400 4745 1434 4805 et
1456 4744 1493 4803 ut
1520 4737 1636 4802 amodo
1660 4743 1694 4802 et
1716 4737 1872 4824 deinceps

249 4852 358 4910 vestro
382 4845 541 4930 imperiali
564 4843 670 4908 studio
695 4843 907 4931 adoptatum
930 4846 1074 4930 vigorem
1098 4845 1304 4931 perducatur,
1333 4844 1417 4908 sicut
1438 4841 1670 4906 dilectissimus
1694 4842 1764 4907 eius
1786 4841 1872 4906 filius

250 4954 283 5012 et
305 4949 482 5034 imperator
504 4948 766 5029 sublimissimus,
790 4969 924 5034 operam
945 4948 1032 5015 date.
1069 4946 1136 5013 Sed
1153 4948 1214 5012 hoc
1235 4948 1318 5012 scire
1335 4967 1393 5011 sos
1409 4945 1570 5026 volumus,
1593 4945 1745 5031 quoniam
1761 4951 1874 5010 sancta

352 5135 379 5201 q)
397 5136 516 5188 Pontifex
539 5137 579 5188 his
600 5137 696 5188 subicit
717 5136 766 5188 ista
783 5136 846 5188 add.
864 5135 931 5188 Bor.
949 5145 977 5188 al
994 5136 1093 5188 videm
1110 5153 1160 5188 aaa
1177 5145 1272 5203 morale.
1342 5136 1366 5201 r)
1392 5135 1474 5188 Verba
1491 5135 1652 5195 accidentem
1678 5143 1875 5204 corrumpantur

208 5233 233 5272 aa
249 5222 289 5275 cel
305 5222 396 5274 emilie
413 5222 585 5288 mpplerrdcrn
602 5231 646 5275 est.
733 5222 757 5288 s)
776 5230 879 5276 maneat
897 5240 963 5276 corr.
984 5223 1102 5288 Golden,
1121 5223 1205 5275 Comi.
1223 5231 1281 5275 tem.
1294 5222 1353 5288 III,
1368 5241 1395 5289 p.
1408 5219 1467 5275 297.
1556 5222 1577 5286 t)
1595 5223 1630 5275 ab
1649 5221 1672 5274 1.

349 5408 377 5474 8)
397 5407 479 5475 Infra
498 5425 520 5464 e.
534 5411 559 5464 6.
664 5411 692 5476 9)
712 5409 790 5463 Cone.
811 5409 926 5464 Romam
945 5410 1005 5476 898,
1027 5409 1122 5462 Marcei
1141 5407 1263 5474 XVIII,
1282 5408 1328 5461 eol.
1341 5408 1390 5462 221
1404 5423 1474 5476 sqq.,·
1499 5408 1550 5473 cfr.
1569 5409 1706 5464 Drimmler
1725 5409 1741 5462 l.
1757 5424 1778 5462 c.
1799 5407 1874 5476 ΠΡ,

244 5511 400 5578 p.4aesqq.
473 5513 515 5582 10)
534 5512 626 5581 Sirpra
642 5528 664 5567 c.
677 5513 702 5566 3.
774 5515 817 5580 ll)
837 5513 894 5580 Csr.
910 5511 1033 5566 Widoais
1052 5511 1137 5580 capis.
1155 5511 1224 5565 dect.
1243 5511 1302 5578 889,
1320 5525 1406 5578 supra
1420 5527 1450 5578 p.
1464 5511 1522 5579 104,
1542 5526 1564 5564 c.
1581 5513 1602 5564 l.
1674 5511 1717 5578 12)
1736 5509 1803 5564 Non
1820 5511 1875 5564 iam

248 5617 349 5666 emtore
371 5613 503 5669 ridentem.
608 5616 651 5682 13)
670 5614 727 5681 Csr.
746 5615 835 5670 Hlud.
854 5616 894 5670 ΙΙ.
915 5616 981 5684 Cap.
1000 5616 1071 5685 Pap.
1088 5616 1148 5682 850,
1171 5631 1255 5683 aspra
1268 5632 1299 5683 p.
1312 5615 1354 5681 88,
1372 5629 1394 5667 c.
1408 5617 1431 5668 1.
1442 5615 1474 5680 2;
1500 5614 1563 5681 (hp.
1582 5615 1652 5669 mim.
1670 5615 1797 5668 Wormot.
1815 5614 1875 5683 829,

249 5731 332 5784 supra
345 5732 376 5784 p.
389 5717 430 5784 18,
450 5733 472 5771 c.
487 5717 527 5772 10.
