4560 6426
382 441 629 497 CAPITULARIA
648 442 779 497 REGUM
798 441 983 498 eaenulas
1004 442 1266 498 OCOIDEN'I'ALIS
1286 444 1435 513 (Kanum
1448 446 1494 515 II).
1513 476 1545 486 -
1564 447 1613 501 Νι.
1625 448 1684 502 272.
1779 451 1840 514 307

219 617 359 682 missosW
383 623 437 682 et¹
460 617 609 695 comites,
632 623 668 681 ut
696 617 751 681 illa
782 608 971 703 capitula30,
1001 638 1084 702 quae
1117 618 1192 683 inde
1221 626 1296 684 ante
1320 620 1377 684 hos
1400 641 1500 684 annos
1523 621 1555 684 in
1578 641 1677 687 unum
1702 621 1840 687 collecta
1857 625 1917 682 862.

220 722 351 786 luerunt
374 728 407 786 et
429 723 462 786 iu
486 719 672 786 carisiacor
695 723 859 809 episcopis
891 728 924 786 et
951 723 1059 786 missis
1087 726 1204 788 nostris
1233 746 1294 810 per
1321 724 1507 788 universum
1533 746 1668 810 reguum
1693 733 1839 790 nostrum

219 825 260 890 ad
293 823 520 910 exequendum
556 824 762 907 donavimus,
793 825 850 890 sed
880 834 914 890 et
942 817 1044 905 illa³¹,
1076 846 1159 911 quae
1190 847 1351 892 consensu
1384 826 1528 891 fidelium
1557 835 1741 894 nostrorum
1768 828 1839 893 fieri

220 930 384 1008 iussimus,
407 929 536 1014 quando
561 941 652 994 cum¹
676 930 792 994 fratrez
816 935 926 992 nostro
943 929 1117 993 Hlothario
1135 929 1275 1014 glorioso
1292 931 1509 1015 imperatore·
1524 931 1610 1017 apud
1625 931 1838 997 Valentianos

190 1034 320 1098 elocuti
343 1033 477 1108 luimus,
510 1039 543 1096 et
564 1031 716 1097 fidelibus
739 1035 859 1098 nosnis
883 1033 1067 1098 denuntiari
1090 1042 1123 1098 et
1146 1034 1340 1099 observareb
1363 1036 1603 1122 praecepimus,
1628 1036 1668 1100 ad
1685 1057 1838 1123 praescn-

220 1138 298 1202 tiam
321 1136 479 1202 reducant
503 1143 536 1200 et
559 1136 615 1200 illa
639 1136 795 1221 relegant.
847 1137 890 1202 ldt
919 1141 994 1222 quia
1023 1138 1104 1212 haec
1127 1159 1233 1224 pauca
1256 1139 1306 1202 liic
1328 1138 1498 1204 brevitatis
1523 1161 1623 1204 causa
1646 1140 1838 1227 subscripsi·

220 1263 307 1320 mus,
334 1241 368 1304 in
397 1239 517 1304 talibus
539 1240 656 1320 rebus,
688 1260 771 1324 quae
800 1241 847 1304 eis
877 1241 1069 1306 advenerint
1097 1241 1138 1306 ad
1167 1242 1407 1306 emendandum
1440 1251 1473 1308 et
1503 1243 1554 1307 hie
1582 1244 1656 1308 inde
1680 1245 1840 1331 capitula⁰

220 1368 282 1412 non
305 1343 498 1424 invenerint,
521 1365 581 1428 per
602 1344 659 1408 illa
682 1351 715 1408 et
737 1366 796 1430 per
819 1345 884 1408 alia
907 1345 1048 1430 capitula
1072 1347 1163 1429 regia
1187 1352 1220 1410 et
1236 1346 1414 1430 synodalia,
1438 1367 1522 1432 quae
1538 1347 1742 1412 emendanda
1765 1353 1841 1413 sunt

220 1457 254 1514 et
277 1445 481 1514 emendanda
503 1446 735 1531 perviderint‘l,
766 1448 940 1514 emendare
969 1455 1153 1534 procurent.
1203 1448 1238 1512 Si
1262 1469 1338 1514 vero
1362 1456 1396 1514 et
1418 1451 1510 1514 iuxta
1532 1449 1724 1516 diabolicam
1749 1452 1839 1516 calli·

180 1555 358 1620 ruditatem
381 1560 414 1616 et
437 1551 615 1617 secundum
639 1552 815 1616 humanam
838 1554 1048 1638 fragilitatem
1076 1573 1160 1617 nova
1186 1573 1400 1639 quaecunque
1430 1553 1624 1635 acciderint,
1658 1555 1734 1640 quia
1757 1575 1841 1619 nova

221 1657 406 1724 morborum
441 1676 563 1740 genera
594 1676 678 1720 nova
710 1665 871 1742 quaerunt
898 1656 1208 1722 medicamentorum
1240 1659 1481 1744 experimenta,
1515 1679 1637 1723 morem
1668 1667 1841 1743 sequentes

220 1763 512 1850 praedecessorum
545 1767 727 1826 nostrorum
764 1763 868 1826 sancti
905 1761 1043 1848 Spiritus
1078 1762 1184 1847 gratia
1222 1761 1375 1826 illustrati
1411 1769 1523 1826 eontra
1557 1784 1684 1828 venena
1717 1763 1840 1828 diaboli

220 1867 404 1932 ministrare
429 1864 614 1930 curabimus
638 1865 846 1929 medicinalia
868 1865 1015 1930 antidota
1039 1865 1172 1931 Christi.

329 1974 358 2036 3.
393 1967 563 2033 Communi
587 1969 706 2053 placito
730 1969 973 2046 constituimus,
1006 1976 1042 2033 ut
1069 1989 1173 2054 usque
1197 1968 1394 2034 admissam
1419 1972 1523 2035 sancti
1546 1971 1706 2057 Remigii,
1735 1971 1767 2036 id
1792 1977 1841 2036 est

179 2093 202 2132 ι’»
220 2073 387 2140 Kalendas
411 2071 572 2151 Octobris,
595 2073 736 2157 spatium
760 2073 902 2138 habeant
925 2073 987 2152 illi,
1011 2073 1066 2158 qui
1089 2073 1121 2136 in
1144 2073 1215 2136 istis
1238 2074 1439 2159 temporibus
1468 2076 1546 2139 istas
1568 2074 1841 2161 depraedationes

222 2186 254 2242 et
276 2178 341 2241 alia
363 2175 538 2241 malefacta
561 2175 769 2241 criminaliter
793 2183 826 2240 et
848 2177 978 2262 publice
1001 2178 1160 2257 fecerunt,
1183 2184 1221 2241 ιιι
1242 2175 1336 2242 inde⁸
1359 2177 1446 2262 apud
1463 2177 1589 2242 Deums
1609 2184 1643 2242 et
1664 2179 1750 2264 apud
1773 2200 1841 2256 eos,

222 2283 339 2370 quibus
361 2281 447 2344 male
470 2279 637 2356 fecerunt,
669 2301 704 2345 se
728 2281 912 2365 pacificent.
957 2280 1002 2345 Et
1025 2281 1171 2367 quisquis
1196 2281 1258 2345 hoc
1281 2302 1345 2345 non
1369 2281 1496 2358 fecerit,
1528 2280 1669 2346 bannum
1696 2290 1841 2348 nostrum

220 2386 395 2472 dupliciter
416 2391 603 2470 componat,
634 2384 758 2449 scilicet
781 2391 842 2464 etss,
874 2385 979 2470 quial,
1009 2391 1183 2470 postquam
1205 2383 1296 2449 illas¹
1320 2386 1448 2471 rapinas
1472 2392 1505 2449 et
1527 2387 1591 2450 alia
1613 2386 1788 2451 malefacta
1809 2388 1841 2451 in

222 2479 425 2555 Carisiaco32
448 2495 482 2552 et
504 2493 620 2574 postea
642 2486 729 2574 apud
745 2488 955 2554 Confluentes
963 2481 992 2526 33
1015 2510 1087 2554 cum
1104 2489 1223 2554 dilecto
1240 2489 1340 2554 fratre
1363 2495 1474 2554 nostro
1491 2489 1684 2555 Hludowico
1701 2493 1841 2578 glorioso

177 2621 203 2658 ιο
221 2615 298 2680 rege
327 2599 360 2658 et
386 2598 504 2677 nepote
533 2598 644 2656 nostro
669 2591 841 2656 Hlothario
866 2592 1155 2672 forbannivimusk,
1185 2600 1218 2656 et
1241 2597 1315 2679 post
1337 2592 1434 2657 istum
1457 2592 1599 2658 bannum
1621 2616 1681 2681 per
1703 2617 1841 2660 consen-

221 2719 293 2762 sum
316 2697 459 2761 omnium
483 2695 602 2759 facturn
627 2696 684 2760 illa
700 2697 886 2775 emendare,
910 2698 994 2761 sicut
1017 2696 1080 2761 eis¹
1098 2697 1236 2782 spatium
1253 2687 1447 2776 dedimus34,
1470 2698 1653 2780 noluerunt,
1676 2706 1709 2763 et
1724 2699 1842 2778 omnia,

221 2823 303 2887 quae
328 2801 573 2880 commiserunt,
601 2800 756 2885 legaliter
783 2820 980 2885 componere
1012 2801 1251 2886 compellantur
1279 2808 1312 2865 et
1340 2822 1400 2886 per
1422 2801 1584 2886 publicam
1608 2803 1841 2888 poenitentiam

221 2903 400 2970 secundum
423 2925 532 2969 sauros
549 2925 692 2968 canones
707 2902 778 2968 Deo
803 2911 835 2968 et
851 2904 1023 2984 ecclesiae,
1049 2905 1080 2968 in
1097 2925 1193 2990 quam
1210 2911 1439 2990 peccaverunt,
1463 2905 1672 2972 satisfaciant.
1718 2904 1843 2980 Quibus

220 3010 248 3073 si
270 3007 402 3073 obedire
426 3009 604 3088 noluerint,
633 3015 688 3074 aut
715 3030 775 3094 per
802 3006 1012 3073 fideiussores
1041 3007 1083 3072 ad
1111 3009 1330 3094 praesentiam
1358 3015 1504 3073 nostram
1529 3008 1763 3094 perducentur,
1787 3019 1844 3075 aut

177 3137 201 3176 aa
221 3113 342 3193 omnia,
374 3133 458 3197 quae
482 3113 515 3177 in
539 3133 639 3196 regno
661 3119 771 3176 nostro
795 3111 935 3184 habent,
967 3112 1001 3174 in
1026 3110 1168 3175 bannum
1193 3119 1367 3176 nostrumm
1392 3112 1577 3191 mittantur,
1610 3119 1643 3176 ct
1666 3115 1843 3200 episcopali

220 3216 413 3282 auctoritate
436 3238 456 3281 a
480 3215 640 3281 communi
662 3215 885 3280 ecclesiastica
907 3220 942 3279 ct
965 3215 1108 3280 omnium
1131 3214 1274 3280 fidelium
1298 3216 1455 3281 societate
1479 3216 1704 3282 excludantur.

328 3325 357 3383 4.
392 3317 444 3384 De
468 3319 592 3384 honore
624 3324 733 3382 autem
762 3319 975 3384 ecclesiarum
1004 3341 1042 3384 ac
1075 3341 1241 3384 servorum
1266 3319 1330 3385 Dei
1360 3327 1393 3384 et
1422 3319 1463 3385 de
1492 3321 1614 3406 rapinis
1645 3327 1743 3408 atquc
1773 3321 1844 3385 aliis

219 3425 314 3490 malis
339 3445 398 3489 seu
421 3424 739 3510 praesumptionibus
763 3424 804 3488 ab
828 3425 890 3488 ista
918 3423 971 3488 die
996 3430 1029 3488 et
1056 3425 1088 3488 in
1113 3424 1273 3510 reliquum
1296 3424 1542 3511 compescendis
1570 3425 1713 3510 capitula
1736 3426 1788 3489 avi
1812 3432 1845 3489 et

220 3529 323 3615 patris
347 3528 449 3592 nostri
474 3528 674 3613 temporibus
699 3528 878 3592 constituta
901 3527 952 3592 hic
977 3528 1174 3612 subiungere
1199 3535 1249 3610 et,
1272 3535 1309 3592 ιιι
1332 3527 1522 3593 omnimodis
1545 3527 1777 3607 observentur,
1801 3550 1844 3593 ex

178 3661 204 3701 ιι
222 3632 331 3697 banno
354 3638 465 3696 nostro
482 3631 676 3718 praecipere
698 3631 832 3716 dignum
856 3636 890 3695 et
905 3631 1129 3696 necessarium
1146 3630 1308 3694 duximus.
1355 3631 1518 3716 Scriptum
1541 3638 1591 3696 est
1614 3632 1700 3696 enim
1725 3633 1758 3695 in
1781 3632 1844 3695 illis

221 3735 390 3821 capitulis:
419 3726 499 3799 ι813ὓ
522 3735 594 3821 quis
625 3735 711 3798 inira
739 3754 876 3819 regnum
899 3734 1046 3819 rapinam
1069 3733 1184 3799 fecerit
1207 3740 1265 3798 aut
1287 3735 1438 3819 cuiquam
1462 3739 1572 3798 nostro
1596 3733 1682 3798 fideli
1706 3735 1841 3820 eiusque

221 3839 343 3904 homini
359 3839 481 3924 aliquid
498 3839 531 3902 ui
554 3838 735 3917 abstulerit,
759 3840 814 3903 ιιιιὶ
838 3838 945 3924 triplo,
969 3839 1021 3902 cui
1044 3836 1166 3922 aliquid
1188 3837 1355 3919 abstulite,
1379 3837 1507 3923 legibus
1531 3843 1715 3923 componat,
1740 3845 1773 3902 et
1795 3839 1844 3902 in-

222 3964 321 4030 super
344 3943 486 4007 bannum
509 3948 671 4021 nostrum,
695 3943 727 4006 id
752 3947 803 4008 est
826 3943 1000 4026 sexaginta
1023 3941 1162 4020 solidos,
1192 3941 1286 4005 nobis
1309 3941 1485 4026 persolvat.
1531 3941 1744 4006 Postmodum
1767 3963 1844 4006 vero

221 4055 297 4114 ante
320 4069 379 4112 nos
403 4069 423 4112 a
446 4048 563 4112 comite
587 4048 777 4128 adducatur,
800 4053 836 4110 ut
860 4048 891 4110 in
916 4046 1086 4110 bastonico
1110 4037 1199 4110 vel-³⁶
1221 4047 1253 4108 in
1270 4046 1334 4110 alio
1352 4065 1481 4109 carcere
1496 4051 1618 4124 trusus,
1642 4066 1744 4130 usque
1767 4045 1844 4109 dum

178 4185 203 4222 aa
221 4153 315 4216 nobis
338 4152 508 4236 placuerit,
532 4172 655 4236 poenas
678 4150 757 4216 luat.
802 4150 887 4216 Nam
913 4151 940 4215 si
956 4149 1086 4236 publice
1110 4157 1216 4214 actum
1233 4150 1341 4226 luerit,
1365 4150 1530 4235 publicam
1546 4150 1621 4214 inde
1638 4151 1843 4236 agatpoeni-

221 4247 407 4332 tentiam³⁷;
431 4257 583 4340 quoniam
599 4247 839 4341 “raptorcsffl’t
856 4263 893 4320 ut
908 4257 954 4319 ait
970 4255 1148 4342 apostolus,
1165 4255 1227 4318 nisi
1243 4275 1353 4318 veram
1370 4255 1495 4338 egerint
1510 4255 1753 4340 poeniteutiam,
1770 4258 1843 4317 “re-

222 4381 321 4445 gnum
331 4359 395 4425 Dei
411 4380 475 4423 non
493 4357 738 4446 possidebunt”.
778 4357 933 4433 univero
952 4359 992 4424 de
1009 4360 1106 4425 rebus
1123 4360 1336 4424 ecclesiarum
1353 4358 1475 4443 aliquid
1492 4359 1698 4439 abstulerint,
1715 4358 1845 4443 gravius

221 4465 295 4529 inde
318 4465 516 4540 iudicentur;
545 4464 620 4551 quia
643 4484 808 4528 sacrarum
830 4485 938 4529 rerum
966 4464 1089 4529 ablatio
1118 4465 1325 4548 sacrilegium
1355 4469 1421 4540 est,
1445 4469 1478 4526 et
1500 4462 1678 4545 sacrilegus
1702 4468 1844 4542 vocetur,

222 4569 276 4653 qui
305 4588 346 4632 ex
377 4569 424 4632 eis
454 4567 575 4652 aliquid
603 4567 775 4633 abstulerit
801 4577 858 4634 aut
888 4569 1063 4656 rapuerit0.
1116 4567 1273 4633 Extorres
1303 4588 1443 4652 namque
1472 4587 1491 4630 a
1517 4565 1681 4629 liminibus
1712 4572 1845 4630 sanctae

178 4705 204 4742 ιο
223 4674 335 4738 matris
357 4671 517 4737 ecclesiae
546 4672 629 4736 tales
659 4693 818 4758 personae
847 4695 950 4760 usque
982 4673 1023 4738 ad
1052 4673 1309 4738 satisfactionem
1341 4671 1519 4752 ecclesiae,
1549 4689 1647 4755 quam
1669 4670 1844 4749 laeserunt,

324 4864 359 4929 w)
378 4881 426 4915 ona
444 4861 468 4914 6.
556 4863 584 4924 ιι)
604 4881 651 4914 orn.
670 4864 695 4916 5.
785 4864 813 4931 y)
832 4866 964 4917 Parisiaco
982 4864 1005 4916 2.
1096 4863 1120 4928 a)
1140 4865 1259 4916 confratri
1278 4862 1303 4916 ss.
1391 4862 1419 4929 a)
1438 4863 1584 4930 imperatori
1602 4861 1627 4914 6.
1715 4861 1741 4925 bl
1759 4863 1844 4914 obser-

221 4952 312 5005 vurib.
381 4950 407 5016 c)
420 4951 442 5002 si
455 4947 550 5002 aaut.
626 4950 652 5012 d)
666 4951 877 5018 praeviderint5;
896 4953 1053 5018 providerint
1065 4949 1088 5002 8.
1162 4950 1187 5015 a)
1200 4951 1298 5003 etodd
1311 4947 1334 5002 3.
1348 4945 1373 5002 4.
1443 4949 1468 5014 1)
1486 4950 1625 5001 Dominum
1637 4948 1662 5001 6.
1731 4947 1760 5016 g)
1777 4947 1842 5000 utb.

223 5039 251 5103 lr)
270 5056 317 5090 orn.
335 5035 360 5090 4.
459 5036 479 5101 i)
498 5037 548 5087 illis
566 5033 595 5100 2;
619 5055 667 5088 οπι.
687 5035 711 5089 6.
809 5037 839 5102 k)
864 5039 1075 5091 lorbannavirnus
1099 5036 1123 5089 6.
1222 5037 1242 5102 l)
1263 5037 1314 5088 illis
1335 5035 1360 5086 tl.
1459 5035 1496 5102 ιιι)
1514 5054 1561 5087 orn.
1579 5035 1603 5088 6.
1704 5033 1732 5101 ιι)
1751 5037 1777 5086 in

222 5125 329 5176 abstulit
346 5140 394 5175 om,
412 5121 441 5183 53
460 5123 596 5174 abstulerit
614 5121 638 5172 6.
725 5121 751 5186 ο)
770 5124 911 5190 abripuerit
928 5123 952 5176 a.

178 5309 204 5348 aa
324 5295 369 5362 30)
390 5293 456 5362 unp.
476 5292 602 5348 Careiae.
620 5295 680 5361 857,
698 5309 783 5362 stupra
797 5293 952 5363 pddlaqq.
1045 5295 1090 5362 31)
1109 5293 1175 5362 Cup.
1190 5293 1286 5348 Sduac.
1298 5293 1358 5359 853,
1376 5308 1462 5362 aspra
1475 5308 1504 5360 p.
1517 5292 1626 5360 dllsqq.
1712 5291 1758 5358 38)
1778 5289 1843 5358 cap.

225 5397 350 5452 Gammae.
374 5396 438 5464 857,
466 5413 551 5466 utapro
572 5415 603 5466 p.
620 5397 683 5464 886,
711 5399 774 5452 c.4,
868 5397 913 5463 33)
938 5396 1018 5450 Corra
1042 5414 1086 5465 op.
1111 5396 1280 5464 Corstlucntes
1303 5397 1367 5462 860,
1392 5411 1476 5463 utapro
1497 5411 1526 5462 p.
1547 5395 1609 5460 158,
1635 5394 1759 5448 Adam.
1781 5411 1803 5449 u.
1819 5397 1844 5450 6.

223 5501 268 5568 34)
287 5500 343 5566 Osa
361 5499 455 5553 ιἰιίάειιι
469 5517 500 5568 p.
515 5504 572 5568 lua,
590 5519 611 5556 c.
625 5503 648 5556 7.
734 5501 778 5569 35)
797 5499 897 5554 Bencd.
915 5500 976 5554 Lea
991 5499 1036 5568 ΙΙ,
1055 5516 1077 5554 c.
1090 5501 1155 5562 383,·
1172 5500 1223 5565 cfr.
1237 5499 1302 5567 Gap.
1324 5499 1449 5552 (ιι-τίιίαε.
1468 5499 1528 5566 aut,
1547 5514 1632 5567 aspra
1647 5515 1675 5566 p.
1689 5499 1749 5565 291,
1767 5513 1790 5552 c.
1804 5499 1843 5552 11.

223 5603 414 5658 ctAclraoraitr'o
428 5621 456 5672 p.
471 5605 530 5671 287,
548 5603 619 5656 unde
631 5620 728 5672 omnes,
744 5604 791 5672 qrca'
802 5609 958 5672 morarentur,
977 5603 1026 5656 loci
1044 5603 1142 5670 arrrnpti
1159 5608 1231 5658 mant.
1314 5603 1357 5670 36)
1372 5602 1414 5656 vel
1435 5602 1461 5655 in
1482 5602 1537 5656 alio
1556 5618 1665 5656 carcere
1683 5602 1725 5654 bio
1742 5601 1845 5654 arorites

224 5707 317 5762 addito
335 5713 407 5762 erant.
494 5707 539 5776 31)
559 5707 616 5773 Ost.
635 5723 719 5775 acapna
734 5723 760 5774 p.
774 5709 834 5774 291,
851 5707 898 5762 lin.
912 5709 936 5762 7.
955 5738 989 5747 -
1009 5709 1031 5760 l.
1049 5707 1167 5760 Corinth.
1181 5711 1206 5774 6,
1224 5709 1264 5761 lll.

583 5829 587 5838 .
1585 5802 1634 5856 39*
