4568 6434
433 462 494 522 212
551 455 820 512 ADDITAMENTA
839 455 888 510 AD
906 454 1153 511 effluentum
1174 453 1301 509 REGUM
1324 453 1506 510 FRANCIAE
1524 453 1752 510 ostentante.
1772 485 1803 494 -
1823 454 1871 510 Νι.
1883 455 1942 510 252.

352 638 412 692 895.
804 632 844 696 Α.
1642 629 1684 694 Β.

430 757 544 801 munes
568 737 730 800 orationes
760 742 793 799 et
815 755 931 822 preces
955 733 1063 798 linitas
1088 732 1215 798 honori·
1270 733 1362 796 iuxta
1375 740 1559 798 sanctorum
1574 734 1723 799 instituta
1733 741 1859 820 patrum
1873 735 2055 819 integriter¹

430 833 671 906 licentissime¹7
683 837 1071 924 infulati,pontilicalibus
1085 837 1217 902 sedibus
1270 835 1316 900 illi
1350 836 1527 921 placuisset
1557 842 1613 902 aut
1647 838 1824 904 secundom
1861 840 2055 924 capitularia

432 944 565 1022 suffulti,
584 944 747 1010 mentibus
763 943 916 1022 serenati,
933 941 1106 1028 prudentia
1121 962 1216 1027 prae·
1270 961 1395 1024 regum,
1412 960 1496 1025 quae
1512 941 1667 1006 intereos
1684 942 1889 1007 discutienda
1905 943 2054 1022 afferent,

431 1041 527 1112 diti¹l
550 1054 793 1112 sacrosanctum
811 1045 951 1130 ingrcssi
969 1053 1043 1110 sunt
1060 1045 1217 1131 synodale
1270 1042 1430 1122 diffiniril,
1452 1065 1555 1130 prona
1570 1047 1751 1112 intentione
1768 1068 1826 1110 eos
1842 1046 2055 1112 iussionibusl
2086 1079 2098 1117 ι

432 1151 639 1236 colloquium.
697 1149 789 1217 Inter
818 1151 883 1216 alia
912 1169 1067 1234 namque,
1100 1148 1217 1236 quibus
1271 1145 1357 1211 illius
1386 1147 1547 1216 oboedire.
1610 1143 1771 1224 Quibus¹⁹
1808 1173 1881 1231 rex,
1914 1172 2055 1238 superno

431 1254 1039 1332 divinaethumanatractaturierant,
1057 1253 1217 1318 communi
1270 1251 1393 1316 lumine
1421 1253 1603 1318 illustratus
1632 1262 1665 1319 et
1695 1256 1765 1320 zelo
1794 1254 1895 1320 divini
1925 1256 2056 1321 honoris

433 1366 506 1422 roto
539 1365 572 1423 et
602 1360 670 1445 pari
701 1379 860 1423 consensu
888 1358 929 1424 de
959 1359 1099 1442 collegio
1124 1379 1217 1422 sane·
1272 1357 1447 1436 animatus,
1490 1365 1525 1421 ut
1561 1364 1655 1444 pater
1686 1366 1718 1423 et
1754 1359 1904 1424 dominus
1935 1361 2057 1424 remisit

431 1469 538 1528 torum
552 1463 757 1527 sacerdotum
770 1484 889 1549 gnaros
900 1467 932 1525 et
942 1460 1077 1526 idoneos
1088 1461 1218 1526 direxe·
1273 1481 1309 1524 se
1332 1480 1466 1546 corpore
1492 1467 1524 1525 et
1546 1463 1653 1526 auimo
1670 1463 1909 1548 paratissimum
1927 1465 2054 1529 aeccle-

432 1575 506 1631 runt
522 1567 721 1632 mediatores
745 1566 786 1632 ad
803 1567 986 1654 praefatum
1004 1567 1091 1652 pium
1108 1586 1217 1648 regem
1272 1565 1478 1628 siastioarum
1511 1585 1618 1629 rerum
1646 1566 1890 1644 auxiliatorem,
1923 1579 2056 1655 aequem
2075 1599 2099 1638 ιι

431 1672 641 1757 inquirentes,
665 1692 728 1756 quo
752 1669 857 1734 studio
881 1669 934 1734 vel
958 1670 1045 1754 quali
1069 1669 1216 1753 benigni·
1272 1666 1479 1733 defensorem
1502 1668 1727 1754 vindicemque
1754 1671 1786 1734 in
1815 1671 1969 1752 rebelles,
2001 1673 2055 1758 qui

432 1781 499 1839 tate
515 1774 695 1840 secundum
712 1775 904 1860 sapientiam
923 1782 955 1838 et
966 1772 1218 1859 possibilitatem
1272 1793 1383 1836 eorum
1400 1771 1623 1836 saluberrimis
1639 1793 1704 1838 non
1720 1772 1971 1859 adquiescerent
1986 1797 2056 1840 mo-

433 1880 475 1943 ab
499 1880 570 1964 ipso
594 1879 666 1943 Deo
691 1879 755 1942 sibi
777 1877 1079 1942 datamecelesiam
1096 1874 1217 1940 Ohristi
1272 1875 1362 1955 uitis,
1398 1873 1480 1939 adeo
1514 1882 1564 1956 ut,
1601 1877 1627 1940 si
1660 1877 1827 1962 quaelibet
1854 1899 1994 1966 persona
2023 1880 2055 1943 in

432 1984 478 2047 illi
509 2005 568 2070 per
600 1983 745 2068 regalem
767 1988 965 2068 potestatem
989 1990 1023 2045 et
1047 1981 1127 2066 ipsis
1160 1999 1219 2066 per
1270 2001 1371 2064 reguo
1395 2001 1454 2043 suo
1475 1979 1702 2067 episcoporum
1720 1984 2056 2048 excommunicatione

435 2086 671 2152 sacerdotalem
696 2086 905 2152 eminentiam
929 2085 1135 2150 commissam
1160 2083 1217 2148 de·
1271 2102 1328 2167 pro
1361 2081 1544 2146 malefactis
1567 2084 1712 2170 palatino
1739 2086 1794 2151 diu
1821 2094 1968 2152 careret¹²
1997 2107 2055 2150 ex·
2075 2113 2099 2153 ιι

432 2190 569 2255 lendere
594 2197 627 2254 et
642 2190 856 2255 ministerium
872 2189 1003 2254 illorum
1019 2187 1218 2273 amplificare
1271 2186 1409 2266 amine⁰‚
1425 2193 1481 2250 aut
1497 2209 1516 2252 a
1530 2189 1769 2272 potestatibusp
1785 2192 1876 2276 regni
1894 2193 1943 2257 soi
1961 2199 2056 2278 capta

433 2301 466 2358 et
497 2294 674 2358 sublimare
708 2291 914 2377 dignatatum
944 2298 1164 2379 proponentes
1189 2289 1219 2355 ei
1273 2291 1371 2374 regiis
1405 2291 1592 2376 aspectibus
1626 2301 1894 2378 praesentaretur
1922 2302 1992 2372 aut,
2029 2296 2056 2360 si

431 2399 594 2484 propriam
631 2398 719 2482 regis
754 2397 979 2476 eminentiam,
1012 2395 1044 2461 id
1082 2401 1148 2472 est,
1182 2401 1219 2458 ut
1272 2415 1307 2458 se
1332 2393 1508 2458 defendere
1533 2395 1709 2476 niteretur,
1733 2397 1858 2483 absque
1881 2397 2057 2464 interdictu

433 2501 655 2568 misericordia
679 2506 712 2565 et
732 2501 894 2567 modestia
910 2521 1023 2564 omues
1038 2499 1219 2586 praecellat
1271 2496 1483 2581 occideretur,
1507 2500 1699 2564 constrcetis
1717 2501 1851 2587 insuper
1865 2503 2057 2588 parentibus

434 2615 467 2672 et
490 2628 552 2670 non
577 2604 758 2670 secundum
780 2625 953 2692 personam
976 2602 1098 2668 iudicet
1121 2610 1218 2687 atque
1271 2603 1351 2681 eius,
1375 2623 1416 2666 ne
1440 2602 1583 2687 aliquam
1612 2624 1712 2689 super
1739 2604 1800 2669 hoe
1828 2605 1948 2670 faidam
1976 2607 2056 2670 alle·
2075 2631 2102 2670 ao

432 2713 523 2776 iuxta
546 2700 791 2774 ΒιιίοιιιιιιιιιιιιῖΟ
813 2709 985 2786 iustitiam,
1008 2707 1162 2771 iudicium
1186 2713 1219 2770 et
1272 2727 1347 2770 vare
1383 2712 1604 2792 praesumant.
1661 2707 1713 2772 Ad
1753 2708 1833 2774 haec
1871 2715 2057 2774 sanctorum

432 2815 631 2900 aequitatem
643 2813 772 2898 diligat;
789 2812 947 2878 addentes
960 2813 1095 2896 insuper
1108 2821 1216 2873 sacra·
1271 2816 1383 2874 coetus
1413 2808 1619 2874 sacerdotum
1650 2832 1723 2875 euru
1746 2813 1888 2878 adstanti
1912 2813 2000 2878 clero
2025 2815 2057 2878 in

432 2941 501 2984 rum
527 2917 677 3003 exempla
700 2917 884 2994 literarum,
915 2915 1033 3001 quibus
1057 2914 1217 3000 sapientia
1270 2913 1539 2978 reiterationcm‘¹
1575 2915 1663 2999 regis
1705 2937 1740 2980 se
1783 2916 1957 2982 humilians
1999 2939 2059 3004 per

432 3022 580 3087 alumnos
603 3021 670 3084 suis
693 3020 837 3085 laribusb
862 3019 1019 3085 educatos
1043 3019 1218 3094 instruens,
1271 3016 1353 3081 alta¹
1382 3027 1478 3081 nocer
1505 3017 1563 3082 ‘Te
1593 3018 1699 3084 Deum
1727 3018 1910 3084 laudamus'
1940 3042 2057 3086 sonan-

352 3185 354 3192 .
432 3125 492 3190 ait:
527 3114 681 3188 ‘Meum2'¹
713 3132 764 3189 est
792 3124 961 3189 consilium
996 3129 1029 3186 et
1059 3122 1216 3207 aequitas,
1270 3121 1358 3186 tibus
1375 3122 1551 3206 campanis,
1575 3123 1821 3189 lacrimantibus
1843 3125 2056 3210 quampluri·
2075 3155 2102 3195 as

432 3248 506 3291 mea
536 3225 724 3313 prudentia,
755 3249 830 3292 mea
861 3234 912 3292 est
940 3224 1105 3292 fortitudo.
1154 3225 1219 3290 Per
1271 3225 1331 3288 mis
1355 3226 1388 3289 in
1419 3225 1516 3289 finem
1548 3247 1652 3312 usque
1675 3227 1876 3304 decantarit;
1906 3227 2057 3314 dictaque

432 3352 485 3395 me
519 3351 615 3414 reges
649 3336 788 3414 regnant
824 3337 857 3396 et
892 3331 1003 3416 legum
1035 3329 1218 3395 conditores
1271 3329 1433 3408 oratione,
1461 3335 1528 3394 tarn
1552 3349 1611 3415 pro
1635 3332 1833 3396 serenissimi
1856 3333 1945 3417 regis
1969 3333 2057 3397 inco·

432 3435 518 3500 iusta
541 3432 732 3500 decernunt.
785 3433 850 3498 Per
883 3454 934 3498 me
964 3433 1127 3519 principes
1158 3433 1217 3496 im·
1271 3432 1433 3511 lumitate,
1469 3453 1564 3518 quarn
1594 3433 1697 3498 ceiam
1721 3457 1779 3522 pro
1808 3435 1963 3500 fratribus
1986 3435 2057 3521 glo-

433 3545 563 3624 peraut,
598 3542 631 3601 et
661 3543 811 3622 potentes
833 3538 1014 3603 decernunt
1035 3534 1217 3610 iustitiam’;
1272 3537 1391 3601 riosam
1414 3537 1619 3601 maiestatem
1636 3539 1790 3603 trinitatis
1808 3538 2057 3618 conlaudabant,

433 3648 467 3706 et
490 3641 584 3705 item:
615 3631 746 3718 ‘Rex²²,
775 3642 828 3727 qui
851 3640 973 3705 iudicat
995 3641 1028 3705 in
1051 3641 1217 3719 veritates,
1270 3641 1324 3725 qui
1339 3641 1463 3704 cistam
1472 3641 2057 3728 mitemetstreuuumcontulitregni
2076 3675 2102 3714 ro

351 3730 355 3740 ⁸
433 3752 545 3809 tronus
563 3744 633 3808 eins
658 3743 691 3806 in
708 3750 876 3808 aeternum
893 3742 1097 3818 firmabitur';
1123 3766 1217 3831 prae·
1269 3749 1419 3823 tutorem,
1435 3743 1681 3830 residentesque
1699 3745 1852 3830 capitula·
1866 3747 2058 3813 subternixa

435 3847 578 3912 ferentes
618 3848 716 3912 etiarn
758 3849 787 3912 ei
826 3849 1048 3914 institutiones
1086 3847 1217 3913 lllartini
1271 3848 1515 3932 promulgarunt
1553 3857 1586 3912 et
1621 3847 1844 3914 titulaverunt.
1905 3850 2059 3915 Accessit

435 3951 580 4038 episcopi
604 3949 645 4015 ad
669 3949 828 4016 Mironem
853 3973 980 4037 regern,
1003 3952 1120 4039 quibus
1143 3975 1218 4018 eum
1271 3951 1312 4015 ad
1344 3950 1427 4016 haec
1459 3952 1569 4036 regiae
1597 3951 1746 4036 dignitati
1776 3953 2059 4019 honorabilissima

433 4055 475 4119 ad
498 4054 706 4120 honestatem
731 4056 817 4119 vitae
846 4063 880 4120 et
907 4057 1064 4142 pietatem
1094 4078 1219 4122 morum
1274 4053 1465 4122 iocunditas.
1508 4055 1593 4119 Nam
1616 4077 1688 4119 cum
1710 4055 1763 4120 die
1780 4058 2058 4123 alteraaecclesi-

434 4155 549 4222 ordine
565 4158 701 4221 rationis
715 4159 891 4224 instituens
914 4161 975 4224 ait:
999 4152 1220 4226 ‘Prudentis23
1273 4179 1336 4238 aru,
1360 4159 1393 4222 in
1417 4179 1481 4243 qua
1496 4152 1632 4224 ¹sinodus
1649 4160 1841 4242 habebatur,
1865 4160 1906 4225 ad
1921 4162 2056 4228 audien·
2077 4203 2102 4243 ³,

434 4261 599 4346 proprium
624 4269 689 4339 eet,
720 4263 906 4328 examinare
935 4261 1090 4343 consilia’,
1121 4270 1219 4350 atque
1274 4262 1347 4327 dam
1386 4262 1518 4326 missam
1560 4263 1710 4346 intraret,
1751 4265 1811 4329 hac
1848 4266 2058 4352 psallentium

435 4364 621 4429 subiunxit:
652 4363 698 4429 ‘Si
727 4365 870 4451 prudens
900 4373 951 4430 est
978 4368 1104 4431 animus
1133 4372 1219 4441 tuus,
1273 4387 1352 4431 voce
1383 4366 1589 4452 omnipotens
1617 4387 1691 4431 cum
1715 4367 1875 4433 Dominus
1899 4368 2059 4434 redimere

433 4467 537 4532 tribus
553 4467 753 4555 temporibus
770 4468 988 4556 dispensetur.
1027 4469 1221 4536 Praesentia
1272 4469 1424 4554 dignatus
1470 4477 1534 4549 est,
1580 4476 1616 4533 ut
1651 4491 1711 4556 per
1755 4478 1854 4536 totam
1892 4473 2058 4538 basilicam

433 4571 556 4650 ordina,
579 4573 688 4637 fotura
712 4572 885 4658 praevide,
910 4575 1088 4660 praeterita
1110 4596 1217 4640 recor·
1272 4579 1438 4638 resonaret
1474 4572 1578 4658 gloria
1611 4580 1645 4638 et
1679 4575 1827 4640 iubilatio
1861 4577 1894 4639 in
1929 4575 2058 4642 laudem

433 4674 532 4757 dare’,
556 4682 589 4741 et
612 4681 730 4741 ‘sermo
754 4680 830 4741 tuus
852 4699 916 4742 non
940 4677 983 4742 sit
1005 4677 1127 4760 inanis,
1161 4678 1218 4743 sed
1271 4679 1408 4742 nominis
1452 4676 1594 4741 Domini.
1668 4677 1786 4763 Sicque
1831 4701 1890 4765 per
1930 4688 2059 4745 caetera
2076 4725 2103 4764 4,

433 4787 489 4844 aut
512 4779 660 4859 suadeat,
684 4785 741 4844 aut
762 4789 913 4861 moneat,
943 4787 1001 4845 aut
1023 4781 1218 4862 consoletur,
1270 4782 1414 4846 missalia
1438 4781 1544 4845 officia
1567 4801 1639 4846 cum
1663 4780 1781 4846 divinis
1799 4782 1949 4848 laudibus
1974 4785 2060 4871 regis

536 4987 569 5040 A.
588 4989 616 5054 b)
636 4991 767 5042 laboribus
785 4988 810 5043 5.
898 4989 923 5056 c)
943 5006 1068 5058 pauperes
1085 4990 1147 5042 cdd.
1168 4990 1235 5043 Bibl.

536 5091 568 5142 B.
586 5090 604 5158 i)
622 5093 659 5143 ita
673 5093 771 5158 Diem
788 5094 916 5162 integrum
929 5093 979 5159 legi
989 5093 1133 5145 ordthill.
1220 5095 1249 5159 k)
1268 5095 1378 5146 diffinire
1396 5094 1476 5146 Pbill.
1562 5095 1582 5156 l)
1600 5095 1713 5146 iussione
1732 5093 1768 5146 id.
1856 5097 1892 5162 m)
1911 5097 1948 5146 ita
1960 5097 2062 5163 Dicam

432 5185 510 5244 atque
529 5179 662 5244 leqendum
675 5197 726 5232 case
739 5190 840 5232 cernerit
852 5181 940 5245 Ptin,
966 5179 1052 5245 Waltz,
1078 5179 1131 5230 VG.
1152 5180 1196 5243 V’,
1209 5197 1239 5246 p.
1258 5180 1299 5242 32,
1323 5191 1375 5234 not.
1396 5180 1418 5232 l.
1504 5179 1532 5246 n)
1551 5190 1622 5234 caret
1639 5181 1721 5234 Dicar.
1809 5181 1834 5248 o)
1852 5184 2061 5235 exanimiPlrill.

432 5265 459 5331 p)
478 5264 515 5314 ita
533 5264 629 5317 emend.
652 5267 742 5328 Ptole
769 5267 934 5335 potestatrius
961 5267 1057 5332 Dicae,
1082 5267 1150 5334 qaod
1172 5277 1312 5320 correctum
1334 5269 1433 5326 indenu-
1458 5261 1490 5320 ec
1511 5275 1645 5336 potestate.
1746 5267 1774 5335 q)
1793 5271 1958 5321 veneratione
1982 5270 2060 5322 Ptitt.
2079 5287 2105 5326 ιι

432 5351 456 5418 ι)
481 5351 518 5401 ita
537 5351 619 5404 Dicas.
714 5351 738 5420 a)
756 5353 792 5403 ita
810 5371 877 5405 corr.
896 5352 991 5418 Ptine
1007 5355 1128 5423 capitalia
1145 5355 1227 5407 Dicas.

537 5539 580 5607 19)
600 5537 675 5606 Qame
692 5545 842 5608 aptantur
860 5557 990 5596 sommam
1004 5543 1106 5610 maim
1120 5543 1226 5612 prologi
1244 5543 1379 5612 Ιοιιρίιιιιζι,
1396 5545 1495 5612 partita
1512 5543 1607 5613 capitis
1625 5543 1695 5596 tertii
1712 5547 1843 5612 repetant.
1940 5545 1984 5608 20)
2005 5543 2061 5611 Cfr.

434 5641 513 5697 Prce.
534 5643 594 5707 l,3;
613 5643 637 5706 2,
647 5643 671 5696 9.
768 5646 813 5711 21)
834 5645 913 5700 Pron.
938 5647 962 5710 8,
976 5645 1085 5700 14-16.
1182 5647 1227 5714 22)
1248 5647 1318 5703 ibid.
1342 5649 1384 5712 29,
1396 5648 1437 5704 14.
1533 5647 1901 5714 cornuumaueniens
1927 5647 2061 5703 Ferreolo

431 5746 552 5800 borrestce
569 5746 636 5800 sitae
653 5763 675 5800 c.
695 5750 719 5814 1,
739 5748 868 5814 Galland,
888 5747 1010 5803 Bibliotlr.
1025 5754 1101 5817 potr.
1122 5749 1195 5820 XII,
1210 5768 1239 5820 p.
1259 5753 1318 5808 275.
