4590 6428
406 433 447 494 62
790 429 1036 485 cnPITuunnln
1056 430 1202 486 [Tauron
1221 430 1455 500 (nnornnass).
1474 461 1507 471 -
1526 431 1574 486 Νι.
1586 431 1646 486 201.

327 609 387 666 832.
406 608 473 669 tem
495 605 673 690 prolaturi⁰
694 604 845 690 publicop
866 611 1028 670 conventu
1050 605 1261 687 adducantur,
1285 611 1321 670 ut
1344 627 1404 692 per
1427 607 1516 693 ipsos
1539 606 1588 671 rei
1609 607 1729 671 veritas
1751 626 1824 670 oum
1846 607 2029 671 iuramento

406 708 515 773 valeat
538 708 666 793 inquiri.
703 707 828 782 Quodsi
851 705 891 771 de
914 708 1040 774 duabus
1064 709 1212 796 partibus
1235 710 1335 774 luerit
1357 710 1525 796 inquisitio
1549 710 1645 791 facta,
1667 707 1788 774 ideireo
1811 711 1898 796 quod
1920 711 2029 776 nullus

406 832 518 876 eorum
542 813 647 898 possit
670 811 792 878 habere
815 819 935 892 testes,
965 819 1139 898 antequam
1162 813 1283 894 iurent,
1315 814 1372 878 fiat
1400 814 1568 898 inquisitio
1589 805 1721 879 facta19.
1768 812 1893 887 Quodsi
1915 835 2029 880 ornnes

405 914 446 981 ad
474 937 573 981 unam
603 923 730 1002 partem
759 916 901 981 dixerint
930 917 1170 996 testimonium,
1201 917 1311 982 iurent
1334 937 1446 982 verum
1473 917 1596 982 dixisse
1624 919 1859 984 testimonium.
1904 916 2030 990 Quodsi

404 1018 621 1086 dissenserint
641 1027 674 1084 et
694 1020 874 1106 quaedamq
893 1041 970 1106 pars
991 1021 1140 1084 testium¹
1155 1030 1273 1084 unum⁸
1289 1019 1478 1106 praebuerit
1493 1021 1717 1085 testimonium
1734 1029 1767 1087 et
1784 1021 1850 1086 alia
1866 1021 2030 1100 alteruml,
2060 1042 2071 1080 s

404 1131 481 1189 tunc
509 1125 762 1209 interrogentur,
798 1125 825 1188 si
857 1124 979 1188 audent
1005 1145 1066 1210 per
1094 1144 1236 1210 pugnam
1265 1125 1395 1188 illorum
1426 1125 1648 1190 testimonium
1677 1125 1875 1211 approbare;
1914 1123 2030 1210 quodsi

403 1229 494 1293 nulla
521 1250 597 1315 pars
627 1229 721 1292 alteri
751 1229 918 1309 cesserit¹¹,
952 1230 1075 1307 iurent,
1108 1235 1141 1292 et
1172 1249 1232 1315 per
1260 1249 1403 1315 pugnam
1431 1230 1590 1315 probetur
1617 1229 1746 1294 illorum
1773 1230 2029 1306 testimonium';

404 1330 522 1418 quodsi
542 1323 633 1397 dna*
655 1353 732 1418 pars
757 1343 816 1398 se¹
839 1332 1069 1414 subtraxerit',
1092 1340 1170 1398 tunc
1192 1333 1262 1414 illa,
1286 1354 1369 1418 quae
1393 1353 1474 1398 ause
1496 1333 1595 1398 luerit
1617 1334 1829 1413 contendere,
1852 1334 2031 1420 recipiatur

404 1436 446 1501 ad
468 1436 701 1501 testimonium.

515 1543 562 1609 12.
597 1541 643 1605 Ut
672 1561 730 1628 per
756 1539 890 1625 triginta
918 1562 1020 1606 annos
1050 1562 1162 1606 servus
1187 1540 1271 1605 liber
1292 1541 1364 1606 fieri
1389 1562 1453 1606 non
1481 1541 1603 1626 possit,
1636 1540 1663 1604 si
1687 1545 1781 1626 pater
1804 1541 1892 1604 illius
1916 1560 2028 1606 servus
2048 1561 2074 1599 ιο

404 1651 460 1709 aut
482 1651 588 1709 mater
610 1644 697 1708 illins
720 1643 839 1709 aneilla
861 1643 970 1710 fuerit.
1016 1644 1196 1710 Similitery
1219 1644 1259 1709 de
1283 1635 1514 1710 aldionibus20.

516 1750 563 1812 13.
597 1747 642 1812 Ut
664 1747 772 1812 nullus
797 1749 1012 1812 cancellarius
1035 1769 1093 1833 pro
1116 1747 1183 1811 ullo
1207 1747 1352 1813 iudicato
1374 1754 1431 1812 aut
1447 1746 1570 1833 scripto
1586 1746 1709 1832 aliquid
1725 1746 1864 1833 amplius
1880 1747 2030 1833 accipere

404 1851 553 1934 audeat¹,
577 1852 638 1916 nisi
662 1850 826 1915 dimidiam
848 1851 965 1916 libram
986 1853 1113 1936 argenti
1129 1851 1170 1917 de
1186 1853 1366 1917 maioribus
1382 1851 1524 1937 scriptis;
1549 1850 1588 1915 de
1604 1850 1783 1916 minoribus
1801 1857 1910 1916 autern
1926 1850 2031 1916 inira·

404 1955 570 2021 dimidiam
586 1955 711 2034 libram,
736 1961 893 2042 quantum
915 1955 991 2021 resb
1014 1956 1189 2020 assimilari
1210 1955 1334 2043 possitb
1351 1962 1384 2020 et
1398 1955 1560 2020 iudicibus
1577 1961 1702 2020 rectum
1719 1953 1857 2035 ridetur,
1880 1955 2029 2040 accipiat.

404 2058 455 2124 De
485 2059 604 2124 orfanis
633 2066 744 2125 autem
766 2061 820 2125 rel
850 2060 969 2126 ceteris
999 2059 1215 2146 pauperibus,
1247 2061 1301 2145 qui
1330 2059 1502 2124 exsolvere
1529 2058 1591 2123 hoc
1620 2079 1684 2123 non
1708 2065 1861 2145 possunt,
1896 2059 1929 2122 in
1953 2079 2027 2145 pro·
2048 2081 2072 2119 ιι

403 2162 549 2228 videntia
572 2164 700 2228 comitis
724 2164 794 2243 sit0,
819 2171 854 2227 ut
876 2183 1082 2248 nequaquam
1105 2162 1181 2228 inde
1204 2162 1329 2248 aliquid
1351 2161 1524 2249 accipiat*.
1561 2160 1689 2226 Notarii
1710 2169 1820 2227 autem
1836 2163 1898 2228 hoo
1918 2163 2028 2227 iurare

403 2266 556 2349 debentd,
585 2267 671 2353 quod
699 2267 823 2332 nullum
852 2268 1008 2353 scriptum
1036 2267 1155 2332 falsum
1182 2265 1318 2346 faciant,
1349 2275 1431 2331 ιιθοο
1459 2266 1492 2329 in
1522 2257 1685 2330 occulto21
1711 2264 1883 2353 scriptnm¹
1910 2265 2027 2350 aliquis

403 2370 521 2436 laciat‘
548 2382 630 2437 nec⁸
661 2371 702 2437 de
732 2392 797 2436 uno
831 2372 986 2437 comitatu
1014 2371 1048 2435 in
1075 2369 1179 2436 alio**
1210 2370 1274 2435 nisi
1301 2390 1361 2456 per
1387 2370 1554 2434 licentiam
1582 2369 1670 2433 illius
1700 2370 1847 2450 comitis,
1879 2369 1912 2432 in
1936 2369 2028 2434 cuius

403 2475 613 2540 comitatumb
644 2482 731 2541 stare
760 2476 868 2542 debet.
920 2473 970 2540 Si¹
992 2497 1069 2541 vero
1097 2475 1282 2542 necessitas
1309 2475 1435 2540 itineris
1464 2473 1628 2560 aliquem¹1
1655 2473 1864 2560 compuleritl
1891 2482 1948 2538 aut
1977 2473 2027 2537 in-

402 2579 540 2644 firmitas
563 2581 681 2665 gravis,
705 2579 885 2645 secundum
909 2580 1089 2666 capitulare
1113 2579 1270 2666 genitoris
1293 2568 1433 2644 ιιοιιιί22
1455 2577 1612 2654 faciat¹¹¹¹;
1636 2577 1753 2664 quodsi
1770 2577 1866 2643 aliter
1881 2577 2027 2660 feccritr,
2046 2599 2072 2640 sc

403 2683 507 2748 inanis
532 2689 566 2749 et
587 2695 731 2750 vacuus⁰
754 2690 923 2772 appareat.

514 2792 563 2856 14.
599 2788 728 2854 Placuit
749 2790 855 2870 nobis,
879 2795 916 2853 ut
938 2788 1022 2854 haec
1046 2787 1198 2875 capitula,
1223 2807 1306 2873 quae
1331 2787 1556 2872 excerpsimus
1579 2785 1620 2850 de
1644 2785 1795 2872 capitulis
1812 2785 1938 2851 bonae?
1959 2806 2028 2850 me·

402 2892 525 2958 moriae
555 2894 606 2958 avi
633 2894 736 2958 nostri
763 2892 876 2959 Karoli
905 2914 944 2958 ac
970 2891 1081 2958 domni
1110 2897 1143 2958 et
1172 2891 1331 2976 genitoris
1360 2891 1466 2955 nostri
1495 2888 1683 2954 Hludowioi
1709 2889 1935 2976 imperatoris,
1964 2890 2030 2955 aba

402 2995 553 3060 omnibus
578 3002 712 3060 sanetae
728 2995 791 3062 Dei
815 2996 975 3062 ecelesiae
998 3003 1031 3060 et
1054 2995 1174 3060 nostris
1198 2993 1351 3059 fidelibus
1374 2994 1409 3058 in
1430 3014 1533 3077 regno
1550 2992 1668 3058 Italiae
1692 2993 1946 3058 consistentibus
1970 3012 2028 3079 pro

402 3099 477 3184 lege
511 3090 722 3164 teneantur23
753 3107 787 3164 et
821 3105 1063 3166 conserventur.
1119 3097 1163 3162 Et
1192 3098 1388 3183 quicumque
1419 3096 1551 3160 horum*
1578 3097 1795 3183 capitulorum
1823 3102 2031 3183 contemptor
2048 3119 2073 3159 ιι

404 3203 568 3284 extiterit,
598 3202 660 3266 LX
684 3203 880 3268 solidorum·
907 3203 1045 3267 multam
1068 3208 1257 3289 componat,
1288 3202 1372 3266 siout
1401 3201 1433 3264 in
1462 3201 1612 3287 capitulis
1642 3200 1818 3286 praedicer
1845 3200 1898 3265 avi
1926 3199 2029 3264 nostri

403 3304 517 3370 Karoli
541 3295 830 3371 continetur***²⁴.

402 3443 551 3510 Facto¹¹
575 3445 797 3531 capitulare
826 3467 927 3510 anno
952 3445 1110 3532 imperii
1133 3445 1377 3510 dominorum
1401 3452 1624 3510 nostrorum
1646 3443 1849 3509 Ludowiei
1873 3450 1913 3508 et
1935 3441 2028 3507 Lot-

402 3549 505 3613 tario
534 3547 791 3613 nonodecimo
821 3555 860 3614 et
887 3548 1182 3629 tertiodecimo,
1215 3569 1342 3612 mense
1369 3546 1606 3627 Februario,
1638 3545 1836 3612 indicione
1868 3546 2029 3612 decima.

517 3752 542 3820 *)
563 3750 625 3806 uod.
643 3753 668 3806 6.
693 3751 767 3807 add:
795 3752 835 3806 De
857 3753 990 3808 indiculis
1007 3771 1072 3808 vero
1094 3753 1166 3807 nihil
1189 3751 1322 3823 accipiet,
1348 3751 1401 3805 nisi
1426 3753 1536 3806 tantum
1560 3766 1772 3819 pergamenam,
1798 3749 1846 3804 ubi
1871 3749 1962 3820 ipsum
1985 3751 2028 3804 iu·
2046 3766 2071 3805 ao

402 3835 525 3891 diculurn
543 3838 662 3892 scribere
680 3837 777 3908 possit.

504 3927 543 3992 ”l
560 3925 665 3980 scribat
683 3924 746 3980 add.
765 3924 823 3979 La.
844 3925 913 3994 Pap.
931 3925 1029 3981 Hlotb.
1042 3926 1086 3992 ll,
1106 3924 1168 3979 LL.
1188 3923 1241 3991 IV,
1254 3941 1283 3992 p.
1294 3924 1354 3978 552.

491 4012 543 4075 sss)
563 4011 599 4064 In
611 4009 696 4066 codice
705 4011 794 4066 Paris.
803 4011 873 4068 4613
884 4011 949 4066 naec
960 4012 1153 4066 munstar
1164 4011 1292 4079 aptae,
1304 4009 1336 4063 de
1347 4008 1442 4078 quibus
1453 4009 1543 4064 uidens
1550 4009 1746 4079 predationem
1757 4009 1795 4063 ad
1806 4009 1854 4064 lior
1865 4009 2028 4078 capitulare:

506 4099 546 4152 13.
574 4097 684 4152 Placuit
698 4098 778 4153 nobis
792 4099 826 4153 de
840 4099 936 4154 liberis
949 4099 1068 4164 leminis,
1084 4115 1139 4168 qne
1154 4098 1207 4153 sibi
1221 4097 1293 4152 servi
1307 4097 1449 4167 copulant,
1467 4096 1540 4152 sicut
1553 4097 1589 4150 ad
1603 4100 1725 4151 nostram
1736 4097 1843 4167 regiam
1857 4098 2027 4168 potestatem

401 4187 575 4255 perteneaut,
594 4183 635 4239 ita
647 4185 783 4250 volamus,
804 4188 836 4239 ut
848 4185 943 4256 ineeps
956 4187 992 4241 ad
1004 4186 1079 4257 ipsos
1092 4184 1291 4256 Langobardos
1304 4187 1478 4255 perteneaut,
1497 4184 1558 4254 ipse
1570 4187 1599 4239 et
1611 4184 1676 4238 filiis
1688 4185 1745 4238 suis
1758 4187 1787 4239 et
1799 4184 1910 4238 filiabus
1923 4201 2026 4240 eorum.
2045 4199 2070 4238 es

506 4271 546 4324 14.
575 4271 719 4326 Statutum
742 4274 797 4336 est,
823 4275 866 4336 ut,
894 4273 917 4326 si
940 4291 997 4342 qua
1018 4272 1123 4327 femina
1143 4271 1233 4326 libera
1255 4288 1317 4325 curn
1340 4287 1450 4325 serrum
1468 4270 1584 4325 alterius
1603 4287 1631 4326 se
1650 4272 1824 4341 copulaverit
1848 4275 1877 4327 et
1894 4275 2027 4342 parentes

401 4355 461 4411 eius
479 4358 625 4412 samsoni
644 4358 767 4428 spatium
785 4357 821 4412 ad
834 4358 988 4414 vindictam
1006 4375 1062 4413 non
1081 4357 1202 4424 dederit,
1220 4357 1361 4421 volumus,
1380 4360 1414 4411 ut
1431 4356 1517 4412 curtis
1536 4357 1614 4427 regia
1632 4357 1776 4426 adquirat;
1801 4357 1824 4412 si
1843 4358 1905 4428 ipsa
1923 4357 2029 4412 femina

504 4553 530 4614 ο)
552 4550 589 4601 ila
611 4551 638 4600 ia
657 4550 720 4616 Gap.
736 4548 845 4612 Olonn.,·
871 4551 1004 4618 probaturi
1022 4549 1050 4614 43
1078 4550 1202 4618 prelaturi
1220 4546 1285 4614 263
1312 4549 1435 4616 perlaturi
1453 4547 1478 4600 5.
1583 4547 1611 4614 p)
1635 4549 1661 4599 in
1679 4547 1811 4614 publicum
1829 4557 1985 4601 conventum
2002 4548 2028 4601 6.

400 4635 428 4702 q)
448 4653 480 4687 ex
498 4637 610 4702 quadam
629 4644 700 4703 parte
718 4635 743 4688 6.
831 4635 854 4703 ι)
878 4655 926 4688 om.
944 4635 969 4688 5.
1060 4637 1082 4701 s)
1101 4637 1147 4688 uni
1165 4635 1189 4687 4.
1205 4634 1233 4699 53
1259 4636 1372 4687 omnium
1390 4634 1414 4687 6.
1502 4635 1523 4696 t)
1542 4633 1616 4686 alteri
1633 4632 1658 4685 4.
1672 4634 1697 4685 5.
1785 4635 1813 4698 ιι)
1832 4636 1984 4687 concesserit
2002 4633 2027 4685 2.

402 4723 428 4788 v)
447 4730 472 4774 et
490 4721 561 4786 add,
578 4723 669 4788 quodsi
746 4723 904 4774 subtraxerit
921 4739 968 4775 ons.
982 4720 1005 4774 6.
1077 4724 1112 4789 w)
1131 4723 1205 4774 nulla
1222 4718 1246 4772 2.
1321 4721 1349 4787 x)
1368 4739 1395 4774 sc
1412 4721 1529 4772 subtrax.
1542 4739 1590 4772 cm.
1603 4717 1628 4771 2.
1698 4721 1726 4786 y)
1746 4721 1805 4771 Sim.
1824 4721 2071 4774 declamante

400 4809 424 4872 z)
444 4809 531 4860 ualeat
548 4807 573 4860 5.
651 4807 677 4872 a)
697 4809 778 4875 ipsam
797 4809 858 4860 add.
871 4807 948 4862 4-6.
1027 4807 1054 4874 b)
1073 4827 1113 4862 res
1132 4809 1246 4877 exposcit
1256 4805 1334 4860 4-6.
1412 4807 1437 4872 c)
1456 4809 1503 4858 fiat
1519 4807 1543 4860 5.
1622 4807 1650 4869 d)
1667 4822 1712 4873 per
1730 4807 1834 4873 singula
1853 4807 1909 4866 loca
1927 4807 1989 4858 add.
2001 4806 2026 4858 5.

400 4891 425 4959 e)
448 4911 531 4959 neque
554 4895 653 4961 aliquid
670 4893 695 4946 6.
791 4893 882 4960 Quae
900 4894 980 4962 (ere)
1005 4897 1127 4962 scriptum
1149 4896 1253 4962 aliquod
1271 4893 1443 4948 faciantne.
1531 4895 1559 4960 g)
1582 4911 1629 4944 om.
1648 4893 1673 4944 5.
1684 4892 1709 4945 6.
1796 4893 1825 4958 Ιι)
1848 4895 1950 4945 cartula
1971 4894 2027 4959 ipsa

400 4978 462 5030 aad.
480 4979 504 5031 6.
597 4979 616 5047 ἰ)
635 4981 662 5031 si
742 4982 821 5032 saciat
842 4982 888 5032 sub
905 4984 961 5048 fiac
985 4982 1060 5033 baius
1082 4983 1173 5050 capitis
1189 4991 1326 5048 ponuntur
1348 4983 1377 5033 ia
1400 4981 1473 5033 codd.
1493 4978 1553 5032 4.5.
1645 4979 1672 5042 k)
1697 4977 1794 5044 aliquid
1813 4977 1838 5030 2.
1925 4977 1944 5043 1)
1967 4994 2026 5030 eon·

399 5062 527 5130 tulerit23
546 5066 706 5132 capulsverit
716 5062 740 5116 4.
812 5065 848 5132 m)
867 5069 965 5120 saciant
980 5066 1005 5120 2.
1016 5067 1039 5120 3.
1111 5068 1139 5134 ιι)
1158 5069 1387 5120 sitiuanisosterr's
1400 5068 1498 5120 omisca
1509 5066 1534 5118 5.
1599 5066 1625 5129 o)
1639 5083 1725 5117 vacua
1736 5065 1761 5118 6.
1826 5065 1853 5133 p)
1866 5073 1954 5117 sancte
1966 5062 1990 5115 4.
2001 5063 2025 5116 5.

399 5153 425 5216 q)
445 5153 462 5202 ii
480 5149 506 5203 2.
593 5151 616 5216 r)
639 5152 717 5202 huius
734 5153 884 5221 capitularis
902 5153 926 5206 5.
1015 5155 1038 5220 s)
1058 5155 1220 5206 denariorum
1239 5155 1301 5208 aad.
1321 5153 1344 5207 5.
1355 5154 1379 5208 6.
1467 5152 1488 5217 t)
1506 5153 1592 5204 domni
1610 5152 1672 5204 add.
1691 5151 1716 5204 4.
1725 5151 1749 5204 5.
1820 5151 1848 5216 ιι)
1868 5151 2026 5217 Subscriptio
2044 5165 2070 5204 st

399 5255 412 5288 c
431 5239 484 5289 solo
503 5238 588 5290 codice
605 5236 629 5289 2.

502 5424 546 5492 19)
564 5422 648 5476 Hanc
666 5439 717 5477 ease
735 5424 933 5492 inquisitionem
950 5426 1067 5493 testeam,
1087 5443 1144 5481 nou
1158 5443 1207 5496 per
1225 5431 1301 5481 tedes
1318 5425 1478 5480 amnas-at
1497 5423 1635 5491 Brunaer,
1658 5424 1775 5492 Zsupsn-
1793 5441 1821 5477 ιι.
1841 5423 2027 5492 Inquisitioas-

398 5525 488 5578 &ucis
501 5541 531 5594 p.
543 5526 603 5580 477.
622 5525 691 5596 [K]
777 5527 822 5594 20)
843 5527 899 5595 Osr.
914 5529 1050 5597 nasae,
1072 5529 1273 5584 Reda-Geras.
1287 5528 1312 5595 I,
1327 5544 1356 5596 p.
1369 5529 1429 5583 268.
1448 5527 1516 5598 [K]
1603 5529 1648 5594 21)
1668 5527 1724 5593 Ofr.
1742 5527 1874 5580 Memoria
1890 5527 2028 5580 comitibus

398 5627 466 5682 data
483 5629 630 5697 aee-823,
647 5634 708 5683 turra
721 5629 747 5698 I,
761 5647 789 5699 p.
802 5632 863 5700 319,
883 5648 902 5686 a
917 5633 958 5688 12.
977 5632 1048 5703 [K]
1144 5635 1188 5702 22)
1208 5633 1283 5685 Haec
1300 5636 1420 5699 apertam
1437 5630 1550 5696 fortem
1567 5630 1603 5684 ad
1624 5629 1705 5700 Oapp.
1724 5629 1797 5698 lapid.
1816 5629 1879 5684 cdd.
1897 5629 1957 5684 818.
1967 5631 2025 5697 819,

397 5733 414 5785 ι.
428 5748 450 5786 c.
464 5749 493 5800 p.
506 5732 566 5800 sas,
582 5711 642 5787 sc.
708 5734 754 5802 sa)
773 5735 905 5804 nana,
924 5737 1048 5806 aaran
1061 5754 1089 5805 ρ.
1102 5738 1201 5806 sesa,⁴
1214 5753 1243 5805 p.
1256 5737 1298 5791 cr.
1317 5733 1384 5804 [x]
1454 5735 1500 5803 sq
1520 5733 1585 5807 sap.
1602 5735 1736 5804 nasor,
1752 5734 2026 5803 marpessas.
2045 5752 2070 5792 n
