4590 6428
514 468 785 525 ADDl'l'AllEN'I'A
805 469 853 523 ΔΙ)
871 469 1081 525 HLUDOWICI
1101 471 1150 524 PII
1168 469 1474 526 depredatura-
1491 470 1542 524 Nn,
1555 471 1612 525 tar.
1834 468 1874 536 53
1927 499 1928 502 ’

253 648 399 708 sanctam
414 643 587 707 ecclesiam
604 643 873 708 scandalizaverit
889 649 932 724 et,
956 651 993 707 ut
1009 649 1130 722 cetera,
1153 663 1238 727 quae
1256 643 1427 707 innumera
1442 649 1527 724 sunt,
1544 643 1742 722 omittamus,
1766 645 1874 712 novis·
1894 650 1952 705 833.

254 747 334 810 sime
364 765 491 810 omnem
522 747 678 833 populum
712 747 774 812 sibi
803 747 986 812 subiectum
1017 746 1057 811 ad
1085 747 1275 832 generalem
1304 747 1470 812 interitum
1494 748 1694 812 contraxerit
1717 754 1752 812 at
1773 747 1815 812 ab
1838 769 1877 813 eo

253 848 365 914 divino¹
391 850 540 935 iustoque
567 849 686 915 iudicio
716 851 823 914 subito
847 851 1026 936 imperialis
1049 851 1092 915 sit
1116 851 1284 915 subtracta
1307 855 1469 936 potestas,
1500 871 1559 914 nos
1582 857 1693 915 tamen
1716 871 1877 916 memores

252 960 503 1039 praeceptorum
527 951 590 1017 Dei
619 953 855 1038 ministeriique
885 955 987 1019 nostri
1015 961 1113 1039 atque
1136 953 1371 1018 beneficiorum
1394 954 1465 1018 eius
1489 953 1621 1038 dignum
1645 953 1811 1034 duximus,
1841 961 1878 1018 ut

218 1076 312 1141 sper
341 1056 506 1120 licentiam
536 1057 707 1121 memorati
734 1057 890 1142 principis
913 1057 1061 1122 Lotharii
1089 1057 1287 1140 legationem
1316 1054 1357 1120 cd
1385 1057 1475 1120 illum
1505 1075 1547 1120 cx
1576 1060 1769 1122 auctoritate
1793 1058 1878 1121 sacri

253 1166 432 1225 conventus
460 1160 681 1238 mitteremus,
710 1179 794 1244 quae
818 1182 892 1225 eum
916 1161 957 1226 de
987 1162 1053 1225 suis
1078 1158 1223 1224 reatibus
1247 1159 1435 1240 admoneat,
1465 1167 1626 1245 quatenus
1650 1166 1775 1225 certum
1799 1179 1876 1225 con-

252 1264 357 1329 silium
387 1283 467 1328 suae
495 1261 608 1326 salutis
631 1269 776 1348 caperet,
807 1269 857 1345 ut,
887 1263 964 1348 quia
986 1268 1151 1350 potestate
1180 1263 1325 1347 privatus
1355 1269 1427 1328 erat
1455 1269 1588 1328 terrena
1619 1266 1711 1328 iuxta
1735 1261 1878 1330 divinum

253 1367 421 1431 consilium
452 1371 485 1430 et
513 1365 771 1430 eeclesiasticam
800 1368 1045 1447 auctoritatem,
1076 1389 1117 1431 ne
1145 1366 1258 1430 suamd
1284 1368 1425 1432 animam
1449 1369 1618 1454 perderet,
1650 1367 1821 1433 elaborare
1844 1368 1877 1431 in

253 1471 409 1535 extremis
437 1470 560 1555 positus
588 1469 667 1533 totis
693 1469 815 1534 viribus
846 1470 1003 1535 studeret.
1048 1469 1194 1544 Quorum
1218 1471 1399 1555 legatorum
1423 1472 1565 1537 consiliis
1594 1477 1627 1536 et
1656 1468 1877 1536 rsaluberrimi

207 1597 234 1637 ro
253 1572 525 1639 admonitionibus
547 1570 692 1636 libenter
714 1593 885 1638 assensum
908 1573 1069 1658 praebuit,
1094 1575 1233 1659 spatium
1259 1576 1407 1660 poposcit
1430 1575 1582 1661 diemque
1606 1573 1787 1652 constituit,
1814 1593 1879 1659 qua

252 1677 294 1742 de
322 1676 509 1743 salubribus
540 1696 652 1740 eorum
682 1677 814 1740 monitis
844 1684 969 1741 certum
1000 1679 1047 1742 eis
1079 1699 1270 1764 responsum
1301 1676 1464 1744 redderet.
1514 1676 1596 1741 (lum
1627 1684 1736 1742 autem
1764 1695 1877 1762 supra·

253 1782 392 1867 scriptus
416 1782 554 1845 instaret
575 1779 657 1858 dies,
682 1799 775 1843 sacer
797 1778 883 1844 idem
907 1787 1086 1846 conventus
1108 1781 1304 1846 unanimiter
1322 1781 1520 1848 adeundam
1535 1780 1758 1846 venerabilem
1774 1779 1878 1842 sirum

251 1885 400 1972 porrexit
427 1903 567 1969 eumque
595 1882 780 1967 diligenter,
810 1883 851 1948 dc
874 1883 992 1967 quibus
1014 1884 1122 1949 Deum
1147 1883 1330 1949 offenderat
1354 1893 1387 1949 et
1415 1891 1562 1948 sanctam
1586 1884 1759 1949 ecclesiam
1783 1901 1877 1946 scan-

253 1986 453 2052 dalizaverat
481 2007 519 2051 ac
549 1986 703 2072 populum
733 1986 795 2050 sibi
819 1989 1029 2052 commissum
1052 1988 1319 2073 perturbaverat,
1350 1987 1527 2053 admonere
1556 1995 1590 2052 et
1617 1993 1734 2052 cuncta
1762 1985 1810 2049 illi
1837 1983 1878 2048 ad

208 2117 233 2154 rs
252 2090 442 2155 memoriam
470 2088 627 2155 reducere
656 2090 791 2153 curarit.
836 2089 897 2155 Ille
920 2111 998 2155 vero
1027 2112 1139 2155 eorum
1169 2091 1372 2156 salutiferam
1400 2091 1655 2156 admonitionem
1685 2097 1719 2156 ct
1747 2089 1878 2174 dignam

251 2213 491 2278 congruamque
523 2193 812 2277 exaggerationem
844 2192 986 2257 libenter
1016 2194 1219 2278 amplectens
1248 2195 1396 2280 promisit
1427 2216 1462 2259 se
1493 2196 1527 2259 in
1556 2194 1706 2258 omnibus
1732 2192 1797 2256 illis
1823 2211 1877 2256 ac-

251 2297 437 2382 quietumm
461 2295 597 2359 salutari
621 2296 757 2360 consilio
782 2302 815 2360 et
838 2295 1021 2360 subiturum
1045 2295 1222 2361 remediale
1247 2296 1411 2361 iudicium.
1448 2297 1561 2377 Porro,
1584 2297 1627 2362 de
1648 2302 1740 2360 tanta
1756 2293 1879 2359 salubri

252 2398 471 2464 admonitione
498 2398 629 2478 hilaris,
661 2398 749 2462 illico
780 2398 935 2463 dilectum
962 2399 1064 2463 filium
1095 2421 1187 2464 suum
1211 2399 1404 2464 Lotharium
1429 2407 1605 2486 augustum
1635 2398 1697 2463 sibi
1725 2397 1879 2462 festinato

252 2487 426 2567 affutumm
451 2501 662 2587 supplicarit,
692 2506 728 2565 ut
750 2501 805 2566 ille
828 2503 933 2588 ruptis
956 2501 1157 2587 quibuslibet
1179 2504 1312 2568 morulis
1337 2525 1409 2568 cum
1434 2503 1500 2568 suis
1523 2502 1718 2589 primatibus
1742 2501 1878 2577 reniret,

206 2629 234 2670 ro
253 2607 404 2692 quatinus
427 2607 567 2691 primu-m
589 2605 674 2670 inter
697 2625 752 2669 eos
775 2611 889 2670 mutua
912 2605 1133 2670 reconciliatio
1157 2606 1334 2671 secundnm
1352 2607 1561 2672 christianam
1579 2604 1759 2670 doctrinam
1774 2601 1878 2680 ficret,

251 2715 298 2790 ut,
322 2708 447 2795 siquid
471 2709 505 2773 in
529 2707 679 2773 cordibus
701 2728 813 2773 eorum
838 2710 936 2774 naevi
959 2715 1015 2773 aut
1038 2709 1222 2775 discordiae
1244 2711 1358 2792 inerat,
1381 2731 1465 2796 pura
1485 2711 1683 2794 humilisque
1704 2704 1878 2793 postulatio

252 2813 366 2877 reniae
395 2813 546 2898 expiaret
575 2833 613 2877 ac
643 2811 762 2878 deinde
791 2832 898 2876 coram
928 2814 1015 2877 omni
1043 2813 1251 2878 multitudine
1279 2814 1434 2878 iudicium
1461 2812 1663 2878 sacerdotale
1687 2830 1776 2874 more
1798 2828 1875 2894 pae-

253 2917 386 2981 nitentis
410 2916 603 3001 susciperet,
626 2915 712 3000 quod
737 2922 770 2980 et
793 2935 857 2980 non
881 2915 982 2979 multo
1004 2923 1080 3003 post
1102 2917 1225 2982 iactum
1250 2924 1310 2983 est.
1343 2917 1488 2982 Veniens
1509 2918 1609 3002 igitur
1623 2914 1711 2980 idem
1727 2913 1877 2977 dominus

251 3017 445 3083 Lodowicus
473 3018 506 3082 in
533 3017 701 3082 basilicam
732 3029 865 3082 sanctae
888 3017 951 3082 Dei
979 3019 1157 3104 genetricis
1179 3011 1335 3100 Mariae3,
1364 3021 1422 3084 nbi
1452 3026 1637 3085 sanctorum
1663 3036 1799 3102 corpora
1826 3036 1878 3080 re·

204 3145 231 3186 ss
251 3123 439 3207 quiescunt,
471 3119 619 3185 Medardi
649 3119 803 3185 videlicet
833 3121 1027 3186 confessoris
1059 3121 1181 3187 Christi
1216 3129 1313 3207 atque
1344 3123 1506 3209 pontificis
1535 3143 1663 3187 necnon
1692 3117 1879 3185 Sebastiani

250 3224 524 3310 praestantissimi
546 3224 708 3309 martyris,
731 3223 937 3289 adstantibus
961 3226 1176 3310 presbyteris,
1200 3225 1390 3290 diaconibus
1414 3234 1448 3291 et
1471 3247 1535 3289 non
1554 3245 1656 3311 parra
1672 3219 1878 3287 multitudine

251 3327 462 3408 clericorum,
491 3333 666 3413 praesente
695 3327 793 3391 etiam
825 3327 973 3413 praefato
1002 3327 1133 3394 domino
1156 3329 1313 3395 Lothario
1341 3331 1407 3394 filio
1435 3331 1505 3394 eius
1530 3331 1664 3415 eiusque
1687 3324 1878 3413 proceribus

251 3437 349 3516 atque
374 3431 475 3496 totius
499 3432 611 3518 populi
635 3431 863 3516 generalitate,
888 3438 1048 3519 quotquot
1062 3432 1216 3498 videlicet
1237 3434 1323 3498 intra
1345 3435 1396 3497 sui
1419 3440 1548 3519 septum
1571 3431 1688 3497 cadem
1711 3431 1878 3496 continere

249 3534 356 3620 potuit
378 3535 535 3614 ecclesia,
559 3541 593 3599 et
614 3540 797 3620 prostratus
819 3535 851 3599 in
875 3540 997 3600 terram
1021 3557 1118 3622 super
1141 3537 1283 3602 cilicium
1307 3543 1384 3600 ante
1408 3541 1651 3600 sacrosanctum
1676 3534 1778 3599 altare
1801 3553 1877 3597 con-

203 3663 232 3702 so
250 3637 356 3702 fessus
387 3645 439 3702 est
460 3658 569 3702 coram
593 3639 757 3703 omnibus:
786 3638 1003 3703 ministerium
1032 3639 1094 3703 sibi
1117 3641 1324 3705 commissum
1349 3641 1428 3704 satis
1451 3638 1584 3723 indigne
1607 3642 1766 3702 tractasse
1789 3642 1822 3701 et
1845 3637 1878 3700 in

251 3762 291 3807 eo
314 3741 425 3805 multis
448 3739 551 3804 modis
575 3739 683 3805 Deum
707 3741 884 3806 offendisse
909 3748 942 3805 et
965 3743 1138 3807 ecclesiam
1162 3742 1283 3808 Ohristi
1311 3743 1552 3810 scandalizasse
1576 3742 1797 3828 populumque
1821 3758 1879 3824 per

251 3867 344 3912 suam
379 3845 614 3930 negligentiam
649 3846 826 3912 multifarie
858 3847 892 3910 in
924 3847 1205 3933 perturbationem
1240 3848 1428 3928 induxisse,
1468 3853 1501 3911 et
1534 3846 1608 3910 ideo
1638 3843 1679 3909 ob
1710 3849 1875 3908 tantorum

251 3956 400 4015 reatuum
425 3948 644 4033 expiationem
666 3947 830 4034 publicam
854 3957 888 4014 et
912 3951 1170 4017 ecclesiasticam
1193 3974 1228 4018 se
1252 3959 1410 4040 expetere
1427 3951 1513 4016 selle
1532 3948 1615 4014 dixit
1629 3947 1876 4035 poenitentiam,

251 4073 315 4139 quo
350 4053 528 4118 miserante
556 4051 700 4117 Domino
732 4074 793 4139 par
823 4075 935 4120 eorum
965 4056 1180 4121 ministerium
1210 4063 1243 4122 et
1275 4056 1469 4121 adiutorium
1498 4052 1670 4139 percipere
1697 4054 1878 4116 mereretur

206 4181 232 4222 rs
253 4155 489 4222 absolutionem
504 4160 668 4220 tantomm
684 4156 866 4237 criminum,
890 4158 1008 4244 quibus
1023 4159 1116 4224 Deus
1133 4158 1257 4244 ligandi
1274 4181 1313 4224 ao
1334 4156 1481 4224 solvendi
1497 4156 1653 4221 intulerat
1668 4157 1876 4240 potestatam.

251 4258 357 4334 Quem
387 4259 485 4324 etiam
519 4257 618 4324 iidem
647 4260 835 4345 pontifices,
863 4267 978 4348 utpote
1006 4261 1124 4328 medici
1149 4262 1328 4349 spiritales,
1359 4261 1535 4326 salubriter
1559 4257 1801 4323 admonuerunt
1823 4275 1876 4319 as-

251 4369 398 4428 serentes
423 4362 468 4440 ei,
497 4362 584 4448 quod
607 4383 721 4448 puram
746 4370 779 4428 et
802 4364 983 4449 simplicem
1007 4366 1245 4431 confessionem
1270 4371 1462 4450 sequeretur
1484 4384 1564 4428 rere
1586 4362 1736 4427 remissio
1758 4378 1877 4446 pacca-

251 4472 367 4546 torum,
390 4471 428 4530 ut
450 4471 563 4550 aparte
587 4465 799 4530 confiteretur
822 4472 932 4532 errata
953 4487 1022 4548 sua,
1049 4468 1082 4533 in
1106 4466 1231 4554 quibus
1246 4469 1388 4532 maxime
1413 4487 1447 4531 se
1471 4466 1579 4532 Deum
1602 4464 1779 4530 offendisse
1801 4481 1876 4547 pro-

251 4567 420 4650 fitebatur,
454 4589 496 4632 ne
526 4567 610 4633 iorte
639 4567 778 4634 interius
811 4568 932 4656 aliquid
962 4575 1092 4656 tegeret
1125 4579 1181 4637 aut
1209 4571 1240 4635 in
1271 4577 1446 4657 conspectu
1474 4569 1539 4636 Dei
1569 4569 1737 4656 quippiam
1765 4566 1877 4631 dolose

206 4695 234 4735 so
252 4677 383 4758 ageret,
407 4672 491 4736 sicut
518 4671 583 4734 iam
611 4664 757 4757 pridem⁴
786 4673 820 4737 in
844 4671 1047 4759 Compendio
1077 4675 1199 4761 palatio
1231 4676 1272 4739 ab
1302 4675 1367 4739 alio
1395 4695 1488 4739 sacro
1517 4678 1681 4737 consentu
1711 4673 1878 4755 correptus

253 4795 362 4840 coram
384 4774 473 4838 omni
495 4774 639 4840 ecelesia
661 4796 735 4840 cum
757 4776 877 4840 iecisse
894 4776 1044 4842 omnibus
1068 4783 1180 4841 notum
1201 4782 1282 4856 erat,
1306 4797 1347 4841 ne
1370 4777 1453 4840 sicut
1474 4781 1563 4855 tunc,
1587 4775 1634 4839 ita
1657 4779 1690 4838 et
1712 4792 1798 4838 nunc
1819 4790 1878 4857 per

252 4879 492 4945 simulationem
516 4885 550 4944 et
572 4879 781 4945 calliditatem
798 4879 920 4967 duplici
943 4880 984 4945 ad
999 4880 1106 4945 Deum
1129 4879 1227 4945 eorde
1251 4878 1448 4958 accedendo,
1472 4877 1513 4942 ad
1535 4878 1616 4942 iram
1638 4878 1758 4970 potius,
1782 4895 1879 4972 quam

252 4982 444 5050 adveniam
474 5003 606 5047 suorum
629 4988 840 5069 peccatorum
863 4990 1071 5070 provocaret,
1100 4985 1254 5069 quoniam
1284 4982 1444 5068 scriptura
1470 4986 1614 5047 testante
1639 4969 1878 5044 ‘simulatoresl

253 5094 287 5154 et
313 5087 423 5152 callidi
451 5091 631 5173 provocant
659 5087 740 5152 iram
765 5085 850 5153 Dei’.
896 5088 1018 5153 Verum
1048 5093 1122 5174 post
1151 5085 1339 5152 huiusmodi
1361 5085 1614 5151 admonitionem
1636 5083 1804 5169 professus
1828 5087 1880 5146 est

204 5217 231 5255 c
253 5211 290 5256 sc
317 5191 350 5256 in
377 5189 529 5255 omnibus
557 5191 597 5255 iis
624 5189 799 5276 praecipue
823 5189 1015 5276 deliquisse,
1042 5190 1128 5255 unde
1150 5211 1169 5254 a
1192 5189 1382 5254 memoratis
1407 5185 1634 5253 sacerdotibus
1656 5185 1762 5250 fuerat
1784 5185 1877 5249 iami-

252 5293 388 5375 liariter,
417 5293 487 5358 sire
510 5293 635 5374 verbis,
664 5293 734 5356 sire
762 5285 913 5379 scriptis⁶
935 5293 1119 5359 admonitus
1143 5298 1176 5359 et
1198 5292 1298 5378 digna
1320 5292 1543 5378 increpatione
1568 5296 1751 5376 correptum
1782 5308 1879 5374 super

355 5483 382 5547 d)
401 5485 543 5536 secundam
561 5483 639 5536 Sirra.

356 5651 756 5721 mamaccas
842 5647 1613 5720 4)Amosco;srawaasrr,aro,sanr,p.csc.
1682 5645 1879 5716 annosam.

253 5755 280 5824 c)
301 5753 353 5821 ca.
372 5754 509 5823 naara
525 5755 637 5824 anau,
656 5755 733 5823 aaa
745 5772 775 5824 p.
788 5755 830 5822 cc,
849 5755 864 5806 r.
877 5753 911 5808 sr
924 5769 976 5822 aq.
996 5751 1065 5824 [nn]
