4590 6428
690 465 900 522 Hnooowlcl
919 468 969 522 PII
987 469 1242 527 enarraturam.
1263 504 1293 514 -
1313 474 1360 528 Nr.
1376 475 1434 531 185.
1858 485 1878 544 5

316 747 370 830 Et,
394 753 430 811 ut
445 747 528 812 baec
544 746 652 810 omnia
668 766 855 810 successum
872 744 1026 826 habeant,

249 853 413 931 volumus,
437 857 473 915 ut
496 850 650 936 generale
667 849 853 914 triduanum
868 849 1026 913 ieiunium

249 955 397 1022 secunda
426 955 508 1020 leria
535 961 608 1040 post
636 952 769 1018 octabas
792 943 1026 1039 pentecosten3

217 1059 482 1125 scelebrandum
510 1059 672 1124 indicetur
705 1063 738 1121 et
761 1058 962 1142 generaliter
984 1056 1025 1121 ab

249 1165 400 1230 omnibus
414 1185 486 1229 cum
499 1183 626 1226 summa
638 1161 811 1226 devotione
825 1162 1027 1226 observetur.

315 1268 360 1333 Et
382 1269 459 1353 quia
481 1266 625 1352 undique
642 1265 790 1330 inimicos
812 1272 945 1330 sanctae
962 1263 1026 1328 Dei

249 1372 411 1438 ecclesiae
444 1371 642 1436 commoveri
675 1376 708 1434 ct
738 1389 874 1454 regnum
906 1389 926 1432 a
952 1367 1025 1432 Deo

247 1477 344 1541 nobis
368 1476 578 1540 commissum
602 1474 760 1539 infestare
777 1473 862 1537 velle
886 1493 1023 1558 cognos-

204 1604 230 1642 ιο
250 1581 371 1662 cimus,
402 1579 623 1666 praecipimus
654 1584 752 1662 atque
780 1567 961 1656 iubemusl,
990 1582 1025 1640 ut

250 1705 364 1749 omnes
388 1682 535 1747 homines
563 1703 623 1768 per
646 1687 749 1746 totum
780 1701 917 1766 regnum
948 1702 1023 1745 nos-

246 1793 351 1867 trum,
387 1788 441 1871 qui
477 1786 665 1851 exercitalis
698 1785 827 1848 itineris
859 1784 1024 1849 debitores

249 1895 341 1972 sunt,
376 1889 461 1954 bene
497 1891 561 1954 sint
595 1889 781 1976 praeparati
817 1909 890 1952 cum
920 1889 1022 1973 equis,

248 1996 359 2077 armis,
383 1995 602 2074 vestimentis,
626 1993 725 2057 carris
753 1998 787 2056 et
809 1991 1023 2068 victualibus;

201 2122 228 2160 ιι
247 2106 300 2180 ut,
332 2119 536 2184 quocumque
561 2103 706 2184 tempore
731 2096 779 2160 eis
802 2115 822 2157 a
845 2095 940 2160 nobis
964 2095 1040 2160 de·-

247 2203 433 2267 nuntiatum
462 2201 576 2282 fuerit,
611 2201 682 2265 sine
714 2200 782 2263 ulla
812 2220 903 2262 mora
931 2200 1023 2263 exire

248 2313 300 2388 et,
335 2307 368 2371 in
400 2326 638 2390 quamcumque
679 2308 806 2389 partem
841 2305 1022 2369 necessitas

246 2410 478 2498 postulaverit,
513 2428 652 2495 pergere
683 2407 812 2493 possint
842 2413 875 2472 ct
898 2407 1022 2472 tamdiu

246 2514 293 2579 ibi
316 2534 397 2596 esse,
422 2512 576 2599 quamdiu
599 2511 780 2577 necessitas
797 2511 1020 2596 postulaverit.

198 2639 227 2678 20

1470 649 1512 714 B.

1105 771 1191 815 anno
1219 752 1252 816 in
1282 751 1344 816 hoc
1374 773 1510 836 regnum
1534 753 1675 839 ingressi
1700 754 1880 842 depraeda-

1105 854 1230 936 tiones,
1259 855 1409 920 incendia
1439 856 1649 922 ecclesiarum
1679 865 1712 923 et
1734 860 1877 944 captiva-

1105 957 1212 1022 tiones
1230 958 1481 1023 christianorum
1499 965 1533 1024 et
1544 961 1792 1027 interfectiones
1808 983 1876 1027 ser—

1104 1082 1218 1125 vorum
1248 1061 1312 1125 Dei
1342 1061 1503 1127 audenter
1534 1069 1566 1128 et
1597 1063 1746 1151 impune,
1782 1065 1879 1130 immo

1106 1165 1299 1243 crudeliter,
1340 1167 1499 1233 fecerunt.
1559 1167 1679 1253 Agitur
1719 1169 1878 1254 siquidem

1105 1269 1191 1333 iusto
1223 1268 1341 1334 iudicio
1371 1269 1450 1350 Dei,
1485 1277 1535 1350 ut,
1569 1271 1664 1356 quia⁸
1691 1271 1725 1335 iu
1754 1275 1879 1338 cunctis

1105 1371 1342 1457 delinquimus,
1377 1374 1513 1438 interius
1547 1375 1642 1438 simul
1670 1381 1703 1438 et
1731 1377 1878 1442 exterius

1103 1476 1316 1561 flagellemur.
1362 1477 1539 1543 Beneficiis
1570 1479 1691 1564 quippe
1714 1477 1778 1544 Dei
1808 1481 1877 1545 cvi·

1103 1579 1220 1644 denter
1259 1581 1431 1645 existimus
1467 1581 1603 1664 ingrati,
1643 1582 1794 1667 quoniam
1827 1583 1877 1648 his

1102 1703 1167 1748 non
1200 1683 1240 1747 ad
1265 1685 1465 1748 voluntatem
1489 1683 1570 1764 Dei,
1604 1684 1662 1750 sed
1685 1683 1726 1748 ad
1749 1686 1878 1751 libitum

1103 1793 1249 1851 nostrum
1274 1788 1436 1852 carnalem
1461 1789 1508 1852 uti
1531 1788 1724 1854 invenimur.
1762 1787 1805 1854 Et
1827 1790 1877 1854 id-

1102 1891 1189 1954 circo
1212 1891 1330 1955 merito
1355 1897 1526 1956 creaturae
1550 1891 1616 1957 Dei
1642 1892 1736 1956 nobis
1760 1891 1876 1958 divini-

1102 1999 1153 2058 tus
1177 2014 1353 2059 concessae
1376 2015 1435 2080 pro
1452 1993 1526 2058 Deo
1551 2001 1663 2059 contra
1687 2015 1746 2059 nos
1768 1996 1877 2082 ingra-

1101 2103 1152 2160 tos
1175 2102 1332 2183 pugnant,
1355 2097 1448 2161 iuxta
1469 2097 1562 2162 illud:
1598 2091 1794 2183 ‘Pugnabitl
1816 2121 1876 2187 pro

1101 2220 1141 2264 eo
1184 2200 1272 2265 orbis
1316 2207 1476 2265 terrarum
1520 2207 1633 2266 contra
1670 2201 1876 2269 insensatos’.

1101 2302 1241 2383 Verum,
1277 2305 1353 2389 quia
1382 2311 1431 2368 tot
1458 2304 1563 2369 modis
1591 2326 1750 2370 vexamur
1778 2311 1876 2390 atque

1100 2408 1314 2492 percutimur,
1346 2407 1387 2472 ad
1411 2429 1501 2488 eum,
1535 2432 1554 2473 a
1578 2429 1640 2493 quo
1664 2409 1875 2495 percutimur,

1101 2515 1170 2574 toto
1205 2509 1302 2574 corde
1337 2511 1471 2596 dignum
1506 2511 1795 2598 necessariumque
1826 2520 1877 2579 est

1101 2618 1137 2677 ut
1166 2619 1381 2694 revertamur,
1413 2621 1574 2700 quatenus
1602 2614 1683 2679 illud
1706 2616 1874 2704 propheti-

1102 2738 1174 2780 cum
1214 2717 1248 2780 in
1287 2715 1379 2781 nobis
1411 2718 1600 2803 impleatur,
1645 2739 1708 2804 quo
1742 2718 1875 2783 dicitur:

246 2814 357 2887 ‘Solass
379 2821 512 2886 vexatio
536 2819 739 2884 intellectum
758 2816 849 2881 dabit
865 2816 1011 2883 anditui’.
1053 2817 1118 2883 Sed
1134 2820 1210 2904 quia
1224 2821 1297 2905 pius
1314 2827 1348 2885 ct
1364 2820 1508 2886 clemens
1524 2820 1685 2886 Dominus
1707 2822 1754 2888 sic
1769 2821 1877 2907 ipsum

244 2925 411 3011 flagellum
434 2923 630 3002 moderatur,
653 2928 689 2987 ut
712 2942 777 2985 non
801 2920 841 2984 ad
866 2920 1043 3001 interitum,
1068 2922 1125 2986 sed
1149 2923 1257 3007 potius
1281 2922 1322 2987 ad
1338 2924 1573 2990 correctionem
1593 2930 1738 2990 nostram
1754 2924 1875 2989 inferre

245 3028 404 3109 videatur,
427 3027 585 3092 debemus
607 3027 640 3090 in
665 3030 845 3110 conspectu
869 3023 938 3087 eius
956 3024 1118 3088 veraciter
1141 3023 1300 3090 humiliari
1325 3032 1359 3090 et
1379 3026 1497 3091 faciem
1513 3027 1600 3092 illius
1616 3027 1649 3093 in
1666 3028 1871 3094 consessione

196 3158 225 3197 aa
244 3133 436 3220 praevenire
468 3131 604 3214 eiusque
634 3129 792 3215 pictatem
820 3129 930 3213 pronis
963 3127 1128 3192 mentibus
1158 3150 1311 3212 exorare,
1343 3137 1393 3212 ut,
1426 3130 1481 3217 qui
1504 3131 1583 3198 fecit
1610 3154 1669 3199 nos
1692 3133 1872 3197 iustissima

243 3235 487 3323 dispensatione
515 3232 647 3318 flagella
677 3231 817 3311 sentire,
853 3230 954 3296 faciat
982 3230 1075 3295 nobis
1105 3237 1241 3318 peccata
1270 3239 1398 3314 nostra,
1434 3255 1492 3319 pro
1517 3234 1633 3326 quibus
1661 3236 1745 3300 iuste
1768 3235 1809 3300 ab
1833 3255 1872 3300 eo

242 3339 459 3424 flagellamur,
482 3356 681 3422 cognoscere
706 3341 756 3414 et,
786 3333 818 3398 in
842 3334 959 3420 quibus
983 3335 1126 3400 maxime
1149 3333 1241 3399 illum
1264 3335 1458 3401 offendimus
1482 3343 1516 3402 et
1538 3337 1621 3403 iram
1644 3338 1729 3402 illiue
1752 3358 1870 3424 provo-

244 3444 399 3522 cavimus,
422 3440 627 3505 manifestius
652 3439 848 3524 intelligere,
872 3446 906 3503 ut
920 3446 1012 3524 post,
1036 3440 1279 3522 commorante,
1302 3462 1403 3526 prava
1418 3441 1600 3507 deserendo
1622 3449 1655 3508 ct
1669 3440 1870 3527 corrigendo,

242 3547 330 3612 bona
352 3546 451 3610 etiam
474 3542 630 3608 sectando
655 3550 688 3607 ct
705 3548 773 3608 tota
788 3563 862 3607 cum
881 3541 1054 3607 devotione
1072 3543 1293 3628 exsequendo,
1318 3547 1483 3610 valeamus
1500 3545 1723 3632 perspiritum
1740 3545 1870 3609 humili-

195 3677 224 3716 sc
243 3651 320 3714 tatis
344 3655 377 3714 et
400 3648 540 3713 animam
565 3647 738 3711 contritam
761 3647 955 3711 sacrificium
972 3646 1044 3711 Deo
1069 3647 1216 3712 debitum
1238 3648 1355 3714 offerre
1372 3649 1517 3736 iramque
1534 3649 1621 3712 illius
1637 3648 1871 3734 indignationis

241 3752 382 3819 evadere
413 3757 447 3818 et
478 3773 537 3838 per
560 3750 692 3836 dignam
717 3772 960 3837 congruamque
984 3753 1216 3818 correctionem
1241 3759 1274 3818 ct
1296 3752 1452 3818 bonorum
1476 3773 1610 3838 operum
1634 3752 1869 3818 exhibitionem

240 3857 389 3942 gratiam
404 3856 475 3920 eius
498 3854 749 3941 propitiationis,
772 3855 850 3919 licet
872 3853 1008 3940 indigni,
1032 3856 1220 3940 promereri.
1264 3855 1319 3936 At,
1343 3857 1418 3941 quia
1441 3876 1500 3920 nos
1524 3855 1628 3940 magis
1650 3855 1682 3918 in
1706 3855 1768 3920 hoc
1791 3875 1869 3940 pec-

240 3980 333 4024 casse
357 3959 596 4044 cognoscimus,
621 3957 675 4042 qui
699 3958 804 4022 forma
828 3958 942 4022 salutis
966 3958 1118 4023 omnibus
1142 3980 1214 4024 esse
1230 3958 1401 4023 debuimus
1418 3965 1451 4023 et
1467 3960 1609 4023 omnium
1626 3979 1738 4023 curam
1753 3979 1869 4043 gerere

240 4071 275 4130 et
304 4085 363 4151 per
391 4064 619 4128 auctoritatem
649 4061 851 4148 imperialem
880 4082 1054 4147 pravorum
1083 4070 1170 4143 acta,
1200 4085 1242 4128 ne
1270 4069 1395 4128 tantum
1419 4060 1671 4142 adcrescerents,
1695 4063 1869 4147 corrigere,

191 4193 220 4233 aa
241 4167 390 4253 cupimus
413 4166 554 4232 Domino
579 4165 675 4230 nobis
699 4166 839 4252 propitio
863 4166 896 4229 in
920 4173 1100 4253 conspectu
1123 4167 1253 4252 pietatis
1276 4166 1364 4230 illius
1385 4186 1445 4251 per
1461 4164 1592 4250 dignam
1609 4165 1868 4231 satisfactionem

239 4273 370 4336 veniam
401 4271 539 4358 adipisci
570 4275 603 4334 et
633 4290 692 4355 per
719 4269 966 4336 saluberrimam
996 4273 1233 4337 correctionem
1262 4272 1314 4336 vel
1346 4293 1406 4357 per
1433 4271 1554 4335 bonum
1586 4270 1749 4350 studium,
1784 4270 1869 4356 quod

239 4381 350 4440 nostra
373 4374 500 4440 desidia
523 4379 556 4438 et
578 4373 763 4459 ignorantia
785 4374 944 4441 hactenus
967 4376 1151 4461 neglectum
1168 4382 1228 4452 est,
1253 4376 1405 4440 consultu
1421 4375 1566 4440 fidelium
1582 4381 1731 4463 tempore
1749 4395 1868 4462 oppor-

238 4486 333 4558 tuno,
363 4484 520 4563 quantum
550 4477 583 4542 in
610 4477 705 4542 nobis
735 4484 799 4561 est,
832 4480 1068 4544 studiosissime
1096 4479 1271 4545 emendare
1300 4487 1334 4544 et
1356 4486 1500 4544 nostram
1523 4479 1557 4544 in
1580 4480 1643 4544 hoc
1666 4481 1869 4545 voluntatem

239 4582 391 4646 omnibus
414 4582 622 4647 manifestam
644 4582 762 4647 lacere.

188 4713 220 4752 ιο
343 4684 552 4772 Quapropter
581 4686 755 4750 statuimus
785 4692 883 4770 atque
907 4684 1111 4750 decrevimus
1135 4706 1208 4750 cum
1236 4687 1386 4750 consultu
1415 4684 1622 4751 sacerdotum
1645 4692 1868 4751 caeterorum·
1965 4753 1966 4758 .

237 4811 303 4876 que
331 4788 477 4854 fidelium
506 4793 691 4852 nostrorum
719 4788 815 4853 huius
844 4789 894 4853 rei
920 4789 1028 4874 gratia
1050 4789 1091 4854 ob
1115 4787 1308 4876 placandum
1334 4789 1459 4853 scilicet
1482 4795 1594 4853 contra
1623 4810 1682 4854 nos
1705 4789 1867 4873 nobisque

238 4892 404 4958 subiectos
427 4891 560 4956 Domini
583 4891 725 4956 furorem
747 4898 925 4957 conventus
950 4893 1128 4957 eomndem
1152 4893 1377 4978 episcoporum
1400 4893 1433 4956 in
1457 4899 1594 4977 quatuor
1617 4892 1745 4978 imperii
1766 4891 1868 4955 nostri

236 4996 319 5061 locis
350 4993 646 5080 congruentissime
676 4995 756 5059 lieri.
801 4987 931 5060 Primo*
958 4996 1084 5060 scilicet
1114 4996 1146 5060 in
1169 4995 1433 5081 Mogontiacensi
1460 4995 1559 5078 urbe,
1592 4995 1647 5060 ubi
1675 4995 1869 5059 conveniant

236 5098 501 5185 metropolitani⁸
513 5097 706 5184 Autgarius,
723 5097 949 5178 Hadabaldus,
965 5097 1079 5178 Hethi,
1095 5097 1280 5164 Bernuinue
1294 5120 1366 5164 cnm
1380 5099 1597 5184 suffraganeis
1615 5099 1699 5173 snis;
1723 5095 1867 5162 secundo

188 5305 218 5344 se
341 5287 429 5359 alqui
449 5289 527 5342 sirm.
617 5289 831 5356 dadolescercnt
848 5287 927 5341 Sirra.
1014 5285 1044 5356 g)
1063 5289 1247 5357 archicpiscopi
1265 5287 1327 5340 Bal.

339 5461 368 5530 3)
387 5461 491 5516 Mass
511 5461 584 5516 Maii
605 5461 647 5515 dic
667 5461 789 5516 viceram
805 5467 918 5531 quattor
941 5460 985 5515 dic
1002 5460 1120 5515 messano
1137 5459 1213 5514 tertio
1231 5457 1346 5514 amem
1363 5457 1460 5512 ommis
1477 5457 1639 5529 medeam
1655 5457 1765 5511 indiam
1782 5455 1867 5510 indic·

235 5569 295 5618 tum
319 5569 387 5632 aaa·
413 5565 460 5632 dr.
487 5582 531 5620 ur.
554 5566 611 5621 184.
715 5565 745 5632 4)
766 5565 820 5632 Ost.
843 5564 921 5632 basra
937 5563 1136 5631 nr.186,c.'l.
1239 5563 1266 5630 b)
1293 5561 1359 5630 Sap.
1378 5561 1434 5615 Sol.
1451 5563 1476 5628 5,
1489 5562 1532 5616 21.
1636 5561 1664 5628 6)
1691 5559 1742 5614 Ics.
1761 5559 1808 5626 28,
1826 5559 1867 5614 19.

236 5669 265 5733 ’1)
284 5666 409 5736 Epistola
431 5667 494 5724 lanc
514 5669 578 5723 iada
601 5685 684 5738 eaque
706 5668 743 5723 ad
763 5670 843 5737 tinen
865 5668 902 5724 ad
925 5667 1032 5723 terbum
1048 5666 1107 5734 ferr
1127 5665 1251 5720 cortem
1274 5680 1336 5719 cam
1354 5665 1541 5720 conaitraicac
1559 5663 1591 5718 dc
1608 5663 1789 5733 cpiscopomm
1806 5677 1866 5715 corr-

235 5769 356 5824 maus
372 5777 491 5838 qtmtuov
508 5771 637 5826 habendis
653 5788 697 5828 ar.
711 5773 769 5829 184.

1897 675 1958 729 828.
