4568 6420
402 459 464 520 448
512 454 781 509 ADDITAMEN'I'A
801 455 849 509 Al)
868 452 984 508 CAPIT.
1004 453 1083 509 ΒΕΘ.
1104 453 1289 507 inunctus
1308 452 1500 508 OCCIDENT.
1519 453 1668 522 (annom
1681 453 1727 523 Il).
1745 483 1779 492 -
1797 453 1846 507 Nr.
1858 453 1918 506 299.

324 637 382 690 859.
402 629 544 693 tionibus
568 635 666 712 atque
691 629 786 691 minis
811 628 987 691 sollicitare
1007 628 1127 689 multos
1152 648 1190 690 ac
1205 627 1405 711 perturbare.
1451 625 1547 690 Unde
1565 626 1730 690 definivitr
1746 633 1859 690 sancta
1875 626 2029 711 synodus,

401 739 436 796 ut
451 731 585 796 Wenilo
608 731 776 796 Senonum
799 731 1083 815 archiepiscopus,
1116 729 1207 793 cuius
1230 730 1385 795 diaconus
1409 730 1484 811 fuit,
1508 728 1671 794 adiunctis
1695 751 1805 793 secum
1829 729 1932 793 tribus
1955 730 2029 793 aliis

400 841 613 899 memoratum
637 833 810 898 diaconum
834 839 1004 898 evocatum
1033 831 1166 896 audiant
1199 841 1232 898 et
1256 833 1433 896 secundum
1458 833 1686 896 auctoritatem
1711 833 1901 895 eanonicam
1925 832 1965 897 de
1989 853 2028 896 eo

400 939 568 1004 deliniant.
627 936 662 1001 Si
693 945 802 1002 autem
839 937 997 1021 refugerit
1034 956 1144 1000 eorum
1182 937 1421 1021 cognitionem,
1456 936 1623 1000 annitente
1659 935 1827 1020 principali
1862 941 2028 1020 potestate

400 1043 512 1107 venire
548 1041 588 1106 ad
621 1041 823 1105 audientiam
856 1040 1079 1125 compellatur.
1132 1038 1257 1113 Quodsi
1288 1039 1371 1103 bauo
1403 1059 1531 1124 quoque
1563 1039 1789 1119 declinaverit,
1822 1039 2029 1103 anathemate
2060 1052 2072 1091 ⁵

400 1146 546 1210 feriatur.

509 1269 539 1328 5.
575 1263 625 1328 De
649 1261 789 1349 quodam
813 1266 911 1329 etiam
936 1264 1136 1329 subdiacono
1162 1263 1338 1342 Anscario,
1362 1263 1416 1347 qui
1441 1264 1514 1326 vivo
1539 1270 1572 1327 et
1595 1263 1747 1327 incolomi
1772 1264 1926 1348 episcopo
1950 1261 2029 1326 civi-

400 1370 476 1433 tatis
499 1367 685 1453 Lingonum
708 1368 820 1433 sedem
843 1371 997 1454 pervasit,
1022 1370 1118 1433 simili
1147 1375 1198 1432 est
1227 1367 1389 1431 sententia
1413 1365 1592 1430 definitum.
1640 1365 1703 1429 Sed
1734 1366 2029 1430 intervenientibus

401 1473 518 1556 legatis
544 1471 690 1535 eiusdem
715 1472 920 1554 subdiaconi,
951 1473 1122 1536 humanior
1151 1478 1202 1536 est
1224 1472 1352 1556 prolata
1376 1470 1554 1548 sententia,
1585 1469 1741 1535 videlicet
1763 1476 1800 1533 ut
1823 1476 2028 1534 sacramento

401 1575 567 1638 confirmet
596 1597 631 1640 se
664 1597 839 1660 numquam
871 1577 949 1639 talia
978 1573 1162 1639 huiusmodi
1193 1573 1459 1659 praesumptione
1491 1571 1662 1635 lecturum.
1708 1570 1810 1635 Cuius
1835 1574 2028 1636 sacramenti
2049 1597 2075 1636 rc

402 1684 551 1742 tenorem
580 1679 654 1742 huic
686 1679 828 1763 capitulo
859 1679 1055 1742 subnectere
1092 1677 1227 1761 dignum
1262 1677 1450 1740 duximus‘l:
1488 1675 1569 1759 ‘llgo
1604 1674 1782 1738 Anscarius
1812 1675 2029 1740 subdiaconus

401 1781 557 1844 confiteor
580 1802 690 1844 coram
712 1781 801 1845 Deor
824 1787 857 1845 et
887 1782 1009 1845 sanctis
1041 1781 1167 1864 angelis
1191 1781 1262 1844 eius
1286 1780 1489 1844 reverentiae
1515 1786 1648 1843 sanotae
1674 1779 1877 1863 paternitatis
1900 1785 2028 1842 vestrae

402 1891 515 1948 contra
536 1884 599 1948 Dei
624 1884 822 1948 voluntatem
846 1891 879 1948 ct
904 1892 1015 1948 contra
1038 1885 1195 1948 canonica
1219 1891 1340 1948 statuta
1358 1890 1481 1946 temere
1504 1905 1556 1946 me
1579 1883 1697 1948 fecisse
1721 1884 1753 1946 in
1779 1883 1873 1947 Isaac
1890 1904 2027 1947 venera-

403 1989 501 2052 bilem
531 1989 717 2073 pontificem
740 1987 928 2073 usurpando
957 1988 1069 2053 sedem
1099 1987 1259 2052 ecclesiae
1291 1995 1422 2052 sanotae
1451 1987 1512 2050 sibi
1541 1988 1731 2051 commissae
1766 1987 1966 2071 Lingonicac
1997 1994 2030 2050 et

401 2091 602 2156 sollicitando
619 2091 755 2155 clericos
780 2099 813 2156 et
830 2093 969 2155 vasallos
994 2093 1064 2156 eius
1088 2113 1281 2176 omnemque
1306 2091 1478 2164 familiam;
1503 2098 1601 2174 atque
1625 2091 1697 2154 ideo
1721 2097 1906 2175 protentae
1929 2110 2025 2174 prae·
2047 2114 2070 2150 rs

402 2195 594 2280 sumptionis
619 2216 759 2259 excessu
783 2215 841 2279 per
863 2196 946 2258 sacri
971 2195 1158 2259 ministerii⁸
1182 2194 1282 2258 vostri
1312 2195 1400 2259 vobis
1431 2195 1583 2278 largitam
1614 2216 1633 2258 a
1661 2194 1801 2257 Domino
1832 2199 2028 2278 potestatem

402 2298 531 2362 veniam
555 2298 633 2361 milri
666 2298 846 2383 poenitenti
876 2298 987 2381 largiri
1011 2299 1201 2384 suppliciter
1229 2298 1395 2382 deprecor.
1446 2297 1613 2382 Deinceps
1638 2318 1714 2360 vero
1745 2297 1863 2361 necin
1888 2296 2028 2361 eundern

402 2402 579 2465 antistitem
612 2423 672 2465 neo
703 2402 735 2464 in
764 2402 862 2464 alium
895 2401 1074 2486 quemlibet
1102 2423 1162 2465 neo
1191 2402 1222 2464 in
1252 2401 1309 2464 illa
1333 2421 1394 2464 nec
1418 2401 1450 2463 in
1475 2400 1539 2464 alia
1564 2400 1701 2464 ecclesia
1724 2398 1910 2464 huiusmodi
1933 2421 2028 2485 prae-

403 2504 620 2589 sumptionem
644 2505 753 2569 facere
778 2504 954 2589 temptabo,
979 2510 1012 2568 et
1034 2526 1141 2590 neque
1165 2505 1212 2568 illi
1236 2510 1292 2568 aut
1315 2505 1410 2569 alicui
1427 2526 1559 2568 suorum
1576 2505 1768 2574 clericorum
1791 2511 1848 2569 aut
1870 2505 2027 2568 laicorum

402 2609 433 2670 in
459 2608 624 2692 aliquare
648 2607 914 2692 impedimentum
937 2607 1070 2672 laciam²
1093 2629 1150 2693 pro
1174 2608 1234 2671 hac
1258 2628 1374 2686 causa,
1404 2607 1459 2670 in¹¹
1488 2618 1575 2693 quau
1604 2629 1657 2672 me
1688 2608 1829 2692 graviter
1850 2607 2026 2692 deliquisse
2047 2633 2073 2672 so

403 2711 572 2790 confiteor,
603 2713 723 2794 neque'
743 2710 878 2774 insidias
910 2712 957 2774 eis
986 2710 1084 2774 ullius
1113 2709 1346 2795 inquietudinis
1379 2711 1501 2795 parabo
1528 2732 1635 2796 neque
1666 2732 1725 2796 per
1753 2732 1806 2774 me
1838 2731 1945 2795 neque
1970 2731 2030 2796 per

402 2835 546 2878 meorum
570 2814 711 2900 aliquem
734 2816 991 2900 propinquorum
1022 2836 1082 2878 noc
1110 2836 1168 2899 per
1192 2835 1430 2900 quemcumque
1454 2815 1631 2886 hominem;
1663 2813 1721 2878 scd
1755 2814 1882 2898 potiusV
1903 2813 2031 2877 adiutor

403 2939 461 3003 pro
479 2918 600 2981 viribus
617 2923 649 2981 et
664 2918 892 3002 intellegentia
914 2919 976 3002 ipsi
994 2917 1126 3002 suisque
1151 2940 1216 2996 ero,
1240 2925 1337 3002 prout
1359 2918 1420 2982 sibi
1437 2919 1607 3003 placuerit.
1655 2917 1698 2980 Elt
1720 2918 1774 3003 qui
1800 2917 1860 2980 sibi
1884 2939 1942 3003 pro
1967 2918 2028 2982 boc

402 3023 471 3106 ipso
494 3021 616 3084 inimici
640 3027 730 3098 sunt,
754 3041 834 3106 quos
858 3023 928 3104 ipse
952 3022 1102 3096 voluerit,
1131 3022 1157 3083 si
1182 3027 1331 3104 potuero,
1355 3020 1491 3084 eidemW
1515 3022 1708 3086 conciliariw
1732 3021 1924 3104 procurabo.
1971 3021 2030 3085 Si¹

404 3145 456 3187 me
479 3123 571 3188 Deus
596 3123 728 3187 adiuvet
751 3131 784 3187 ot
805 3125 886 3188 istae
911 3132 1043 3188 sanotae
1067 3130 1250 3187 sauctorum
1275 3123 1454 3210 reliquiae'
1501 3125 1641 3189 Statuity
1663 3126 1764 3189 etiam
1787 3131 1903 3188 sancta
1927 3146 2025 3210 syno-
2047 3155 2072 3193 rs

404 3226 481 3305 dus,
505 3233 541 3289 ut
572 3248 747 3311 numquam
779 3227 820 3290 ad
850 3227 988 3291 eandem
1019 3228 1260 3311 Lingonensem
1294 3228 1465 3292 ecclesiam
1497 3228 1565 3293 sive
1593 3227 1633 3292 ad
1662 3219 1907 3309 laurensemffi,
1932 3248 2028 3314 quam

406 3331 470 3392 iam
494 3329 618 3414 pridem
643 3331 713 3415 pari
737 3329 833 3394 modo
850 3331 1032 3404 adflixerat,
1056 3330 1175 3394 debeat
1191 3330 1371 3416 adspirare.
1416 3331 1460 3394 Et
1483 3332 1511 3394 si
1534 3333 1591 3412 ita,
1615 3337 1651 3395 ut
1666 3333 1906 3418 praemisimus,
1931 3332 2030 3396 iussis

405 3423 645 3518 episcopalibus
670 3434 824 3498 oboedire
849 3434 1015 3518 refugerit,
1040 3435 1236 3498 sententiam
1261 3437 1411 3520 superius
1436 3436 1573 3500 diacono
1597 3436 1705 3500 datam
1730 3437 1882 3500 incurrat.

513 3556 560 3615 6⁸.
595 3552 723 3616 Deinde
747 3555 906 3638 gloriosus
930 3576 987 3618 rex
1010 3555 1148 3618 domnus
1172 3553 1313 3618 Karalus
1343 3578 1455 3620 sacrae
1480 3557 1602 3640 synodo
1625 3557 1774 3620 libellum
1799 3557 2029 3641 appellationis

404 3657 645 3740 electorumque
674 3657 848 3721 iudiciumb
879 3659 963 3722 inter
991 3681 1025 3722 se
1050 3666 1082 3722 et
1101 3658 1308 3722 Wenilonem
1333 3659 1497 3724 Senonum
1522 3660 1819 3744 archiepiscopum,
1845 3662 1899 3744 qui
1923 3661 1965 3724 ab
1989 3682 2028 3724 eo
2048 3693 2075 3732 ω

404 3758 579 3836 deiecerat,
604 3766 637 3824 et
661 3762 945 3844 proclamationis⁰
969 3762 1114 3848 diploma
1129 3754 1304 3848 porrexit⁴.
1349 3764 1444 3828 Unde
1461 3765 1641 3828 secundum
1658 3785 1783 3828 sacram
1800 3766 2028 3828 auctoritatem

405 3869 438 3926 et
460 3862 612 3927 induciae
635 3885 673 3926 ac
697 3863 820 3928 dierum
849 3865 983 3930 dilatiod
1012 3872 1079 3930 est⁰
1108 3887 1281 3946 concessa,
1313 3874 1345 3930 et
1374 3874 1465 3931 certa
1494 3868 1679 3931 aecusatio⁶
1705 3889 1764 3952 per
1794 3869 1967 3952 episcopos
1998 3875 2030 3932 et

404 3965 576 4050 synodicas
603 3959 750 4031 litteras5
772 3969 918 4052 praelato
947 3970 1195 4055 archiepiscopo
1224 3978 1276 4035 est
1306 3970 1473 4034 intimata¹
1503 3970 1681 4036 secundum
1712 3973 1843 4056 regulas
1877 3971 2029 4036 divinitus

404 4070 640 4154 promulgatas.

513 4193 542 4252 7.
577 4188 667 4252 Mota
690 4198 739 4254 est
762 4192 858 4255 etiam
881 4194 1030 4277 quaestio
1054 4192 1094 4256 de
1121 4193 1242 4257 Attene
1266 4193 1523 4258 Virdunensium
1555 4195 1725 4280 episcopo,
1757 4194 1842 4279 quod
1867 4195 2029 4260 oblatione
2049 4222 2073 4262 as

405 4293 558 4377 regulari,
582 4291 668 4356 unde
692 4295 805 4378 petitio
829 4295 949 4360 ibidem
974 4304 1025 4360 est
1048 4304 1268 4382 praesentata,
1292 4299 1323 4361 in
1349 4300 1546 4361 monasterio
1571 4299 1674 4362 saneti
1699 4298 1855 4362 Germani
1881 4299 2025 4362 Autisio-

404 4395 591 4460 dorensium
621 4398 766 4460 extiterit
796 4403 829 4462 et
860 4407 973 4462 contra
1001 4401 1133 4484 regulas
1168 4402 1407 4466 ecclesiasticas
1438 4402 1513 4466 inde
1544 4400 1718 4468 discedens
1751 4403 1857 4467 minus
1890 4405 2029 4489 provise,

405 4520 500 4583 quarn
537 4519 630 4562 sacra
663 4503 841 4564 auotoritas
877 4501 1008 4581 doceat,
1044 4505 1085 4567 ad
1122 4504 1266 4569 ordinem
1302 4507 1520 4590 episcopalem
1553 4507 1746 4591 pervenerit.
1803 4506 1900 4572 Unde
1932 4508 2029 4572 etiam

404 4602 572 4666 definitum
605 4608 654 4666 est
682 4603 751 4666 dari
783 4604 846 4667 sibi
877 4613 1076 4669 commeatus
1101 4607 1251 4671 veniendi
1281 4607 1321 4670 ad
1352 4609 1448 4671 aliam
1473 4609 1646 4693 synodum,
1678 4610 1762 4673 siout
1785 4631 1879 4673 sacra
1902 4613 2030 4674 sancitss

404 4707 591 4771 auctoritas.
2049 4745 2075 4783 rc

514 4829 542 4889 8.
580 4826 631 4889 Ad
656 4827 827 4912 episcopos
852 4829 1010 4914 siqnidem
1035 4831 1236 4910 Brittonum,
1268 4834 1322 4917 qui
1347 4833 1403 4896 seh
1426 4839 1539 4896 contra
1562 4837 1789 4900 auctoritatem
1816 4857 1836 4899 a
1859 4837 2031 4921 metropoli

405 4950 464 4994 sua
486 4929 665 4993 moliuntur
688 4929 885 5010 discindere,
917 4933 1059 5017 synodus
1091 4929 1244 4999 litteras6
1271 4935 1450 4999 seeundum
1483 4938 1713 5003 auctoritatem
1745 4960 1870 5003 sacram
1900 4939 2030 5022 direxit,

507 5153 533 5219 p)
557 5155 642 5204 linivit
663 5153 688 5205 3.
792 5155 818 5222 q)
842 5158 1047 5209 existimavimus
1069 5155 1093 5208 4.
1198 5159 1220 5220 r)
1243 5161 1353 5211 Domino
1374 5159 1400 5213 3.
1422 5158 1446 5211 4.
1552 5160 1575 5226 s)
1598 5163 1705 5213 misterii
1728 5161 1752 5214 3.
1857 5161 1878 5229 t)
1904 5165 1987 5214 lacere
2005 5163 2029 5216 2.

403 5237 432 5302 u)
451 5241 512 5304 quia
529 5237 554 5289 3.
572 5237 596 5289 4.
685 5237 714 5305 v)
733 5257 780 5290 ont.
799 5238 823 5291 3.
840 5239 866 5292 4.
958 5241 993 5309 vv)
1012 5243 1144 5308 conligare
1163 5245 1244 5294 eidem
1262 5243 1286 5296 3.
1304 5243 1329 5295 4.
1420 5246 1449 5310 x)
1467 5248 1504 5297 sic
1521 5245 1545 5298 4.
1637 5246 1665 5314 y)
1684 5249 1787 5316 Incipit.
1810 5267 1865 5315 cap.
1879 5247 1904 5300 6.
1922 5250 1950 5300 in
1968 5248 1990 5300 3.
2005 5249 2029 5302 4.

402 5323 427 5388 z)
447 5327 631 5376 monacensem
650 5323 680 5389 33
704 5327 898 5378 Lauuaoeusem
916 5326 939 5378 4.
1043 5329 1069 5391 a)
1090 5329 1151 5394 Gap.
1167 5327 1190 5381 7.
1209 5339 1253 5382 etc.
1272 5332 1299 5382 in
1317 5329 1341 5384 3.
1354 5330 1378 5383 4.
1476 5333 1504 5397 b)
1523 5335 1636 5386 iudicum
1657 5334 1680 5386 1.
1774 5337 1798 5398 o)
1817 5337 1986 5388 damnationis
2004 5334 2029 5388 4.
2048 5351 2074 5389 45

402 5409 428 5475 d)
447 5411 554 5477 prolatio
572 5409 597 5463 3.
615 5410 640 5462 4.
746 5415 771 5478 e)
789 5422 827 5465 est
845 5432 894 5465 cm.
912 5413 941 5478 23
970 5423 1010 5467 est
1031 5432 1153 5467 concessa
1171 5435 1221 5468 om.
1238 5416 1268 5482 4;
1296 5425 1335 5470 est
1353 5456 1359 5469 .
1375 5457 1401 5470 ..
1420 5421 1552 5472 accusatio
1571 5437 1618 5472 aaa
1638 5419 1662 5472 3.
1768 5420 1792 5488 f)
1811 5429 1890 5488 atque
1907 5439 2030 5475 concessa

402 5497 464 5548 add.
482 5495 506 5548 3.
525 5495 550 5548 4.
639 5497 668 5563 g)
687 5501 772 5550 sumit
789 5498 813 5552 4.
900 5499 929 5565 h)
949 5519 996 5553 orn.
1015 5499 1039 5553 3.

506 5702 533 5769 3)
556 5698 673 5754 Genaua?
758 5703 787 5770 4)
807 5703 892 5770 Infra
909 5719 950 5756 nr.
963 5705 1022 5759 300.
1110 5707 1138 5773 5)
1160 5707 1255 5761 Menai
1272 5708 1338 5777 XV,
1357 5711 1404 5764 ool.
1420 5711 1532 5779 529sqq.
1625 5712 1652 5771 tl)
1671 5709 1768 5764 Menai
1785 5709 1853 5778 XV,
1870 5712 1914 5765 ool.
1933 5713 2030 5781 oddag.
