4568 6434
417 445 480 510 234
536 439 805 498 ADDITAMEN'I'A
825 441 874 498 AD
892 440 1140 498 CAPITULARIA
1159 440 1286 496 REGUM
1310 439 1493 495 FRANCIAE
1512 438 1740 496 ORIEN'I'ALIS.
1759 469 1791 482 -
1811 439 1859 495 Nr.
1872 439 1931 496 252.

339 616 598 682 scandendum
631 622 665 681 et
696 615 736 680 ad
768 617 887 682 missas
919 616 1052 682 cuilibet
1076 615 1253 680 christiano
1278 635 1351 678 curn
1377 614 1596 680 oblationibus
1621 622 1671 681 est
1696 615 1890 681 currendum
1915 621 1948 681 et
1971 623 2043 680 tan-

415 722 578 786 tummodo
609 720 680 786 Deo
711 719 905 796 vacandum3
945 721 1060 786 diebus
1096 719 1368 805 quadragesimae
1404 726 1437 782 et
1473 720 1666 785 ieiuniorum
1705 742 1831 785 summa
1870 720 2042 787 devotione

414 824 627 892 ieiunandum
654 832 687 888 et
711 825 798 888 omni
822 824 1006 889 intentione
1035 831 1087 888 est
1119 823 1276 888 orandum
1311 830 1410 909 atque
1440 825 1613 910 unicuique
1645 846 1704 910 pro
1734 824 1946 889 facultatibus
1975 826 2042 890 suis

414 932 621 1016 elemosynae
644 929 837 994 tribuendae
861 934 894 994 et
917 929 1027 994 nullae
1057 929 1130 993 lites
1161 927 1214 993 vel
1243 929 1469 993 contentiones
1495 927 1677 994 habendae.
1722 929 1842 1014 Arguit
1865 929 1950 993 enirn
1975 950 2043 1009 cos,

413 1035 466 1120 qui
500 1034 727 1099 contentiones
759 1041 792 1098 ct
814 1034 889 1098 lites
919 1039 1067 1118 tempore
1101 1033 1295 1097 ieiuniorum
1326 1038 1359 1096 et
1391 1032 1446 1116 qui
1477 1053 1497 1095 a
1525 1031 1728 1096 debitoribus
1759 1031 1871 1096 debita
1895 1032 2044 1117 exigunt,
2075 1053 2085 1090 s

413 1137 573 1203 Dominus
597 1159 654 1224 per
678 1138 872 1225 prophetam
896 1137 1025 1202 dicens:
1050 1129 1183 1202 ‘Eece92
1216 1137 1248 1202 in
1271 1135 1406 1202 diebus⁰
1436 1135 1631 1202 ieiuniorum
1655 1141 1837 1199 vestrorum
1861 1135 2044 1200 inueniturd

413 1243 584 1306 voluntas⁰
608 1248 733 1322 vestra,
759 1248 792 1307 et
816 1262 928 1306 omnes
953 1238 1119 1306 debitores
1146 1247 1271 1305 vestros
1295 1242 1461 1326 repetitis;
1495 1261 1572 1305 cccc
1596 1239 1637 1305 ad
1660 1239 1735 1303 lites
1759 1247 1793 1304 et
1816 1240 2042 1304 contentiones

412 1339 567 1410 ieiunatis
600 1352 633 1410 et
661 1345 830 1430 percutitis
857 1365 966 1430 pugno
996 1342 1105 1430 inpie’.
1152 1344 1232 1408 Ideo
1255 1344 1364 1424 nobis,
1396 1345 1451 1430 qui
1481 1345 1593 1430 gregis
1623 1342 1687 1407 Dei
1716 1364 1827 1407 curam
1857 1344 2043 1429 accepimus

413 1449 621 1534 pastoralem,
646 1469 852 1534 summopere
877 1447 1054 1513 curandum
1079 1455 1111 1511 et
1126 1447 1364 1532 prohibendum
1389 1455 1449 1529 est,
1472 1468 1513 1511 ne
1538 1455 1650 1511 nostra
1667 1447 1793 1512 desidie
1811 1453 1929 1531 agente
1947 1467 2041 1533 prae-

413 1551 488 1616 fatis
512 1551 627 1616 diebus
650 1553 736 1617 ullus
760 1552 915 1637 placitum
938 1551 1061 1616 habere
1086 1556 1119 1616 et
1142 1551 1297 1638 populum
1322 1552 1416 1616 nobis
1435 1552 1644 1616 commissum
1669 1574 1689 1614 a
1712 1553 1843 1616 servitio
1862 1550 1925 1616 Dei
1941 1552 2043 1616 nostri
2062 1570 2087 1608 ιο

413 1656 533 1722 audeat
556 1654 712 1742 inpedire.
757 1656 936 1721 Praetereo
960 1657 1124 1720 sancimus
1148 1661 1181 1719 et
1205 1656 1438 1741 praecipimus,
1468 1662 1504 1720 ut
1527 1656 1635 1719 nullus
1661 1677 1770 1721 comes
1796 1655 1939 1741 aliquem
1963 1677 2042 1742 poe-

412 1762 571 1836 nitentem
594 1761 635 1825 ad
658 1762 814 1848 placitum
840 1761 886 1824 ire
911 1760 1088 1846 compellat
1108 1781 1170 1826 nec
1195 1761 1266 1846 ipse
1292 1761 1411 1838 veniat,
1435 1782 1476 1824 ne
1501 1760 1595 1840 forte,
1619 1758 1695 1824 dum
1719 1759 1867 1823 ieiunare
1892 1765 1925 1824 et
1949 1780 2042 1825 orare

413 1874 510 1952 atque
534 1887 593 1952 pro
618 1866 724 1930 salute
749 1886 828 1930 suae
854 1865 983 1930 animae
1007 1865 1108 1930 debet
1131 1864 1315 1950 invigilare,
1346 1864 1542 1949 vaniloquiis
1567 1870 1600 1928 et
1623 1862 1885 1928 contentionibus
1909 1870 2044 1949 cogatur

414 1970 572 2036 laborare.

521 2073 693 2160 Caprae.
738 2071 1203 2153 Deeo‚siduoiratres
1595 2069 1703 2155 (36η.)
2061 2097 2085 2136 rs

414 2175 533 2240 simul
570 2176 748 2242 arborem
787 2177 1032 2242 succiderint
1069 2185 1108 2241 et
1143 2198 1202 2240 ca·
1299 2175 1354 2240 si·
1377 2175 1440 2240 duo
1465 2175 1583 2240 fratres
1617 2176 1649 2240 in
1673 2176 1755 2240 silva
1778 2176 1912 2240 arbores
1937 2175 2042 2240 succi·

413 2280 532 2346 deute
571 2280 723 2345 arbore
761 2301 863 2344 unus
901 2301 1034 2346 eorum
1073 2281 1200 2346 inter·
1254 2278 1384 2344 derintb
1416 2288 1449 2343 et
1472 2279 1751 2366 adpropinquante
1781 2301 1899 2346 casura
1926 2281 2043 2344 unius⁰

413 2384 428 2448 l
433 2391 546 2449 ectus
569 2384 703 2448 luerit.
751 2375 821 2448 Si⁹3
841 2384 1007 2468 contingat
1030 2383 1111 2450 duos
1135 2384 1200 2449 ira·
1254 2382 1379 2447 arboris
1397 2383 1496 2447 frater
1512 2384 1618 2446 fratri:
1643 2381 1781 2448 ‘caved’l
1806 2383 1924 2448 dixerit
1942 2385 2042 2450 ctillc

412 2494 480 2552 tres
498 2488 593 2552 simul
612 2488 765 2574 arborem¹
779 2486 957 2562 succidere,
975 2488 1043 2552 sive
1059 2488 1093 2552 in
1109 2489 1202 2568 silva,
1255 2487 1383 2571 fugiens
1413 2489 1445 2551 in
1476 2508 1663 2574 pressuram
1687 2487 1812 2551 arboris
1837 2487 1987 2551 inciderit
2011 2494 2044 2552 et

414 2593 484 2657 sive
502 2590 717 2677 quocunqueb
740 2592 825 2672 loco,
849 2599 882 2656 et
905 2590 1062 2656 cadente⁰
1085 2594 1201 2658 arbore
1255 2598 1402 2656 mortuus
1426 2591 1535 2671 luerit,
1559 2592 1672 2656 virens
1697 2591 1798 2656 frater
1821 2591 1977 2657 innocens
2001 2592 2040 2658 de
2060 2614 2087 2653 ao

412 2695 630 2760 alteralteri:
656 2692 768 2779 ‘lugc’!
799 2697 852 2760 vel
876 2692 994 2759 ‘cave’!
1027 2695 1147 2761 dixerit
1170 2704 1204 2762 et
1256 2696 1415 2779 sanguine
1440 2697 1586 2780 germani
1609 2694 1836 2759 diiudicetur0.

414 2798 483 2884 ipsc
512 2805 602 2862 stans
631 2798 699 2861 sive
730 2797 859 2884 fugiens
884 2798 997 2863 subtus
1021 2799 1126 2885 ipsam
1151 2822 1202 2865 ar-

414 2902 527 2967 borem
555 2902 726 2967 devenerit
761 2909 794 2966 et
824 2908 970 2966 mortuus
1000 2901 1111 2984 inerit,
1148 2925 1202 2968 su-

413 3011 541 3091 perstes
569 3006 671 3071 lrater
701 3007 855 3070 innocens
887 3005 928 3070 de
957 3011 1061 3069 morta
1086 3005 1231 3070 defuncti
1255 3007 1488 3083 diiudiceturd;
1514 3008 1677 3094 quianon
1701 3007 1881 3086 voluntate,
1906 3026 1971 3071 non
1993 3007 2043 3072 in-

414 3109 503 3174 curia
519 3109 617 3192 illius,
642 3131 706 3174 non
730 3108 870 3195 denique
892 3130 1055 3174 consensu
1077 3131 1138 3174 nec
1155 3111 1220 3174 ullo
1243 3132 1301 3175 suo
1318 3119 1455 3177 mortem
1472 3112 1605 3177 incurrit
1628 3117 1732 3192 reatu,
1758 3110 1825 3190 scd,
1851 3109 1927 3174 dum
1945 3111 2042 3174 ambo
2062 3135 2086 3174 ss

412 3213 603 3277 insisterent
626 3213 716 3299 operi
741 3213 940 3291 necessario,
964 3213 1115 3277 incautus
1140 3221 1172 3278 et
1186 3215 1373 3301 insperatus
1397 3237 1475 3282 casu
1499 3215 1623 3280 arboris
1641 3214 1820 3300 depressus
1844 3219 1895 3278 est
1910 3214 2043 3278 nemine

414 3317 566 3402 paenitus
589 3316 743 3382 adiuvare
767 3318 908 3382 valente.
955 3316 1051 3382 Hanc
1071 3318 1209 3382 eandem
1227 3321 1400 3384 statuimus
1416 3319 1642 3384 diffinitionem
1667 3318 1707 3382 de
1725 3319 1864 3383 caeteris
1882 3318 2043 3382 similibus

414 3421 483 3486 sive
508 3422 653 3506 cognatis
677 3421 746 3485 sive
770 3421 859 3485 nulla
882 3421 1090 3506 proximitate
1108 3422 1298 3486 coniunctis.
1345 3422 1469 3487 Istam⁰
1493 3423 1723 3488 diffinitionem
1740 3429 1917 3487 tenuerunt
1933 3429 2044 3509 patres

413 3527 515 3590 nostri
532 3525 700 3612 apostolici
724 3526 799 3596 viri3
826 3525 898 3589 ideo
921 3545 1034 3590 eorum
1060 3527 1212 3612 exempla
1236 3535 1412 3612 sequentes
1437 3548 1496 3612 per
1519 3528 1628 3591 futura
1651 3533 1799 3612 tempora
1822 3526 2044 3591 inviolabilem

416 3651 489 3694 earn
517 3626 717 3693 custodimus
748 3635 782 3692 et
809 3629 947 3713 posteris
976 3629 1096 3693 nostris
1121 3628 1322 3715 sequendam
1346 3631 1612 3708 transmittimus,
1644 3631 1720 3715 quia
1751 3651 1849 3714 grave
1873 3636 2043 3714 peccatum
2063 3651 2088 3690 so

414 3742 521 3798 estet
544 3739 656 3797 nostro
680 3733 861 3798 ministerio
882 3733 1079 3797 contrarium
1102 3734 1309 3800 innocentem
1331 3737 1515 3822 opprimere
1539 3740 1571 3797 et
1587 3753 1737 3798 securum
1753 3735 1886 3799 crimine
1904 3734 2045 3798 scienter

416 3837 624 3902 criminosum
656 3837 789 3902 habere.
843 3836 984 3910 Quidam
1015 3837 1056 3903 de
1087 3838 1291 3924 sapientibus
1323 3841 1382 3904 cit:
1420 3829 1592 3904 ‘Premit94
1623 3839 1769 3903 insontes
1793 3838 1906 3904 debita
1928 3839 2045 3904 sceleri

416 3941 516 4005 noxia
539 3961 660 4026 poena,
684 3942 856 4025 iustusque
880 3940 954 4004 tulit
977 3942 1098 4007 crimen
1122 3941 1262 4028 iniqui0’.

525 4061 632 4147 Gap.n
658 4064 709 4125 37.
767 4059 824 4126 De
862 4062 1048 4143 muliere,
1087 4065 1205 4128 cuius
1596 4061 1707 4148 (dia.)

415 4165 551 4231 infans
569 4165 703 4249 aliquo
719 4184 811 4228 casu
827 4173 989 4250 propter
1004 4167 1204 4251 negligcn-
1302 4167 1428 4232 Matera
1450 4168 1477 4231 si
1501 4167 1679 4231 infantemb
1703 4167 1796 4230 iuxta
1819 4165 1926 4230 focum
1944 4166 2043 4230 collo·
2064 4189 2088 4228 sc

417 4271 508 4335 ticrn
533 4271 618 4334 cius
646 4269 819 4335 moritur.
861 4260 949 4332 Si94*
971 4290 1054 4354 quac
1078 4271 1203 4350 mulier,
1258 4270 1402 4336 caveritb
1431 4278 1464 4335 et
1492 4271 1575 4336 alius
1607 4269 1703 4334 homo
1734 4291 1852 4356 aquarn
1875 4272 1908 4334 in
1931 4271 2040 4336 calda-

518 4423 560 4478 35.
596 4425 621 4490 c)
640 4425 738 4492 Incipit
754 4426 845 4477 iterum
863 4422 887 4478 3.
975 4425 1002 4484 d)
1022 4427 1167 4479 invenietur
1187 4427 1262 4485 1-3.
1349 4427 1374 4492 e)
1394 4429 1515 4495 voluptas
1535 4426 1614 4491 1-3;
1633 4445 1646 4478 e
1664 4429 1785 4479 voluntas
1803 4446 1870 4479 corr.
1889 4427 1914 4480 2.

518 4511 559 4564 36.
594 4513 620 4576 a)
641 4513 739 4564 Nicolai
758 4528 838 4579 papas
856 4513 928 4563 rubr.
947 4513 975 4563 in
993 4512 1097 4564 Monac.
1117 4511 1209 4566 14628.
1289 4514 1316 4578 b)
1336 4517 1361 4565 in
1374 4516 1490 4581 quolibet
1503 4515 1538 4566 id.
1617 4515 1642 4578 c)
1661 4515 1819 4580 ascedente,
1832 4532 1880 4567 ons.
1895 4517 1995 4580 arbore,
2008 4516 2044 4567 id.

414 4600 441 4667 d)
460 4599 610 4652 omnimodis
628 4600 791 4660 diiudicetur,
810 4616 856 4649 om.
877 4599 943 4662 rell„
960 4599 995 4649 id.
1084 4599 1109 4664 a)
1128 4602 1207 4652 Istam
1224 4601 1282 4652 rell.
1301 4602 1391 4666 capitis
1409 4619 1457 4652 ona
1479 4600 1503 4653 4.

520 4684 582 4737 tec.
620 4685 674 4752 Csr.
698 4685 757 4736 Tob.
772 4685 836 4750 ΙΙΙ,
859 4703 899 4735 nr.
913 4683 954 4736 36.
995 4685 1022 4749 a)
1041 4688 1197 4753 uavafl.
1216 4689 1345 4752 proemia.
1365 4687 1460 4748 Diem
1484 4691 1544 4755 Cap.
1562 4689 1643 4738 XVlI.
1685 4689 1725 4738 Ex
1747 4690 1869 4754 concilio,
1896 4707 1948 4756 qno
1965 4707 2045 4757 supra
2063 4709 2089 4748 to

417 4781 463 4837 (cc.
482 4771 608 4825 Ltatbera'
626 4773 824 4838 archiepiscopi)
843 4773 914 4824 rubr.
933 4775 960 4824 in
980 4773 1046 4832 Corn
1074 4775 1114 4824 De
1132 4775 1220 4825 eadem
1238 4791 1272 4826 rc.
1314 4777 1353 4825 Ex
1375 4776 1483 4826 coneilio
1502 4775 1663 4826 TriburIensi
1687 4775 1758 4825 rubr.
1777 4793 1819 4841 cp.
1839 4776 1913 4843 lisy„
1940 4776 2047 4841 Beroia,

415 4861 459 4925 qui
477 4859 567 4910 addit:
585 4876 641 4926 cap.
654 4861 740 4921 xvim
768 4861 807 4910 De
825 4859 925 4925 synodo
938 4860 1261 4928 Liutbertiarebicpiscopi
1279 4862 1350 4913 rubr.
1369 4861 1396 4911 in
1409 4860 1515 4912 Monac.
1527 4859 1603 4925 3851,
1623 4859 1659 4912 St.
1675 4859 1771 4924 Graccis,
1789 4861 1875 4912 Paris.
1963 4863 1990 4926 b)
2009 4864 2046 4914 in-

416 4947 524 4998 ciderint
537 4945 619 4997 Dices.
707 4945 732 5010 c)
752 4963 799 4996 om.
811 4947 847 4997 id.
934 4944 960 5009 d)
980 4947 1073 4997 dixerit
1090 4962 1154 4998 caso
1173 4947 1265 5009 Dieuc,
1284 4947 1380 4999 Barob.
1468 4945 1492 5012 c)
1511 4947 1605 4997 dicitur
1623 4946 1703 4998 Diem.

522 5030 563 5084 37.
600 5033 626 5094 a)
646 5033 686 5083 De
703 5032 803 5083 infante
829 5048 875 5098 per
898 5049 992 5098 aquam
1010 5034 1153 5084 ferventem
1177 5034 1275 5102 perdito
1297 5035 1367 5084 rubr.
1390 5034 1418 5083 in
1436 5032 1540 5084 Monac.
1558 5031 1634 5098 3853,
1654 5033 1691 5085 St.
1713 5033 1808 5099 Circeis,
1828 5033 1928 5095 Paris.‚·
1946 5035 2047 5088 Nicolai

419 5135 499 5185 papae
518 5119 588 5168 rubr.
609 5118 636 5168 in
655 5117 759 5168 Monac.
779 5114 872 5168 14628.
2065 5151 2090 5190 45

520 5203 585 5256 dia.
623 5205 677 5272 er.
696 5203 757 5255 Tac.
770 5203 828 5267 111,
840 5222 881 5255 cr.
893 5202 934 5255 37.
966 5205 994 5268 a)
1007 5206 1069 5272 Cap.
1084 5205 1318 5271 XVIII.proemirt.
1331 5203 1428 5265 Dicam
1446 5207 1586 5257 Decedam
1599 5223 1634 5257 re.
1663 5206 1861 5271 uxeonempc.
1878 5207 2048 5274 triburensi)

417 5293 488 5342 rubr.
508 5307 551 5355 op.
565 5289 644 5356 Πομ·
660 5292 700 5340 De
719 5300 808 5354 matre,
822 5307 890 5357 quac
903 5291 1026 5343 infantem
1039 5308 1115 5343 suum
1133 5293 1208 5343 iuxta
1220 5293 1305 5358 ignem
1319 5299 1439 5358 posuerat
1456 5299 1482 5343 ct
1498 5309 1547 5344 sua
1559 5293 1721 5359 neglegentia
1733 5300 1849 5344 mortuus
1861 5301 1906 5346 est.
1937 5297 1977 5345 Ex
1988 5311 2046 5346 con-

418 5379 476 5430 cilio
490 5379 652 5430 Triburicnsi
667 5395 721 5445 cap.
732 5379 801 5442 XIV,
819 5379 862 5429 cui
875 5380 992 5430 interluit
1003 5396 1049 5430 rex
1060 5379 1184 5430 Arnolsus
1196 5380 1266 5429 rubr.
1280 5394 1322 5442 ap.
1333 5377 1430 5430 Burolr.
1501 5378 1529 5444 b)
1542 5380 1614 5429 iuxta
1627 5381 1674 5431 loc.
1687 5381 1731 5430 ins.
1745 5380 1859 5446 posuerit
1867 5379 1937 5446 Κεφ,
1950 5380 2046 5431 Burclc.

433 5561 434 5570 κ
523 5531 568 5600 92)
587 5529 664 5584 Esau
679 5531 722 5598 58,
733 5531 757 5584 3.
771 5531 795 5586 4.
878 5531 924 5599 93)
939 5530 995 5598 Osr.
1006 5549 1033 5600 p.
1044 5533 1103 5596 207,
1121 5533 1185 5594 c.3,·
1205 5529 1282 5586 Corio.
1298 5530 1426 5585 Wcrrnot.
1438 5532 1498 5598 868,
1515 5548 1536 5587 c.
1549 5533 1591 5603 29,
1610 5533 1708 5587 Moesi
1719 5533 1784 5602 XV,
1802 5535 1847 5588 col.
1860 5535 1924 5598 874;
1942 5534 2047 5590 Pocm't.

430 5635 585 5702 raucum,
598 5650 619 5690 c.
630 5636 672 5704 15,
689 5635 917 5691 Wasscrscblebcn
928 5637 944 5689 l.
954 5652 974 5690 c.
983 5655 1013 5706 p.
1026 5638 1077 5692 549
1090 5638 1235 5704 (Brunca
1246 5637 1277 5690 in
1287 5635 1353 5692 ‘SR
1366 5635 1392 5691 d.
1402 5637 1505 5690 Berlin.
1516 5634 1576 5689 At!
1590 5637 1665 5703 1890,
1680 5653 1710 5706 p.
1720 5637 1792 5705 830).
1870 5638 1914 5707 94)
1927 5637 2046 5704 Baetim,
2064 5652 2091 5692 so

419 5740 568 5810 Philosopb.
587 5740 710 5793 comolet
729 5739 844 5808 lsb.1,5,
862 5756 884 5794 v.
898 5741 931 5793 29
938 5756 976 5810 sq.
996 5743 1029 5798 35
1036 5757 1083 5810 sq„
1102 5741 1143 5795 cd.
1163 5741 1259 5810 Peiper
1274 5758 1302 5809 p.
1318 5741 1393 5809 lico.
1482 5741 1544 5808 94¹⁶)
1569 5740 1625 5808 Osr.
1645 5741 1776 5796 Bruncer
1794 5743 1810 5798 l.
1822 5757 1844 5798 c.
1858 5759 1887 5810 p.
1899 5743 1959 5798 822.
