4634 6436
558 443 804 500 carluuhaala
822 444 951 500 REGUM
970 443 1154 501 anauniae
1173 446 1453 505 camurana·
1471 448 1520 504 Νι.
1532 449 1592 505 242.
1828 454 1887 516 155

264 618 348 704 legis
374 639 413 683 ae
438 618 582 684 iustitiae
611 623 707 706 atque
730 624 839 685 rectae
866 620 1001 685 rationis
1025 620 1320 702 conservationem,
1349 627 1505 708 quantum
1528 622 1607 688 mihi
1629 620 1722 688 Dens
1745 623 1830 689 scire
1852 627 1886 689 et
1904 647 1965 703 860.

262 742 362 807 posse
397 720 566 788 donaverit
607 729 640 786 et
669 723 731 808 ipsi
767 744 819 788 me
847 723 1052 789 obaudierint
1092 731 1144 789 etr
1171 746 1191 789 a
1218 745 1270 788 me
1294 725 1357 810 ipsi
1381 726 1607 811 quaesierint¹,
1643 747 1721 792 vero
1750 726 1888 792 consilio

262 831 297 889 et
324 824 502 890 seeundum
526 826 631 911 quod·
654 826 733 891 mihi
762 827 997 892 rationabiliter
1025 833 1059 893 et
1087 828 1264 893 salubriter
1286 829 1443 914 possibile
1465 830 1581 910 fuerit,
1614 831 1743 896 sincero
1766 831 1887 896 auxilio

264 928 394 994 adiutor
416 931 489 994 ero2
510 929 552 994 ad
576 950 711 1014 regnum
734 930 863 995 illorum
886 931 1130 1012 continendum,
1155 938 1189 996 et
1210 952 1270 997 nec
1292 932 1326 997 in
1348 933 1416 997 vita
1444 954 1505 998 nec
1534 935 1566 998 in
1596 934 1751 999 membris
1781 923 1888 1020 neque

233 1031 298 1094 sin
325 1052 428 1116 regno
458 1033 589 1098 illorum
617 1054 675 1100 eos
708 1033 940 1100 forconsiliabo
977 1036 1011 1100 in
1043 1036 1121 1117 hoc,
1150 1042 1187 1101 ut
1214 1036 1278 1122 ipsi
1302 1057 1382 1123 erga
1404 1057 1456 1102 me
1479 1039 1617 1105 similem
1640 1039 1887 1127 promissionem

263 1135 387 1200 faciant
409 1141 442 1199 et
465 1143 690 1202 conservante.
737 1136 811 1203 ilicv
833 1157 885 1202 nae
908 1137 1001 1203 Deus
1023 1138 1157 1205 adiuvet
1180 1146 1213 1205 ct
1236 1139 1319 1206 istae
1343 1146 1477 1206 sanetae
1501 1143 1668 1230 reliquiae.

671 1359 884 1442 Οοριιοιο0
912 1363 958 1427 ab
986 1363 1168 1428 omnibus
1193 1363 1474 1430 conseruando.

374 1485 401 1547 l.
436 1489 475 1545 Ut
498 1489 622 1546 omnium
641 1490 859 1560 praeteritorum
879 1493 1017 1548 malorum
1040 1497 1070 1549 et
1092 1493 1327 1550 contrarietatum
1354 1497 1383 1548 et
1409 1492 1672 1563 supplantationum
1693 1510 1727 1547 ae
1749 1494 1887 1548 malarum

261 1573 503 1630 machinationum
533 1577 619 1644 atque
644 1574 822 1630 molitionum
854 1593 902 1630 seu
925 1581 1156 1633 nocumentcmm
1178 1578 1299 1634 invicem
1329 1581 1454 1633 aetorum
1485 1576 1603 1632 abolitio
1630 1576 1672 1631 ita
1694 1576 1768 1632 inter
1789 1596 1840 1633 nos
1858 1581 1888 1632 et

218 1675 244 1714 ιο
262 1661 338 1730 apud
360 1678 411 1717 nos
433 1661 484 1716 fiat
510 1664 539 1715 et
561 1677 578 1714 a
602 1661 704 1717 nostum
722 1661 850 1717 cordibus
873 1663 985 1732 penitus
1005 1664 1144 1719 avellatur
1162 1683 1225 1719 cum
1244 1663 1320 1719 omni
1337 1663 1447 1718 malitia
1466 1666 1495 1718 et
1512 1681 1640 1730 rancore,
1664 1667 1696 1718 ut
1713 1680 1765 1717 nec
1783 1663 1812 1717 in
1830 1680 1885 1718 me·

260 1750 379 1806 moriam
401 1750 437 1804 ad
459 1739 705 1805 retribuendum
727 1751 868 1805 duntaxat
889 1752 957 1806 mali
978 1752 1023 1807 vel
1043 1753 1254 1808 contrarietatis
1277 1756 1364 1821 utque
1393 1752 1619 1822 exprobrationis
1647 1769 1696 1807 seu
1723 1751 1886 1822 improperii

260 1836 295 1890 de
318 1841 430 1892 caetero
454 1835 555 1892 exinde
578 1835 712 1905 quiddam
735 1837 840 1892 veniat.

367 1932 397 1997 2.
431 1939 471 1994 Ut
490 1943 581 2007 ιοιιιο,
596 1940 717 1995 Domino
733 1944 912 2011 cooperante,
936 1941 1011 1996 iuter
1029 1958 1081 1996 nos
1105 1957 1187 1996 verae
1205 1941 1333 1996 caritatis
1348 1941 1510 2012 benignitas
1526 1940 1629 1996 abhinc
1644 1941 1741 1996 inante
1758 1950 1888 2017 semper

261 2034 375 2086 maneat
396 2007 473 2088 ‘dci'3
492 2032 573 2087 corde
596 2049 666 2101 puro
689 2036 719 2088 et
743 2033 916 2088 conscientia
938 2033 1012 2088 bona
1036 2037 1066 2088 et
1088 2034 1141 2087 fide
1164 2052 1220 2089 non
1239 2034 1313 2089 ficta'
1332 2033 1392 2088 sine
1410 2034 1474 2089 dolo
1493 2038 1522 2089 et
1539 2034 1729 2100 simulatione,
1753 2038 1786 2089 ut
1804 2050 1886 2088 nemo

217 2131 243 2170 ιι
262 2135 311 2172 suo
329 2117 395 2188 pari
410 2136 490 2173 suum
508 2135 625 2189 regnum
642 2122 693 2173 aut
711 2137 774 2175 suos
797 2119 891 2175 fideles
913 2120 958 2175 vel
982 2120 1057 2188 quod
1075 2120 1111 2174 ad
1130 2120 1250 2175 salutem
1267 2119 1325 2175 sive
1343 2119 1559 2191 prosperitatem
1577 2137 1610 2174 ao
1627 2121 1759 2175 honorem
1778 2119 1886 2189 regium

259 2204 397 2274 pertinet,
422 2203 563 2274 discupiat
586 2208 637 2260 aut
658 2205 830 2261 forconsiliet
861 2209 911 2260 ant
935 2221 985 2276 per
1011 2205 1135 2260 occultos
1162 2222 1323 2261 susurrones
1347 2205 1469 2260 libenter
1492 2204 1647 2276 composita
1669 2205 1816 2260 mendacia
1837 2221 1886 2259 seu

260 2291 449 2347 detractiones
467 2295 606 2361 acceptet.

367 2383 419 2444 3!
452 2387 492 2443 Ut
519 2387 711 2457 unusquisque
739 2388 861 2443 fideliter
888 2406 969 2443 suum
995 2379 1161 2460 fratrem¹‚
1189 2389 1357 2461 ubicumque
1383 2389 1536 2446 necessitas
1572 2388 1614 2443 illi
1642 2388 1728 2443 fuerit
1763 2391 1792 2444 et
1824 2388 1885 2458 ipse

260 2472 397 2541 potnerit,
421 2475 472 2528 aut
489 2489 539 2543 per
556 2488 586 2527 se
604 2476 655 2528 aut
672 2489 722 2542 per
740 2472 826 2526 filium
856 2475 906 2528 aut
929 2490 979 2542 per
1000 2473 1095 2528 fideles
1117 2492 1180 2530 suos
1208 2478 1237 2531 et
1259 2475 1375 2530 oonsilio
1393 2477 1423 2530 et
1440 2472 1545 2528 auxilio
1564 2472 1692 2538 adiuvet,
1711 2474 1743 2526 nt
1760 2488 1884 2542 regnum

215 2571 242 2610 οο
259 2558 366 2626 fideles,
394 2559 610 2630 prosperitatem
642 2562 727 2628 atque
750 2559 882 2615 honorem
907 2559 1015 2631 regium
1038 2560 1154 2616 debiter
1178 2562 1274 2618 valeat
1301 2560 1436 2617 obtinere.
1477 2560 1514 2614 Et
1535 2557 1672 2614 veraciter
1696 2556 1884 2626 unusquisque

258 2661 325 2714 erga
346 2645 465 2700 alterum
484 2645 613 2701 certatim
631 2644 814 2710 demonstret,
838 2645 905 2713 quia
928 2645 956 2699 in
976 2645 1086 2700 fratris²
1105 2645 1149 2701 sni
1166 2647 1349 2712 adversitate,
1374 2645 1397 2701 si
1416 2644 1552 2710 evenerit,
1577 2644 1701 2699 fraterno
1718 2641 1800 2698 modo
1819 2659 1883 2698 oon·

157 2781 161 2788 .
256 2731 385 2788 tristetur
413 2735 443 2789 et
464 2732 494 2787 in
517 2732 706 2803 prosperitate
727 2731 803 2787 illius
825 2732 955 2787 laetetur.
990 2730 1027 2788 itt
1048 2733 1136 2787 talem
1158 2733 1253 2800 fidem,
1278 2732 1351 2789 sicut
1372 2733 1447 2798 inter
1468 2747 1519 2786 nos
1547 2730 1629 2786 modo
1656 2729 1759 2784 abhinc
1785 2729 1884 2784 inante

258 2821 468 2874 conservaturos
488 2819 681 2875 confirmatum
699 2818 860 2884 habemusr,
885 2819 925 2874 sic
943 2819 1134 2890 unusquisque
1152 2819 1308 2876 infantibus
1326 2819 1421 2876 fratris
1443 2818 1498 2884 sui,
1524 2816 1693 2882 siobierit⁸‚
1718 2815 1767 2885 qui
1789 2833 1882 2886 snper·

258 2903 343 2959 fuerit
361 2904 546 2960 conservabit.

214 3003 240 3042 ²⁵
366 2995 396 3056 l.
430 2991 486 3057 litb
509 3002 576 3070 quia
604 3017 763 3072 pervagus
790 3001 838 3056 οιο
860 3001 1009 3070 tyrannica
1031 3002 1234 3058 consuetudine
1261 3000 1471 3058 inreverentes⁰
1497 2998 1625 3054 homiues
1652 3013 1708 3068 pax
1738 2999 1767 3052 et
1793 2991 1883 3052 tran·

259 3077 422 3163 quillitae‘l
445 3088 605 3158 perturbari
628 3088 708 3154 solet,
731 3087 868 3154 volumus,
893 3090 932 3154 ut,
956 3088 992 3142 ad
1007 3105 1211 3158 quemcumque
1226 3091 1354 3143 nostrum
1376 3087 1443 3143 talis
1467 3085 1584 3151 venerit,
1607 3084 1655 3139 nt⁰
1678 3083 1713 3139 de
1734 3082 1788 3149 his,
1811 3099 1884 3152 qnae

257 3170 324 3240 egit,
343 3171 481 3228 rationem
499 3176 528 3227 et
540 3171 678 3228 iustitiam
697 3171 889 3241 subterfugere
907 3171 1022 3241 possit⁰‚
1043 3188 1124 3226 nemo
1143 3189 1177 3227 ex
1195 3171 1276 3227 nobis
1294 3170 1373 3226 illum
1391 3170 1427 3226 ad
1445 3168 1523 3224 aliud
1541 3168 1661 3239 recipiat
1677 3166 1740 3222 velr
1754 3165 1883 3232 retineat,

257 3256 312 3311 nisi
330 3261 362 3312 ιιι
379 3259 415 3312 ad
432 3263 538 3314 rectam
556 3258 694 3314 rationem
712 3261 761 3312 ete
773 3256 898 3312 debitam
913 3257 1158 3313 emendationem!
1170 3259 1347 3328 perducatur.
1375 3257 1411 3312 Ει
1427 3256 1450 3310 si
1468 3254 1627 3310 rationemh
1638 3251 1764 3309 rectamh
1776 3252 1883 3307 subter·

259 3343 374 3413 fugerit,
400 3361 495 3400 omnes
518 3344 547 3399 in
567 3361 722 3410 commune,
748 3343 874 3398 inanius
896 3360 1014 3414 reguum
1031 3342 1152 3408 venerit,
1177 3343 1257 3398 illum
1277 3360 1486 3414 persequamur,
1505 3341 1594 3398 donec
1612 3339 1648 3395 ad
1666 3338 1802 3394 rationem
1822 3354 1883 3408 per-

214 3451 241 3490 ω
259 3428 378 3483 ducatur
395 3434 445 3484 ant
464 3430 498 3484 de
516 3446 603 3500 regno
621 3430 755 3486 deleatur.

364 3523 394 3581 5.
418 3516 567 3582 Similiter¹
595 3530 625 3582 et
650 3527 685 3582 de
708 3543 741 3582 eo
764 3525 905 3597 agendum
928 3529 979 3592 est,
1003 3526 1052 3595 qui
1075 3544 1126 3596 pro
1149 3527 1245 3596 aliquo
1269 3525 1386 3596 capitali
1410 3515 1461 3580 etll
1482 3513 1616 3595 publico¹¹
1638 3521 1753 3578 crimine
1776 3537 1794 3574 a
1816 3537 1883 3590 quo·

257 3610 327 3666 libet
356 3610 488 3681 episcopo
515 3610 684 3680 corripitur¹¹
709 3610 774 3666 velh
796 3609 1053 3666 excommunicatur
1083 3609 1153 3665 ant¹¹
1180 3613 1247 3666 ante
1275 3607 1591 3666 excommunicationem
1622 3606 1726 3661 odmen
1758 3603 1885 3660 faciens¹¹

256 3712 373 3766 regnum
392 3699 421 3751 et
438 3695 512 3766 regis
528 3695 653 3766 regimen
665 3697 765 3760 mutet,
784 3712 819 3751 ne
838 3694 962 3751 debitam
975 3695 1180 3765 poeniteutiam
1198 3695 1334 3766 suscipiat
1351 3695 1417 3750 aut¹
1433 3696 1592 3764 susceptam
1604 3691 1729 3762 legitime
1742 3690 1884 3762 peragat¹‚

227 3759 234 3784 ⁶
258 3782 398 3837 interdum
421 3782 508 3838 etiam
531 3781 667 3837 incestam
691 3781 878 3852 propinquam
901 3798 979 3836 suam
1003 3785 1053 3837 aut
1075 3781 1316 3838 sanctimonialem
1335 3780 1380 3835 vel
1398 3783 1510 3850 raptam
1532 3779 1590 3833 sive
1608 3779 1777 3842 adulteram,
1799 3792 1884 3846 quam

215 3883 240 3923 ra
258 3867 317 3922 illic
336 3867 362 3923 ei
379 3885 436 3924 non
454 3867 559 3922 licebat
576 3867 687 3932 babere,
705 3866 815 3938 fugiens
833 3885 926 3923 secum
944 3867 1033 3923 ducit:
1052 3867 1099 3922 hic
1117 3867 1191 3934 talis,
1210 3885 1273 3923 cnm
1290 3867 1446 3938 episcopus,
1464 3865 1500 3920 ad
1519 3864 1597 3920 cuins
1615 3881 1709 3920 curam
1721 3861 1883 3934 pertinebit,

258 3953 339 4009 nobis
357 3958 455 4010 uotum
473 3953 578 4020 feccrit,
596 3953 746 4024 diligenter
764 3953 949 4023 perquiratur,
968 3971 1004 4008 ne
1021 3953 1149 4009 morandi
1162 3954 1234 4010 velm
1252 3952 1361 4008 latendi
1378 3953 1470 4007 locum
1487 3951 1516 4005 in
1529 3967 1616 4020 regno
1627 3949 1746 4004 alicuius
1757 3951 1883 4004 nostrum

258 4039 385 4096 inveniat
409 4044 438 4096 et
462 4040 515 4096 Dei
536 4056 569 4094 ao
592 4043 700 4095 nostros
721 4039 816 4094 fideles
839 4056 889 4094 sno
910 4039 1006 4094 morbo
1023 4038 1144 4105 inficiat;
1171 4039 1240 4095 sed¹²
1257 4055 1275 4093 a
1298 4037 1379 4094 uobis
1396 4038 1442 4094 vel
1460 4035 1594 4091 ministris
1611 4035 1652 4090 rei
1669 4034 1800 4105 publicae
1818 4051 1882 4090 ecu-

258 4126 413 4197 stringatnr
441 4130 479 4192 et,
497 4129 530 4181 ut
552 4125 634 4180 simul
653 4142 715 4180 cum
733 4123 873 4179 diabolica
890 4124 1007 4195 praeda,
1034 4143 1120 4195 quam
1138 4143 1230 4182 seeum
1251 4125 1344 4190 duxit,
1368 4125 1405 4179 ad
1423 4123 1585 4194 episcopum
1607 4139 1688 4178 suum
1706 4121 1831 4188 redmrn,
1855 4124 1885 4176 et

258 4211 293 4266 de
315 4229 491 4282 quocumque
514 4211 629 4267 crimine
654 4209 768 4280 publico
791 4209 915 4266 debitam
933 4209 1138 4280 poenitentiam
1162 4211 1318 4282 suseipiat⁰
1349 4214 1400 4266 aut
1427 4211 1586 4279 susceptam
1608 4207 1735 4280 legitime
1756 4210 1883 4278 peraget,

216 4317 243 4356 ιο
260 4298 472 4368 compellatur0.

367 4389 396 4451 6.
429 4385 494 4451 Ut¹¹
516 4405 613 4452 nemo
637 4385 860 4470 episcoporum
876 4383 1042 4450 bominem
1057 4391 1248 4471 peccantem
1271 4386 1312 4451 ab
1337 4384 1498 4451 ecclesia*¹
1521 4388 1556 4450 et
1578 4381 1772 4450 christianaq
1795 4402 1883 4447 oom-

258 4490 410 4556 munione
435 4490 566 4570 alienet,
590 4487 693 4552 donec
716 4485 1004 4552 illum·secundum
1022 4489 1247 4573 evangelicum
1262 4492 1488 4574 praeceptum,
1511 4492 1547 4550 ut
1562 4485 1603 4550 ad
1620 4484 1882 4550 emendationem

259 4599 293 4658 et
314 4592 551 4679 poenitentiam
573 4590 698 4670 redeat,
727 4589 960 4654 commonitum
983 4589 1115 4655 habeat.
1151 4589 1215 4664 Qui
1237 4612 1380 4677 peccans
1403 4591 1431 4656 si
1454 4589 1667 4655 commonitus
1690 4587 1883 4654 inobediens

258 4703 291 4762 et
322 4695 554 4781 incorrigibilis
585 4692 802 4780 permanserit
835 4699 869 4758 et
902 4692 943 4758 ad
973 4693 1237 4761 emendationem
1270 4695 1378 4763 redire
1408 4694 1566 4774 uoluerit,
1600 4693 1724 4779 regiam
1753 4693 1807 4758 vel
1834 4694 1882 4758 rei

216 4903 242 4942 ιι
361 4887 384 4952 ι)
403 4893 429 4940 ct
505 4886 662 4953 quaesierint
683 4903 731 4938 cnr.
749 4883 774 4938 2.
861 4884 885 4949 s)
902 4891 932 4936 ut
949 4881 972 4934 1.
982 4880 1007 4936 4.
1016 4883 1042 4938 9.
1129 4884 1150 4952 ι)
1169 4887 1203 4938 Et
1219 4887 1319 4952 reliqua
1336 4883 1361 4938 9.
1446 4883 1476 4952 u)
1493 4884 1607 4952 Bapticit
1623 4882 1649 4936 8.
1730 4881 1760 4948 v)
1778 4883 1806 4936 Si
1824 4880 1881 4936 1.4.

258 4974 293 5041 w)
313 4974 376 5041 cap.
394 4971 418 5027 3.
437 4974 465 5026 in
483 4975 537 5026 laco
555 4990 617 5026 raso
639 4974 669 5025 in
685 4973 742 5025 cod.
759 4970 785 5026 3.
902 4970 931 5037 x)
949 4989 1037 5040 parem
1055 4972 1129 5026 codd.
1148 4969 1171 5026 3.
1181 4970 1208 5027 4.
1322 4969 1350 5038 y)
1368 4971 1453 5024 debite
1532 4971 1656 5023 habemns
1668 4969 1733 5036 fiais
1750 4970 1841 5036 cupias
1857 4965 1881 5021 2.

257 5060 285 5110 in
301 5061 357 5112 eod.
375 5058 400 5112 3.
488 5058 512 5123 a)
530 5059 586 5126 pari
603 5056 663 5113 al.
751 5056 778 5122 a)
796 5059 839 5111 ille
857 5059 919 5112 add.
937 5058 962 5113 3.
972 5058 996 5111 4.
1085 5059 1113 5124 b)
1133 5061 1167 5111 Ut
1184 5076 1258 5112 nemo
1277 5075 1374 5126 vagrrm
1393 5057 1526 5110 bominum
1542 5056 1662 5123 recipiat,
1685 5055 1730 5108 sed
1748 5051 1880 5122 fugentem

258 5162 345 5198 omnes
367 5151 555 5212 persequantur
570 5145 682 5196 natatu
698 5144 743 5198 bb.
813 5143 838 5211 ο)
857 5151 884 5198 οι
962 5146 1137 5198 inreverentes
1155 5161 1203 5198 ons.
1218 5144 1243 5198 3.
1252 5143 1277 5198 5.
1347 5142 1374 5210 (ι)
1392 5143 1466 5210 regni
1484 5139 1582 5194 auat.
1652 5138 1678 5208 e)
1696 5149 1726 5193 ιιι
1802 5143 1884 5209 possit

258 5229 395 5284 οοι.3-5.
466 5229 492 5296 f)
511 5231 552 5284 vel
569 5233 643 5284 retiu.
662 5249 709 5284 om
722 5229 800 5283 3-5.
869 5229 898 5299 g)
916 5233 1210 5285 et...emendationem
1229 5228 1366 5284 cmii-5.
1435 5229 1464 5293 b)
1484 5226 1621 5281 cm.3·-b.
1691 5225 1712 5295 i)
1730 5229 1819 5294 Deeo,
1838 5230 1883 5296 qui

216 5331 243 5370 to
260 5317 293 5368 ab
311 5319 428 5386 episeopo
446 5318 534 5385 aliquo
548 5320 784 5370 excommunicatus
802 5319 879 5370 fuerit
896 5326 922 5371 et
939 5318 1068 5370 iusticiam
1086 5318 1183 5385 fugerit
1199 5319 1271 5370 rubr.
1288 5317 1316 5368 in
1334 5313 1379 5367 55.
1449 5313 1477 5378 k)
1496 5321 1543 5366 aut
1621 5315 1719 5366 faciens
1738 5331 1788 5368 cm.
1805 5313 1882 5367 3-5.

258 5403 278 5468 l)
296 5411 342 5456 ant
420 5413 529 5472 peragat
549 5422 598 5458 cm.
616 5401 692 5457 3-5.
763 5401 799 5467 m)
818 5403 860 5455 vel
877 5403 975 5456 latendi
996 5421 1045 5456 cns.
1063 5402 1088 5458 4.
1097 5402 1122 5456 5.
1193 5401 1222 5469 ιι)
1244 5403 1288 5456 sed
1367 5399 1455 5453 mdeat
1477 5415 1526 5452 orn.
1543 5397 1620 5451 3-5.
1707 5397 1734 5467 ο)
1752 5401 1882 5468 suscipere

259 5492 426 5560 compellatur
443 5491 467 5544 3.
477 5491 507 5555 ὃς
524 5492 711 5560 compellantur
728 5488 757 5552 4;
776 5489 861 5540 media
872 5489 971 5541 derum.
1041 5489 1068 5556 p)
1088 5492 1122 5542 Ut
1139 5507 1214 5543 nemo
1232 5490 1409 5556 episcoporum
1426 5485 1553 5535 hominem
1572 5485 1783 5552 excommunicet,
1802 5483 1882 5538 donec

259 5578 441 5646 aevangeliene
459 5585 637 5629 ammoneatur
653 5577 725 5628 niba
744 5577 771 5626 in
788 5574 833 5628 bt.
920 5574 948 5642 q)
966 5575 1089 5628 ecclesiae
1107 5576 1248 5628 christiana
1268 5573 1291 5627 i.

361 5748 407 5815 aa)
426 5749 450 5802 ι.
472 5745 583 5801 umas.
602 5747 626 5814 ι,
635 5748 660 5800 a.
