4634 6436
417 455 477 516 110
909 451 1140 508 GAPITULARE
1159 449 1357 506 LAMBERTI.
1376 480 1408 490 -
1427 451 1475 505 Νι.
1487 451 1546 507 225.

336 633 397 688 898.
524 628 554 689 5.
589 622 635 689 Ut
651 624 863 712 scriptoribus
876 626 1015 713 publicis
1031 626 1218 691 nullatenus
1234 623 1447 690 interdicatur
1462 645 1515 690 res
1533 624 1771 690 arimannorum
1787 627 2007 693 transcribere
2014 621 2038 708 ⁵,

414 728 442 790 si
470 726 599 811 quando
630 729 678 792 eis
704 727 805 794 luerit
833 735 1062 817 opportunum.
1114 719 1261 802 Quodsi6
1288 727 1460 791 occasione
1489 726 1611 791 vitandi
1642 730 1806 794 exereitus
1839 738 1896 795 aut
1926 733 2038 817 placiti

413 830 565 895 venditae
595 831 717 897 luerint
746 838 779 896 et
808 833 871 918 ipsi
901 842 978 898 eas⁸
1007 823 1280 917 supersederintl,
1310 830 1462 915 exigatur
1490 830 1532 895 ab
1560 832 1606 895 eis
1629 838 1822 917 utrumque,
1855 834 1940 898 sicut
1962 841 2037 900 anta

412 935 707 1022 transcriptionem.

520 1041 550 1104 6.
585 1037 631 1104 Ut
652 1039 715 1126 ipsi
738 1040 898 1104 arimanni
921 1038 1133 1125 frequentius,
1159 1058 1255 1124 quam
1278 1037 1311 1102 in
1334 1038 1409 1123 lege
1433 1029 1611 1103 statutum8
1627 1045 1688 1120 est,
1712 1038 1753 1102 ad
1776 1039 1952 1124 placitums
1972 1062 2037 1106 non
2069 1067 2081 1104 a

413 1149 572 1229 cogantur
593 1165 654 1209 nac
677 1165 697 1208 a
720 1145 890 1210 comitibus
915 1165 976 1210 nec
1000 1164 1019 1207 a
1043 1142 1243 1208 sculdasius.

522 1250 550 1311 7.
585 1247 650 1310 Ut*
678 1247 822 1313 bandum
850 1246 1072 1335 pretermissih
1100 1246 1266 1312 exercitus
1302 1243 1487 1331 imperiales
1520 1245 1722 1311 solummodo
1752 1247 1845 1311 missi
1873 1241 2038 1334 exigant9.

521 1351 551 1416 8.
588 1350 633 1414 Ut
661 1357 774 1437 pastus
803 1353 1010 1438 imperatoris
1040 1350 1081 1415 ab
1112 1350 1276 1436 episcopis
1306 1355 1339 1413 et
1367 1349 1539 1414 comitibus
1567 1349 1746 1415 secundum
1770 1352 1935 1437 antiquam
1960 1375 2037 1418 con-

413 1453 623 1520 suetudinem
651 1446 842 1520 solvatnrffl.
887 1453 1011 1528 Quodsi
1039 1475 1123 1519 novo
1153 1461 1299 1540 tempore
1322 1453 1420 1518 fiscus
1445 1455 1618 1519 comitalis¹
1641 1455 1674 1518 in
1703 1456 1752 1518 ius
1777 1457 2037 1522 ecclesiasticum

413 1556 613 1622 concessus*
637 1563 707 1634 est,
737 1565 897 1644 augeatur
919 1558 1116 1645 stipendium
1139 1555 1308 1644 imperiale
1332 1554 1373 1620 ab
1398 1556 1554 1636 ecelesia,
1584 1558 1677 1622 iuxta
1700 1559 1788 1644 quod
1810 1581 1862 1625 res
1885 1560 2035 1646 publicae
2055 1581 2080 1622 ro

413 1659 533 1726 fuerint
555 1661 747 1728 minoratae.

522 1767 552 1829 9.
587 1764 633 1828 Ut
666 1765 769 1830 omnis
802 1762 989 1830 decimatiol
1022 1762 1215 1849 episcopiam
1243 1761 1296 1826 vel
1330 1761 1412 1842 hieu,
1446 1763 1501 1847 qui
1532 1763 1597 1827 hab
1631 1765 1699 1828 cis⁰
1731 1765 1921 1829 substitutip
1952 1772 2037 1847 sunt,

414 1867 612 1951 praebeatur
634 1867 807 1952 nullusque
831 1889 904 1932 carn
927 1866 969 1932 ad
991 1887 1082 1930 suam
1101 1865 1272 1951 capellam,
1295 1865 1357 1928 nisi
1373 1864 1456 1928 forte
1473 1868 1685 1930 concessione
1701 1869 1857 1954 episcopi,
1881 1869 2038 1933 conferat.

414 1968 536 2044 Quodsi
557 1970 675 2034 iecisse
694 1971 875 2055 contigerit,
900 1970 1037 2056 primurn
1053 1969 1204 2054 legibusq
1221 1967 1421 2031 subiacebit¹
1436 1967 1599 2048 humanis,
1623 1979 1756 2056 postea·
1773 1974 2036 2036 excommunica-

413 2074 500 2139 tione
529 2075 722 2161 episcopalit
749 2068 991 2154 constrictus¹¹,
1023 2073 1064 2138 ad
1091 2072 1242 2136 ultimum
1271 2072 1344 2158 ipsa
1371 2072 1514 2158 capella,
1544 2093 1628 2158 quae
1659 2076 1762 2158 magis
1786 2077 2036 2158 contentionem,
2055 2101 2079 2139 e

414 2198 512 2262 quam
535 2177 710 2243 utilitatem
734 2178 876 2264 aliquam
898 2183 1057 2264 praestat,
1080 2177 1279 2242 destruatur.

523 2283 573 2345 10.
606 2280 652 2345 Ut
681 2281 816 2367 plebesu
846 2281 1133 2348 aecclesiasticaev
1164 2281 1352 2346 nullatenus
1384 2285 1441 2344 aut
1474 2280 1674 2346 comitibusw
1703 2287 1759 2346 aut
1789 2283 2039 2368 episcoporum¹

413 2383 565 2448 vassallis
589 2391 645 2448 aut
667 2386 764 2450 ullisy
786 2385 880 2450 laicis
902 2386 935 2449 in
958 2383 1120 2451 beneficia
1142 2383 1335 2448 tribuantur.

524 2493 585 2552 11¹.
621 2486 666 2552 Ut
692 2489 726 2551 in
750 2487 899 2554 domibus
924 2488 1137 2553 eeclesiarum
1160 2506 1266 2572 neque
1290 2487 1409 2552 missus
1434 2507 1540 2572 neque
1565 2507 1675 2552 comes
1698 2488 1751 2552 vel
1775 2488 1922 2553 iudices·
1944 2490 2039 2573 quasi

413 2611 472 2677 pro
502 2589 739 2655 consuetudine
769 2612 875 2677 neque
905 2592 1060 2678 placitum
1089 2609 1196 2674 neque
1225 2591 1378 2675 ospitium
1402 2591 1581 2670 vindicent,
1613 2591 1671 2656 sed
1699 2593 1730 2656 in
1754 2592 1893 2677 publicis
1918 2592 2038 2658 rebusb
2056 2614 2081 2653 ιο

412 2695 526 2760 domos
550 2694 751 2776 restituant0,
775 2697 808 2760 in
825 2695 942 2780 quibus
959 2694 1114 2783 placitum
1130 2684 1310 2775 tencant¹²,
1334 2701 1367 2758 et
1388 2693 1566 2758 secundum
1585 2695 1751 2780 antiquam
1768 2695 2037 2760 consuetudinem

411 2787 687 2887 hospitenturffi.

523 3010 571 3072 12.
604 3006 649 3069 Ut
681 3005 830 3090 singulae
863 3005 978 3090 plebes
1014 3005 1332 3092 archipresbyterum
1364 3003 1518 3070 habeant.
1566 3005 1708 3091 Propter
1741 3005 1905 3070 assiduam
1941 3017 2038 3091 ergo·

411 3110 522 3196 populi
545 3108 609 3173 Dei
633 3128 743 3172 curam
768 3107 905 3192 singulis
929 3108 1081 3194 plebibus
1098 3108 1402 3195 archipresbyteros
1419 3127 1570 3193 praeesse
1587 3110 1747 3187 volumus,
1771 3110 1911 3194 quinon
1933 3110 2037 3174 solum

412 3213 553 3297 imperiti
582 3210 672 3295 vulgi
705 3209 945 3276 solicitudinem
980 3216 1111 3295 gerant,
1145 3231 1258 3275 verum
1295 3211 1393 3275 etiam
1430 3230 1543 3274 eorum
1575 3212 1855 3298 presbyterorum,
1891 3213 1946 3298 qui
1979 3233 2039 3299 per
2056 3235 2081 3276 aa

411 3316 552 3380 minores
580 3314 691 3379 titulos
718 3312 883 3394 habitant,
907 3313 1009 3379 vitam
1038 3315 1105 3398 iugi
1129 3315 1419 3400 circumspectione
1443 3315 1642 3396 custodiant,
1672 3321 1706 3380 et
1729 3336 1793 3402 qua
1816 3318 2037 3402 unusquisque

411 3419 569 3485 industria
595 3418 741 3483 divinum
768 3438 850 3503 opus
878 3424 1048 3498 exerceat,
1082 3418 1237 3504 episeopo
1264 3439 1322 3484 suo
1346 3418 1543 3484 renuntient.
1588 3418 1659 3484 Nec
1683 3419 1839 3484 obtendat
1862 3424 2037 3506 episcopus

410 3544 475 3587 non
502 3543 601 3607 cgere
628 3522 759 3607 plebem
787 3520 1087 3606 archipresbytero,
1117 3521 1202 3605 quod
1225 3523 1296 3607 ipae
1321 3520 1410 3585 aam‘
1431 3543 1490 3607 per
1513 3521 1567 3587 ses
1586 3523 1795 3607 gubernareg
1819 3523 1942 3598 valcat;
1976 3524 2037 3588 etsi

411 3634 462 3692 est
485 3626 579 3691 valde
602 3625 750 3705 idoneus,
774 3625 867 3690 decet
890 3632 1012 3706 tamen,
1035 3631 1071 3690 ut
1093 3626 1255 3711 partiatur
1278 3647 1379 3690 onera
1403 3645 1473 3705 sua,
1497 3631 1530 3689 et
1554 3626 1638 3689 sicut
1660 3626 1731 3711 ipse
1753 3627 1879 3690 matrici
1896 3632 2037 3712 praeest,

411 3731 457 3794 ita
487 3727 785 3814 archipresbyterih
815 3729 963 3815 praesint
994 3729 1162 3814 plebibus,
1196 3735 1231 3792 ut
1263 3730 1295 3792 in
1326 3729 1416 3792 nullo
1448 3728 1569 3792 titubet
1599 3729 1825 3794 ecclesiastica
1855 3728 2035 3795 solicitude.
2054 3754 2081 3794 ac

412 3832 539 3898 (iuncta
569 3839 679 3897 tamen
712 3832 752 3897 ad
782 3833 972 3919 episcopum
1003 3833 1165 3914 referant,
1200 3853 1260 3896 nee
1292 3830 1417 3918 aliquid
1449 3837 1561 3896 contra
1591 3833 1661 3895 eius
1690 3832 1857 3896 decretum
1886 3831 2037 3896 ordinare

410 3941 636 4022 praesumant.

513 4124 538 4190 *)
559 4121 620 4178 Ood.
638 4124 663 4177 3.
681 4121 751 4177 hoec
767 4091 885 4189 [ennom
898 4123 1019 4210 pracbct:
1042 4124 1081 4178 Ut
1099 4126 1223 4179 bannum
1243 4123 1319 4179 missi
1338 4123 1476 4178 exercitus
1495 4123 1649 4193 imperialis
1669 4121 1843 4176 solummodo
1863 4119 1984 4189 exigant.

512 4297 536 4362 a)
555 4298 666 4365 pendere
684 4297 746 4348 odd.
765 4295 790 4348 3.
861 4297 885 4361 1)
902 4300 940 4350 ire
957 4298 1019 4350 add.
1038 4296 1062 4349 3.
1126 4297 1154 4366 g)
1174 4298 1328 4350 sculdalisiis
1346 4298 1370 4351 3.
1434 4297 1463 4360 h)
1480 4299 1517 4348 ita
1535 4297 1668 4362 legendum
1686 4313 1739 4346 csse
1755 4297 1852 4346 censuit
1869 4295 1903 4347 K.
1917 4295 2037 4354 anmcrr

408 4393 492 4451 preter
513 4383 626 4436 missii.
719 4381 737 4446 ἰ)
755 4382 891 4433 comitialis
908 4379 933 4435 3.
1024 4383 1051 4447 lv)
1069 4401 1209 4436 conversus
1226 4382 1250 4436 3.
1338 4383 1357 4448 l)
1375 4385 1408 4436 ab
1426 4385 1490 4436 add.
1508 4382 1531 4435 3.
1622 4381 1656 4445 m)
1675 4383 1793 4448 episcopo
1810 4380 1835 4432 4.
1923 4379 2079 4442 4141411

409 4470 434 4534 o)
452 4487 482 4522 eo
500 4467 525 4522 3.
535 4467 559 4522 4.
641 4469 668 4537 p)
686 4467 842 4520 substitutus
859 4474 898 4518 est
915 4464 940 4519 4.
1022 4469 1048 4534 q)
1067 4469 1173 4520 Initium
1192 4479 1271 4520 terrm
1289 4470 1345 4521 cod.
1363 4466 1388 4520 2.
1468 4469 1490 4533 ι)
1508 4469 1641 4520 arrbiucoat
1658 4465 1715 4518 23.
1798 4465 1820 4528 s)
1838 4467 1929 4530 quodsi
1947 4467 2036 4517 fecisse

408 4557 544 4624 contigerit
566 4555 629 4608 cdd.
647 4553 672 4608 2.
769 4553 788 4616 1)
813 4553 963 4621 episcopalis
980 4554 1009 4618 2;
1037 4555 1124 4622 populi
1142 4552 1166 4608 3.
1255 4555 1282 4620 ιι)
1306 4555 1388 4608 blebis
1408 4554 1430 4606 1.
1522 4554 1548 4616 v)
1570 4554 1693 4604 eeclesiae
1712 4551 1735 4604 3.
1824 4551 1857 4614 w)
1881 4552 1993 4619 episcopi
2011 4550 2036 4602 2.

408 4642 434 4706 x)
452 4651 594 4708 temporum
614 4640 637 4694 1.
724 4641 751 4707 y)
769 4640 839 4692 ullus
857 4638 881 4692 2,
969 4640 993 4705 a)
1012 4642 1078 4694 Ante
1096 4659 1116 4694 e.
1132 4641 1153 4692 l.
1169 4643 1244 4708 percit
1257 4642 1286 4703 1,·
1309 4659 1365 4694 cum
1384 4636 1783 4703 c.10.in=mumsmriceqira.
1871 4637 1896 4700 a)
1914 4637 1993 4688 iudex
2010 4635 2035 4688 3.

408 4727 434 4791 b)
452 4729 516 4779 vicis
533 4725 558 4778 3.
629 4727 653 4792 c)
671 4727 830 4778 constituant
847 4724 872 4778 3.
942 4726 968 4790 d)
985 4726 1099 4793 duplica
1117 4725 1142 4779 2.
1212 4728 1236 4792 e)
1254 4745 1315 4795 arga
1333 4728 1457 4796 populum
1476 4725 1574 4793 Synod.
1588 4724 1654 4790 Pop.
1724 4721 1747 4786 f)
1765 4740 1822 4775 eam
1903 4739 1930 4773 se
1949 4721 2035 4774 orn.3.

407 4812 434 4879 g)
452 4830 504 4864 non
526 4811 631 4864 add.1.
703 4811 890 4878 hiprerbyrari
908 4810 932 4864 3.
2053 4827 2080 4866 lc

509 5000 537 5064 5)
561 4995 613 5050 Sc:
641 4998 672 5048 ut
697 5011 746 5064 per
769 4997 860 5048 cartas
884 4993 1045 5054 tradantur:
1073 4995 1123 5060 cfr.
1146 4994 1289 5061 Brunncr,
1320 4994 1382 5048 Rc.
1407 4994 1433 5049 d.
1457 4993 1517 5048 Urit.
1540 4993 1570 5059 1,
1593 5009 1623 5060 p.
1640 4994 1699 5047 331.
1808 4995 1835 5060 0)
1863 4993 1920 5060 Cfr.
1946 4993 2035 5048 Hlud.

408 5101 472 5169 Gap.
490 5101 637 5168 844-850,
659 5115 744 5168 supra
760 5115 790 5167 p.
804 5099 853 5166 78;
872 5097 936 5166 Gap.
951 5097 1046 5152 Olerm.
1066 5099 1126 5167 825,
1145 5104 1206 5152 tons.
1221 5099 1245 5165 I,
1261 5116 1290 5166 p.
1303 5099 1362 5164 330,
1380 5113 1401 5153 c.
1416 5100 1439 5152 2.
1451 5099 1475 5151 3.
1580 5097 1607 5164 7)
1627 5095 1683 5164 Osr.
1703 5097 1835 5150 Memoria
1855 5095 1952 5151 Oloura.
1970 5097 2035 5150 dote

405 5204 556 5266 822-823,
580 5203 597 5258 1.
612 5219 633 5257 c.
654 5219 682 5270 p.
700 5203 765 5269 319,
786 5218 807 5256 c.
825 5203 850 5256 8.
955 5203 982 5270 8)
1003 5201 1070 5270 Gap.
1092 5202 1218 5257 Wmmct.
1236 5203 1300 5269 829,
1325 5217 1408 5269 supro
1428 5218 1459 5270 p.
1474 5203 1519 5268 19,
1542 5217 1562 5256 c.
1581 5204 1606 5256 5.
1710 5203 1737 5265 9)
1759 5201 1814 5266 Osr.
1835 5199 1901 5269 cap.
1919 5201 2034 5255 aebeat

405 5323 426 5362 c.
444 5307 476 5371 4,·
500 5305 599 5372 Waitz,
623 5304 682 5359 Vc.
703 5303 772 5369 IV’,
795 5321 822 5372 p.
836 5303 885 5358 577
898 5319 934 5371 sq.
1042 5305 1084 5372 10)
1104 5302 1160 5371 Gfr.
1180 5304 1247 5372 Gap.
1270 5305 1341 5359 raian
1360 5305 1423 5372 832,
1448 5319 1533 5371 supra
1549 5320 1579 5371 p.
1596 5305 1642 5370 04,
1660 5319 1681 5357 c.
1695 5303 1726 5368 6;
1750 5304 1786 5357 Κ.
1807 5303 1961 5368 Lelrmarm,
1981 5305 2034 5358 Ab·

406 5408 498 5463 handl.
515 5424 537 5462 r.
553 5423 669 5476 mame.
685 5406 857 5476 Rechtsersch.
872 5422 902 5474 p.
915 5405 950 5460 78
961 5422 1013 5474 sqq.
1091 5408 1132 5474 ll)
1154 5406 1210 5474 Gfr.
1224 5407 1322 5477 synod.
1338 5407 1461 5462 Rama
1473 5407 1533 5473 898,
1551 5406 1629 5471 infra
1647 5423 1689 5459 nr.
1702 5407 1763 5472 230,
1782 5423 1802 5460 e.
1817 5408 1841 5462 l.
1919 5409 1961 5474 12)
1981 5405 2034 5472 Osr.
2052 5429 2078 5469 ιι

407 5515 490 5580 Capp.
508 5511 581 5580 legib.
600 5509 661 5563 add.
680 5510 739 5564 818.
748 5510 808 5578 819,
825 5515 885 5566 tom.
898 5510 921 5578 1,
936 5527 965 5578 p.
978 5510 1037 5578 284,
1056 5509 1139 5576 c.14;
1165 5509 1251 5578 Ocpp.
1270 5511 1339 5564 miss
1358 5509 1440 5576 813?,
1459 5511 1476 5564 l.
1491 5525 1513 5563 c.
1527 5525 1557 5576 p.
1572 5509 1633 5576 182,
1652 5525 1672 5567 c.
1686 5509 1710 5563 8.
1800 5510 1842 5576 13)
1861 5508 1952 5577 Sapra
1969 5525 1990 5563 c.
2002 5513 2037 5574 4,·

407 5613 471 5682 cap.
490 5613 556 5682 Pop.
575 5613 640 5682 850,
663 5628 746 5682 ιιιρια
761 5629 790 5680 p.
802 5612 845 5680 87,
863 5628 884 5667 c.
896 5613 920 5667 7.

1019 5741 1427 5762 *¹¹—
