4634 6436
512 471 780 528 ADDITAMENTA
797 473 846 526 Al)
864 471 1112 528 CAPI'I'ULARIA
1130 470 1260 526 REGUM
1281 471 1436 527 lTALlAE.
1456 503 1488 513 -
1507 455 1627 529 Noetu.
1827 478 1887 538 ll'l

258 646 384 710 errarit.
430 646 472 710 Ia
500 651 633 728 utroque
660 647 764 712 codice
791 647 898 712 eadem
926 646 1051 710 omoioo
1077 644 1182 725 formo
1208 645 1421 725 capitolinam
1447 648 1486 710 ab
1513 647 1665 728 episcopis
1692 651 1887 711 statutorum
1904 655 1964 710 850.

259 755 414 826 Μιναίαν,
437 769 527 830 quoe,
550 751 580 813 si
601 751 641 814 oh
664 751 854 831 imperatore
868 748 1074 832 mmulpoto
1095 747 1242 829 fuissent,
1265 747 1359 813 aliter
1374 750 1518 831 profecto
1540 757 1688 832 concepta
1708 750 1822 832 foreat.

1394 853 1453 935 (B.
1471 855 1571 932 deest·
1593 854 1633 920 P.
1649 855 1677 932 I,
1694 856 1783 935 396.)

259 1092 390 1158 Anno⁸
425 1093 718 1160 incarnationis
755 1093 977 1159 dominicae
1000 1093 1183 1175 DCCCL,
1213 1094 1432 1162 indictione
1460 1097 1564 1178 XIV,
1601 1105 1640 1162 et
1670 1097 1888 1162 Hlotharii

228 1202 383 1283 satque
413 1198 644 1264 Hludowici
678 1198 948 1284 piissimorum
980 1205 1248 1284 augustorum
1280 1200 1492 1265 tricesimo
1524 1207 1644 1287 atque
1676 1203 1816 1289 primo,
1849 1201 1888 1264 in

259 1302 362 1367 urhe
383 1303 498 1387 regia
514 1301 784 1367 Ticinafacta
802 1301 996 1387 synodus,
1020 1303 1085 1365 cui
1101 1301 1399 1387 praesederunt
1418 1301 1676 1388 Angilbertns
1694 1303 1887 1368 Mediola-

260 1407 401 1471 nensis
426 1406 770 1493 archiepiscopus,
794 1405 1089 1472 'theodemarus
1114 1404 1401 1492 Aquileiensis
1426 1407 1658 1493 patriarcha
1681 1415 1721 1472 et
1743 1406 1888 1494 Ioseph

260 1508 515 1575 venerabilis
540 1502 786 1595 episcopus1
810 1516 932 1594 atque
956 1509 1316 1595 archicapellanus
1346 1510 1472 1574 totius
1497 1511 1720 1592 ecclesiae,
1750 1512 1790 1574 in
1814 1531 1890 1595 qua

731 1612 833 1676 haec
857 1612 1081 1677 constituta
1105 1618 1198 1676 sunt
1221 1613 1418 1697 capitula.

218 1794 243 1833 ιο
365 1717 537 1831 llominob
552 1767 696 1851 glorioso
716 1768 906 1853 imperatori
922 1767 1118 1832 Hludowico
1140 1790 1208 1855 pax
1225 1776 1258 1833 et
1275 1770 1351 1850 vita,
1375 1770 1462 1832 salus
1484 1774 1518 1832 et
1532 1769 1669 1833 victoria
1688 1769 1890 1834 ministretur

261 1892 282 1935 a
305 1871 378 1936 Deo
402 1878 496 1957 patre
519 1878 554 1937 et
576 1871 706 1936 domino
730 1870 808 1936 Iesu
832 1870 975 1938 Christo.

371 1991 470 2079 (ἔαρ.ο
497 1999 524 2059 l.
564 1992 744 2058 Decrevit‘1
778 2000 892 2058 sancta
930 1993 1073 2079 synodus
1110 1992 1321 2057 domesticam
1353 1999 1386 2058 et
1415 1993 1604 2057 interiorem
1637 1993 1781 2079 episcopi
1813 2013 1889 2056 con-

262 2097 480 2161 versationem
509 2098 609 2162 totius
639 2098 923 2184 reprehensionis⁶
953 2105 1050 2183 atque
1080 2097 1269 2182 suspitionis
1297 2097 1568 2183 inpenetrabilem
1592 2096 1662 2161 fleri
1686 2096 1824 2176 debere,
1855 2103 1891 2161 ut

262 2199 355 2264 iuxta
378 2201 563 2285 apostolum
587 2201 817 2286 provideamus
841 2201 927 2266 bona
949 2221 1014 2264 non
1038 2201 1143 2265 solnm
1165 2221 1273 2264 coram
1294 2199 1378 2280 Deo,
1402 2199 1459 2264 scd
1485 2200 1583 2265 etiam
1607 2220 1716 2264 coram
1739 2201 1889 2266 omnibus

219 2331 244 2368 o
262 2302 460 2369 hominibus.
495 2302 634 2388 Oportet
657 2304 765 2389 igitur,
788 2311 825 2368 ut
849 2303 998 2369 cubiculo
1022 2305 1169 2391 episcopi
1192 2311 1226 2369 et
1248 2305 1483 2369 secrecioribus
1500 2303 1700 2388 quibuslibet
1723 2304 1889 2390 obsequiis

263 2407 411 2471 sincerae
443 2407 607 2493 opinionis
640 2406 827 2472 sacerdotes
861 2414 895 2473 et
925 2407 1034 2471 clerici
1065 2408 1238 2487 assistant,
1273 2407 1328 2491 qui
1358 2408 1565 2493 vigilantem,
1598 2414 1763 2487 orantem,
1799 2429 1891 2474 sacra

262 2511 391 2596 eloquia
414 2519 615 2576 scrutantem
639 2514 828 2598 episcopum
852 2533 945 2577 suum
970 2513 1091 2597 ingiter
1115 2512 1294 2577 adtendant
1316 2512 1452 2597 eiusque
1477 2518 1610 2577 sanctae
1634 2512 1890 2576 conversationis

263 2620 377 2696 testes,
401 2615 582 2680 imitatores
606 2622 640 2680 et
662 2615 704 2680 ad
726 2614 791 2679 Dei
814 2617 952 2700 gloriam
972 2615 1215 2702 predicatoresf
1236 2615 1389 2681 existant.

372 2735 468 2822 capr
492 2738 521 2800 2.
556 2734 769 2819 Statuimusss,
794 2744 918 2801 utnon
942 2743 1069 2802 tantum
1085 2733 1255 2801 dominicis
1280 2735 1394 2801 diebus
1419 2740 1453 2800 et
1473 2735 1636 2820 precipuis
1655 2734 1890 2801 festivitatibus

220 2839 411 2926 coepiscopi
433 2841 550 2905 missas
574 2840 760 2922 celebrent,
789 2845 855 2919 set,
885 2861 958 2906 cnm
981 2841 1138 2926 possibile
1161 2842 1277 2920 fuerit,
1302 2840 1468 2905 cotidiana
1490 2860 1618 2926 quoquc
1644 2840 1803 2906 sacrificia
1824 2841 1890 2904 fre-

263 2947 435 3028 quentent;
468 2963 528 3008 nec
552 2942 720 3008 fastidiant
747 2943 919 3029 privatimh
941 2945 1080 3029 primum
1111 2965 1169 3030 pro
1199 2955 1250 3022 se,
1281 2943 1399 3008 deinde
1422 2964 1480 3030 pro
1505 2943 1808 3027 consacerdotibus,
1832 2965 1890 3030 pro

262 3047 396 3131 regibus
426 3052 460 3111 et
489 3048 612 3112 cunctis
641 3047 782 3112 eclesiae
809 3046 873 3111 Dei
905 3047 1083 3111 rectoribus
1115 3067 1239 3132 proque
1272 3047 1339 3129 his,
1371 3048 1426 3132 qui
1455 3067 1490 3111 se
1518 3046 1718 3112 orationibus
1747 3048 1890 3133 ipsorum

263 3149 473 3235 peculiariter
504 3151 740 3232 commiserint,
770 3156 803 3215 et
833 3151 975 3214 maxime
1006 3171 1064 3236 pro
1094 3150 1295 3236 pauperibus
1324 3172 1438 3236 preces
1462 3149 1598 3215 fundere
1623 3154 1656 3214 et
1678 3151 1891 3237 omnipotenti

263 3252 335 3316 Deo
362 3253 488 3317 hostias
516 3253 632 3318 offerre
663 3255 839 3319 comitante
867 3255 923 3339 pia
949 3255 1187 3339 conpunctione
1217 3261 1250 3320 et
1279 3276 1393 3320 sacrae
1423 3254 1605 3319 devotionis
1635 3255 1771 3337 affectu,
1803 3254 1891 3340 quod

218 3377 245 3417 os
262 3358 369 3443 magis
391 3358 506 3443 utique
530 3358 639 3423 oculte
663 3358 926 3423 sacrificantibus
950 3359 1111 3438 convenit,
1135 3365 1172 3423 ut
1196 3359 1265 3444 ipse
1289 3379 1419 3444 quoque
1442 3359 1593 3467 {acerdos
1615 3357 1723 3422 hostia
1738 3358 1813 3421 viva
1835 3357 1892 3422 fiat

265 3467 300 3525 et
323 3460 519 3526 sacrificium
541 3460 614 3526 Deo
638 3461 755 3546 spiritu
778 3461 1006 3526 contribulato.

372 3579 467 3668 Cap.⁰
491 3584 520 3646 3.
554 3581 682 3646 Placet¹
703 3582 893 3669 episcopum
922 3582 1098 3647 moderatis
1127 3582 1231 3669 epulis
1260 3585 1446 3645 contentum
1474 3601 1547 3645 esse
1571 3601 1713 3666 suosque
1738 3581 1890 3645 convivas

264 3683 305 3748 ad
330 3684 566 3750 comedendum
589 3691 624 3750 et
646 3686 824 3771 potandum
847 3707 911 3749 non
934 3706 1064 3769 urgere,
1088 3677 1165 3770 quin
1188 3686 1298 3770 potius
1320 3705 1451 3769 semper
1471 3682 1528 3747 se¹¹
1549 3683 1737 3747 sobrietatis
1753 3682 1891 3770 prebeat

264 3787 463 3873 exemplum.
509 3786 755 3853 Removeantur
786 3789 827 3854 ab
859 3790 929 3854 eius
960 3787 1175 3853 convictibus¹
1206 3794 1322 3853 cuncta
1351 3787 1559 3874 turpitudinis
1588 3792 1796 3871 argumenta:
1826 3806 1890 3850 non

218 3914 246 3952 sc
263 3890 392 3955 ludicra
414 3891 618 3977 spectacula,
642 3912 706 3955 non
729 3898 957 3957 acromatumm
980 3893 1178 3977 vaniloquia,
1201 3913 1266 3956 ιιοιι
1290 3892 1452 3956 fatuorum
1477 3891 1687 3976 stultiloquia,
1711 3911 1776 3955 non
1800 3911 1890 3954 scur-

263 3994 341 4059 riles
365 3993 578 4059 admittantur
601 3997 815 4081 praestigiae;
846 3995 954 4060 adsint
975 3997 1141 4081 peregrini
1164 4001 1197 4059 et
1219 4016 1382 4081 pauperes
1407 4001 1440 4060 et
1463 3994 1606 4075 debiles,
1634 3995 1688 4080 qui
1711 3993 1752 4060 de
1782 4015 1891 4058 sacer-

263 4097 363 4162 dotali
386 4118 501 4162 mensa
525 4096 689 4163 Christum
714 4098 947 4164 benedicentes
971 4099 1233 4165 benedictionem
1257 4099 1455 4183 percipiant3
1491 4098 1646 4162 recitetur
1668 4118 1762 4161 sacra
1783 4097 1892 4176 lectio,

264 4201 482 4285 subsequatur
503 4203 598 4267 vivae
622 4203 710 4267 vocis
734 4203 931 4284 exhortatio,
961 4209 1084 4267 utnon
1108 4209 1232 4267 tantum
1257 4202 1416 4288 corporali
1441 4201 1530 4284 cibo,
1559 4203 1656 4264 immo
1681 4199 1772 4265 verbi
1796 4199 1891 4284 spiri-

265 4305 340 4369 talis
363 4305 519 4369 alimento
543 4306 754 4370 convivantes
777 4285 812 4371 sd
837 4307 978 4372 refectos
1003 4307 1223 4392 gratulentur,
1254 4307 1345 4370 utin
1370 4307 1519 4370 omnibus
1543 4304 1778 4369 honorificetur
1799 4301 1892 4366 Dens

219 4428 245 4467 ss
264 4429 325 4494 per
346 4407 457 4473 Iesum
480 4407 646 4472 Christum
669 4409 835 4474 dominum
858 4416 1016 4476 nostrum.

374 4528 454 4616 (lap.
479 4533 506 4594 4.
542 4529 610 4594 Ut¹¹
633 4533 806 4617 episcopus
830 4552 943 4596 omnes
968 4531 1170 4613 affectiones,
1195 4551 1279 4616 quae
1296 4552 1315 4594 a
1331 4535 1445 4594 sancta
1463 4529 1707 4592 conversations
1730 4534 1763 4592 et
1782 4548 1891 4592 sacer-

264 4632 364 4697 dotali
394 4632 570 4697 abhorrent
598 4633 720 4714 officio,
752 4634 904 4720 poenitus
934 4634 1084 4719 repudiet
1114 4641 1147 4697 et
1176 4655 1240 4698 non
1270 4654 1342 4696 oum
1372 4631 1507 4697 canibus
1531 4638 1587 4696 aut
1610 4630 1818 4717 accipitribus
1841 4631 1892 4694 vel

265 4737 365 4822 capis,
389 4757 469 4821 quos
493 4738 610 4821 vulgus
634 4736 781 4802 falcones
805 4744 915 4818 vocat,
944 4759 1003 4824 per
1027 4760 1063 4803 se
1087 4739 1193 4825 ipsum
1218 4739 1411 4802 venationes
1437 4741 1601 4814 exerceat,
1631 4755 1787 4819 equorum
1810 4756 1891 4820 quo-

265 4857 329 4922 que
363 4840 592 4925 mulorumque
626 4841 824 4925 superfluam
855 4860 967 4904 curam
997 4848 1185 4906 contemnat
1219 4841 1505 4926 preciosarumque
1537 4839 1675 4903 vestium
1703 4838 1825 4902 cultum
1859 4845 1893 4902 ct

220 4959 248 4999 sc
266 4940 459 5007 dissolutum
483 4964 521 5007 ac
537 4943 628 5007 velut
652 4943 692 5007 ad
716 4964 868 5030 pompam
893 4945 1107 5030 compositum
1125 4945 1205 5008 vitet
1228 4944 1404 5010 incessum.
1450 4942 1500 5007 Sit
1523 4940 1703 5006 sacerdotis
1727 4942 1891 5028 eloquium

266 5047 404 5131 spiritali
434 5049 503 5112 sale
535 5047 717 5130 conditum,
749 5069 814 5113 non
844 5048 1007 5113 iniuriosis
1036 5057 1070 5113 et
1098 5050 1259 5135 protervis
1285 5054 1318 5114 et
1340 5046 1522 5113 coturnosis
1547 5045 1679 5109 vocibus
1702 5043 1892 5109 tumidnm0.

367 5251 392 5316 a)
411 5252 485 5304 Haec
502 5254 758 5320 inscriptioecodice
771 5254 946 5322 Saopollemi.
1017 5255 1044 5320 b)
1062 5255 1136 5306 Haec
1153 5215 1396 5322 inscriptioecodd.
1413 5253 1470 5306 l.3.
1541 5254 1565 5319 c)
1584 5271 1632 5305 orn.
1651 5252 1674 5305 1.
1745 5250 1773 5320 d)
1791 5253 1894 5304 Placuit

266 5347 355 5390 uncta
374 5341 472 5406 synodo
490 5339 514 5392 2.
595 5341 619 5406 e)
641 5343 877 5410 inreprehensibilis
894 5341 919 5394 2.
1000 5343 1024 5408 f)
1046 5343 1227 5410 predicationis
1246 5341 1269 5394 1.
1349 5341 1378 5408 g)
1397 5343 1431 5392 Ut
1448 5341 1560 5408 episcopi
1579 5356 1639 5407 sepe
1657 5339 1747 5389 missas
1764 5337 1895 5391 celebrent

265 5424 336 5478 mbr.
354 5426 383 5476 io
400 5425 425 5477 3.
502 5427 530 5490 h)
548 5445 596 5480 om.
616 5427 640 5478 2.
717 5429 735 5494 i)
754 5430 907 5496 Episcopum
925 5430 1061 5481 moderatis
1079 5429 1162 5496 apulis
1180 5436 1328 5480 contentum
1347 5444 1402 5479 asse
1419 5427 1491 5478 rubr.
1510 5429 1538 5478 io
1555 5425 1580 5479 3.
1650 5425 1678 5490 k)
1696 5443 1745 5476 cm.
1765 5424 1797 5488 1,-
1814 5426 1851 5476 cis
1868 5422 1894 5476 3.

224 5519 250 5558 ιι
266 5511 294 5560 io
311 5512 366 5564 loco
383 5529 453 5563 roro.
523 5512 542 5578 l)
561 5515 681 5566 convictu
700 5511 724 5565 2.
737 5513 760 5566 3.
831 5514 866 5578 ιιι)
884 5515 1032 5582 dogmmum
1049 5512 1074 5566 3.
1145 5513 1172 5580 u)
1190 5517 1226 5566 Ut
1243 5516 1370 5566 secularis
1388 5514 1446 5566 loca
1463 5515 1559 5564 devitet
1581 5513 1653 5562 rubr.
1670 5513 1699 5562 io
1716 5508 1742 5563 3.
1811 5509 1837 5576 ο)
1854 5520 1894 5562 tu·

268 5596 350 5648 midns
368 5599 402 5648 sit
421 5597 443 5649 1.

369 5769 395 5834 1)
415 5765 612 5834 aporiam
