4634 6436
376 581 436 685 sn.

457 451 497 513 78
744 443 991 500 cnrrruunnla
1009 437 1220 506 HLOTHARII,
1246 440 1458 496 HLUDOWICI
1476 441 1510 496 ΙΙ.
1535 471 1567 482 -
1590 440 1638 495 Νι.
1652 439 1711 494 207.
1729 438 1788 494 208.

675 618 760 685 Hoc
783 623 845 684 est
868 622 1177 698 sacramentum,
1200 615 1305 702 quod
1329 614 1427 681 sibid
1451 621 1587 680 mutuo
1610 615 1861 679 iuraverunt.

562 740 614 805 Ab
637 739 796 806 hodierna
823 739 876 805 die
906 746 939 805 et
966 738 1140 825 deinceps,
1173 738 1201 802 si
1223 736 1438 802 Hludowicus
1464 736 1567 802 irater
1594 740 1706 800 noster
1726 732 1807 799 illud
1831 739 2082 810 sacramentum,

455 843 540 929 quod
578 851 689 910 contra
721 866 779 909 nos
811 845 952 909 iuratum
986 833 1121 923 habet5,
1163 841 1333 926 infregerit
1361 841 1415 906 vel
1448 839 1594 925 infringit
1627 842 1684 903 aut
1716 837 1773 901 filii
1807 838 1877 902 eius
1910 835 1951 900 ad
1985 834 2084 900 talem

451 954 578 1032 partem
609 941 716 1033 regni,
750 966 846 1031 quam
878 952 931 1010 tu⁰
964 950 1077 1010 contra
1106 966 1181 1011 eum
1211 950 1382 1031 acceptam
1408 944 1530 1026 habes,
1565 945 1598 1008 in
1622 948 1778 1028 quantum
1802 940 1962 1005 Dominus
1983 959 2082 1026 posse

452 1048 590 1132 dederit,
614 1054 647 1114 et
669 1055 783 1115 contra
805 1051 913 1137 ipsum
937 1056 971 1116 et
993 1054 1106 1115 contra
1128 1048 1214 1114 filios
1239 1050 1309 1115 eius
1331 1069 1369 1113 ac
1387 1069 1512 1128 omues,
1537 1046 1592 1131 qui
1608 1065 1680 1109 eom
1697 1044 1757 1109 tibi
1773 1043 1903 1109 auferre
1920 1043 2082 1109 volueriut
2112 1062 2124 1100 o

452 1154 577 1240 absque
607 1154 694 1218 iusta
722 1159 757 1219 et
785 1152 974 1218 rationabili
997 1153 1185 1232 occasione,
1220 1153 1249 1217 si
1278 1158 1314 1217 tu
1342 1152 1539 1238 expetieris,
1574 1148 1771 1214 adiutorium
1800 1148 1858 1213 tibi
1880 1147 2083 1213 defensionis

450 1254 636 1343 praestabo.
683 1256 718 1322 Si
748 1262 858 1322 autem
882 1276 944 1342 ego
977 1261 1009 1320 te
1039 1256 1270 1341 supervixero,
1303 1255 1379 1320 filiis
1409 1255 1475 1320 tuis
1504 1253 1604 1318 talem
1626 1257 1753 1338 partem
1782 1251 1896 1336 regni,
1927 1270 2024 1336 quam
2047 1255 2083 1315 tu

452 1365 567 1424 contra
589 1380 641 1440 mc
671 1366 704 1425 et
730 1380 839 1424 meum
861 1359 996 1424 fratrem
1018 1366 1188 1446 acceptam
1212 1359 1332 1440 habes,
1363 1380 1427 1424 non
1450 1357 1610 1438 auferam,
1644 1356 1700 1422 sed
1724 1356 1937 1421 consentiam.
1981 1354 2026 1419 Et
2055 1356 2082 1420 si

451 1463 514 1549 ipsi
546 1462 600 1528 vel
638 1462 752 1528 fideles
790 1463 919 1527 illorum
954 1462 1154 1549 expetierint
1188 1461 1389 1527 defensionis
1423 1461 1621 1538 adiutorium
1657 1466 1772 1525 contra
1805 1461 1911 1546 ipsum
1945 1458 2080 1523 fratrem

451 1571 599 1630 nostrum
615 1571 648 1630 et
662 1566 746 1630 filios
763 1566 833 1631 eius
853 1587 892 1630 ac
909 1587 1033 1649 omnes,
1055 1574 1093 1631 ut
1114 1588 1187 1632 eom
1203 1573 1316 1632 tenere
1332 1567 1466 1654 possint,
1490 1565 1695 1646 adiutorium,
1718 1566 1750 1629 in
1767 1569 1923 1651 quantum
1940 1562 2079 1649 potero‘,
2098 1580 2124 1619 1⁰

453 1669 644 1754 praestabo,
674 1669 702 1733 si
730 1674 765 1733 tu
793 1675 849 1733 aut
872 1669 929 1733 filii
953 1669 1001 1733 tui
1026 1668 1058 1733 id
1083 1669 1188 1755 ipsum
1213 1669 1409 1734 adiutorium
1433 1670 1514 1734 mihi
1538 1669 1784 1756 praestaveritis
1809 1674 1842 1732 et
1864 1688 1884 1731 a
1906 1665 2001 1731 nobis
2025 1688 2082 1731 vos

452 1792 516 1835 non
541 1771 806 1837 dissociaveritis.

554 1961 583 2026 d)
601 1968 653 2013 tres
671 1963 761 2014 iratres
778 1964 935 2014 Francorum
953 1977 1027 2028 reges
1045 1961 1108 2013 add.
1128 1960 1151 2013 1.
1240 1957 1265 2027 e)
1283 1967 1330 2030 tna
1350 1959 1372 2013 1.
1460 1959 1485 2026 f)
1505 1967 1611 2028 potuero
1630 1959 1652 2010 1.

555 2130 583 2199 5)
603 2129 681 2184 0000.
699 2147 742 2198 cp.
762 2129 965 2185 Maroneam.
984 2131 1044 2197 851,
1064 2130 1181 2186 adrium.
1199 2129 1364 2198 Hlodcrotci,
1383 2146 1467 2198 supra
1483 2146 1510 2197 p.
1529 2129 1570 2183 74.

452 2620 553 2726 208.
594 2614 1064 2727 HLUDOWIOI
1092 2617 1163 2726 Π.
1187 2617 1657 2728 CAPITULUM
1688 2617 2079 2729 ITALICUM
2097 2670 2122 2710 ιε

829 2769 1210 2882 ORIGINIS
1257 2773 1702 2883 INCERTAE.

1142 2953 1399 3038 844-8502

554 3128 701 3227 Laco·
722 3142 898 3225 capitulum
919 3148 1082 3226 nmquam
1103 3144 1251 3210 00000
1271 3147 1308 3210 a
1330 3147 1434 3211 000
1452 3145 1607 3211 cronno
1629 3145 1670 3210 F.
1688 3144 1749 3223 IV,
1763 3148 1801 3207 ro
1824 3142 1878 3225 fn.
1899 3147 1985 3208 mov
2005 3143 2078 3207 son-

451 3269 568 3312 000000
583 3246 769 3312 Heudonos·
790 3245 846 3310 Pii
867 3252 897 3310 ct
911 3246 952 3310 H
953 3245 1083 3312 lotharii
1104 3248 1167 3330 filii
1188 3250 1258 3314 eius
1280 3250 1440 3332 capitulis,
1462 3252 1672 3334 inscriptum:
1698 3249 1782 3314 Item
1800 3250 1944 3336 capitula
1959 3248 2077 3313 domno

452 3350 643 3436 Loudovvigi
669 3351 739 3435 regi
769 3355 798 3414 et
825 3351 1002 3417 numerol.
1026 3358 1245 3432 numeratum·
1279 3355 1357 3435 pinis
1383 3360 1488 3419 nutem
1516 3354 1649 3436 capitali
1675 3355 1712 3418 in
1733 3353 1789 3418 loc
1811 3352 1928 3430 codice,
1959 3353 2017 3434 qui
2043 3354 2078 3417 ia
2096 3376 2122 3416 so

449 3454 517 3534 ipso
538 3455 641 3535 capite
663 3454 741 3532 enit,
765 3454 931 3518 ornittitur.
966 3453 1136 3519 Praeterea
1158 3460 1261 3520 castet
1283 3456 1460 3537 capitulum
1481 3459 1518 3521 in
1539 3458 1637 3522 Isibro
1660 3456 1826 3537 Ponmnsi,
1854 3457 1891 3520 in
1912 3477 1974 3536 quo
1998 3460 2077 3520 tam·

448 3578 545 3638 quom
560 3558 731 3623 Hlotlzarii
751 3563 848 3642 caput
870 3560 922 3623 83.
944 3559 1031 3643 (LL.
1047 3558 1110 3639 IV,
1126 3581 1163 3640 p.
1180 3564 1258 3638 555)
1280 3567 1459 3625 renascetur
1474 3566 1549 3642 post
1571 3559 1714 3642 capitula
1737 3565 1808 3625 tora.
1825 3560 1853 3637 I,
1869 3580 1907 3640 p.
1924 3562 1996 3623 335.
2020 3558 2078 3622 sub

448 3663 590 3726 00000νὶ0
612 3665 641 3726 3.
658 3666 687 3725 4.
715 3662 811 3729 edita.
854 3661 1005 3727 Italicum
1034 3662 1123 3726 laud
1148 3662 1241 3728 dubie
1269 3670 1314 3728 est
1341 3670 1371 3727 et
1397 3669 1581 3746 orpumcnto
1606 3663 1709 3728 similo
1731 3662 1901 3727 Hlothorii
1928 3661 2079 3742 capitulis

448 3786 533 3831 0000
546 3769 618 3833 825.
634 3767 720 3830 datis
735 3772 764 3830 et
785 3765 805 3830 l.
820 3787 846 3830 c.
863 3787 901 3846 p.
917 3770 979 3832 330
994 3788 1049 3848 sq,
1069 3789 1095 3833 c.
1113 3772 1142 3835 5.
1160 3772 1207 3835 ll.
1223 3769 1333 3846 editis;
1358 3767 1397 3833 G.
1411 3768 1454 3832 Η.
1467 3768 1687 3848 Ρο050,0’00000
1708 3771 1848 3848 respecto
1871 3767 2076 3846 inscript-lonc

448 3872 485 3933 in
511 3869 615 3934 codice
641 3867 797 3934 0100000
824 3875 949 3934 sanato
971 3870 1011 3934 H
1012 3870 1164 3934 lordoroico
1187 3871 1233 3937 ΙΙ.
1257 3872 1386 3949 toilonii,
1420 3871 1537 3936 Italiac
1558 3872 1624 3954 rapi
1646 3875 1793 3936 coronato
1814 3891 1845 3936 α.
1868 3872 1940 3934 844.
1963 3875 1993 3934 et
2014 3870 2072 3932 im·
2091 3891 2116 3931 as

442 3973 588 4052 peratori
609 3993 640 4038 0.
663 3975 739 4051 850,
767 3974 821 4037 cui
843 3973 988 4052 opinioni
1009 3979 1251 4039 consentaneum
1273 3980 1333 4053 est,
1361 3976 1446 4056 quod
1467 3975 1507 4038 H
1509 3974 1655 4039 larloooici
1678 3974 1725 4038 ΙΙ.
1749 3973 1892 4055 capitulo
1920 3973 1956 4036 in
1978 3973 2075 4036 Libro

449 4073 603 4156 Papiam-si
634 4076 692 4141 000
720 4076 830 4156 patris
860 4077 929 4140 cius
957 4077 1128 4141 Hlotllarn'i
1156 4079 1281 4142 000000
1309 4084 1518 4143 rescissemus.
1574 4077 1639 4142 Pro
1668 4082 1750 4144 certo
1780 4097 1857 4141 sane
1886 4077 1962 4140 5000
1993 4077 2078 4158 carpo

449 4178 558 4244 haberi
579 4199 644 4244 000
660 4184 772 4260 potest.
1588 4181 1646 4266 (Β.
1664 4181 1764 4259 deest;
1786 4180 1824 4245 P.
1840 4181 1869 4258 Ι,
1886 4181 1974 4259 388.)

552 4391 637 4503 De·
666 4437 737 4502 hisb
765 4439 925 4523 personis,
957 4439 1012 4524 qni
1040 4460 1094 4504 res
1128 4459 1203 4506 0000
1237 4438 1310 4505 ideo
1341 4439 1373 4503 in
1402 4441 1539 4506 alteram
1567 4461 1740 4527 personam
1770 4439 1939 4524 delegant,
1971 4445 2008 4502 ut
2035 4437 2077 4502 cd

447 4542 603 4629 placitum
627 4542 739 4607 venire
762 4562 826 4606 non
850 4541 1087 4628 conpellantur,
1111 4549 1147 4606 ut
1170 4543 1270 4621 mala,
1295 4563 1358 4628 que
1381 4543 1470 4607 sacto
1492 4543 1624 4624 habent,
1648 4565 1711 4607 non
1737 4542 1927 4608 emendent:
1961 4541 2076 4627 quodsi
2095 4565 2121 4604 so

448 4647 594 4731 paruerit
615 4645 688 4709 ideo
712 4665 768 4710 eas
791 4644 979 4729 delegasse,
1006 4667 1048 4710 ne
1073 4646 1230 4710 iustitiam
1254 4645 1414 4728 iacerent,
1439 4649 1604 4727 volumus,
1628 4654 1664 4711 ut
1687 4648 1779 4733 ipsae
1802 4667 1855 4711 res
1878 4647 1911 4710 in
1932 4645 2077 4710 bannum

448 4750 646 4831 mittantur0,
678 4769 845 4835 quousque
872 4749 936 4830 illi,
965 4750 1020 4835 qui
1049 4770 1104 4814 eas
1128 4749 1264 4830 habent,
1297 4757 1464 4816 auctorem
1488 4750 1529 4814 ad
1552 4751 1707 4837 placitum
1731 4749 1894 4815 adducant
1917 4756 1951 4813 et
1974 4749 2076 4816 isdem

448 4852 639 4918 malefactor
662 4853 820 4918 iustitiam
842 4853 952 4917 faeiat.

550 5042 577 5110 0)
595 5045 628 5094 nt
639 5043 693 5094 cod.
706 5043 776 5094 c'tis.
830 5043 858 5109 b)
871 5046 910 5095 De
922 5045 970 5108 his,
988 5045 1033 5110 qui
1046 5042 1106 5110 (pro
1119 5043 1234 5109 quidem)
1246 5043 1357 5094 codicem
1371 5044 1523 5095 Olisicnum
1534 5044 1659 5110 praedare
1671 5043 1731 5095 dicit
1745 5045 1777 5096 G.
1788 5043 1823 5094 Η.
1835 5043 1919 5106 Perta,
1937 5045 2078 5111 accisoriae,-

447 5146 495 5180 000
518 5130 563 5194 qui
586 5129 723 5181 0000ηᾶ000
746 5129 854 5181 schedas
872 5129 1026 5181 Pertziaoaa
1048 5130 1116 5181 deest
1138 5132 1165 5180 ia
1186 5131 1255 5182 otis.
1278 5139 1306 5180 ut
1327 5131 1355 5182 in
1376 5132 1433 5192 rell,
1457 5130 1531 5182 codd.
1637 5129 1662 5194 c)
1682 5130 1716 5180 In
1740 5130 1787 5181 hoc
1809 5130 1884 5181 cerdo
1908 5131 2000 5182 desinit
2019 5132 2074 5184 cod.
2094 5142 2120 5182 ee

450 5215 517 5266 onie.
535 5215 634 5266 omissis
653 5215 767 5281 reliquis.
