4634 6436
469 457 529 519 122
722 449 988 506 ADDITAMENTA
1006 449 1055 503 AD
1073 447 1320 504 CAPITULARIA
1338 449 1465 504 REGUM
1483 447 1642 503 insursu.
1660 479 1694 488 -
1712 449 1761 504 Nr.
1772 449 1832 504 228.

388 635 449 689 850.
468 627 606 692 clericos
637 624 852 689 conductores
880 624 932 688 rel
961 629 1190 709 procuratores
1222 623 1292 686 sive
1323 629 1493 688 exactores
1523 623 1684 687 fiscalium
1715 642 1822 686 rerum
1847 620 1898 685 vel
1928 611 2092 685 redituum

466 735 522 794 aut
537 729 744 814 vectigalium
765 726 981 800 constituunt;
1010 727 1036 789 si
1061 727 1131 811 quis
1156 725 1255 810 igitur
1277 725 1432 811 deinceps
1453 726 1549 790 huius
1574 725 1820 790 exorbitationis
1842 745 1919 789 reus
1941 723 2093 788 inventus

466 833 575 911 luerit,
598 838 735 916 uterque
753 831 1062 910 excommunicetur,
1086 837 1152 894 tam
1169 830 1252 913 ipse,
1273 831 1328 913 qui
1345 830 1523 910 constituit,
1547 851 1644 914 quam
1662 829 1729 904 ille,
1752 828 1808 912 qui
1823 825 1956 911 indigne
1973 825 2091 910 paruit.

576 934 655 1021 Cap.
684 937 730 999 19.
769 933 854 1008 Quia
882 934 1070 998 terribiliter
1098 925 1346 1018 propheticus16
1367 927 1480 997 'sermo
1510 934 1650 997 minatur
1678 931 1720 996 ad
1747 951 1880 996 usuram
1903 928 2035 994 dantem
2060 932 2093 992 et

467 1039 606 1124 amplius
630 1037 845 1124 accipientem
871 1037 904 1100 in
927 1043 1097 1101 aeternum
1120 1057 1183 1100 non
1206 1056 1279 1100 esse
1304 1036 1462 1100 victurum
1487 1043 1520 1102 et
1547 1058 1612 1101 non
1635 1036 1856 1100 habitaturum
1879 1033 1912 1096 in
1936 1032 2088 1097 taberna·
2119 1057 2132 1096 s

468 1142 566 1207 culo'
582 1140 744 1205 Altissimi
768 1161 828 1204 uec
852 1139 1074 1225 requieturum
1097 1139 1128 1202 in
1144 1145 1250 1202 monte
1274 1144 1387 1202 sancto
1404 1137 1479 1216 Dei,
1503 1160 1684 1218 censemus,
1708 1144 1753 1217 ut,
1775 1137 1969 1222 quicumque
1990 1133 2094 1199 hacc¹

466 1251 673 1331 perpetrasse
701 1243 926 1322 inveniuntur,
958 1242 984 1305 si
1013 1247 1201 1327 supersunt,
1234 1242 1395 1326 aquibus
1424 1261 1540 1306 usuras
1569 1247 1766 1327 exegerunt,
1797 1240 1878 1326 ipsis
1907 1238 2093 1315 restituant,

468 1368 552 1433 quae
577 1344 917 1430 superhabundantius
940 1344 1116 1409 abstulisse
1138 1345 1332 1429 probantur;
1360 1346 1387 1408 si
1412 1351 1522 1409 autem
1546 1345 1759 1420 decesserint,
1783 1342 1958 1408 heredibus
1982 1361 2092 1406 eorum

469 1449 577 1514 saltim
608 1448 816 1512 medietatem
845 1446 1020 1511 refundant
1052 1454 1108 1511 aut
1135 1448 1324 1511 elemosinis
1354 1447 1530 1526 redimunt,
1561 1447 1646 1533 quod
1675 1447 1853 1532 cupiditate
1876 1444 2092 1528 deliquerunt.

468 1553 632 1638 Deinceps
649 1572 737 1633 vero,
761 1552 816 1636 qni
838 1551 920 1615 haec
944 1551 1062 1615 sectari
1086 1551 1238 1615 inventus
1262 1552 1371 1628 suerit,
1397 1551 1424 1614 si
1444 1553 1546 1617 laicus
1563 1558 1624 1631 est,
1648 1549 1959 1627 excommunicetur,
1983 1567 2091 1611 saeer—
2113 1570 2137 1608 ro

468 1655 527 1720 dos
550 1661 659 1720 autem
682 1654 736 1718 vel
759 1653 906 1733 clericus,
931 1654 959 1717 si
982 1652 1023 1717 ad
1047 1655 1192 1740 episcopi
1214 1654 1470 1719 admonitionem
1494 1655 1535 1719 ab
1553 1655 1614 1719 hcc
1635 1655 1723 1739 turpi
1739 1660 1772 1718 et
1786 1651 1943 1738 pestifero
1959 1650 2092 1734 negotio

469 1779 504 1823 se
527 1779 592 1823 non
614 1757 807 1836 cohibuerit,
830 1757 952 1841 proprii
975 1756 1095 1841 gradus
1118 1758 1301 1842 periculum
1325 1757 1510 1822 sustinebit.
2059 1755 2063 1764 '

578 1859 659 1946 (lap.
683 1861 733 1924 20.
770 1858 1012 1944 Comperimus,
1042 1859 1128 1945 quod
1152 1859 1281 1940 abhis,
1306 1862 1359 1946 qui
1383 1860 1560 1925 secundum
1585 1859 1765 1924 mundanas
1788 1859 1900 1942 legesy
1924 1856 2104 1930 viduarum

470 1971 503 2029 et
526 1964 711 2029 orfanorum
735 1963 870 2027 tutelam
896 1962 957 2026 sibi
974 1962 1150 2043 vindicant,
1174 1983 1240 2028 non
1264 1964 1368 2029 solum
1391 1964 1619 2050 neglegantur,
1643 1984 1756 2027 verum
1780 1964 1879 2027 etiam
1900 1961 2092 2045 aliquotiens

468 2067 706 2153 opprimantur;
730 2065 847 2148 quibus
871 2066 1100 2130 ecclesiastica
1122 2066 1339 2130 sollicitudine
1363 2066 1618 2132 succurrendum
1642 2086 1825 2130 censemus.
1863 2064 1907 2128 Et
1931 2065 1956 2128 si
1979 2063 2091 2126 huius·
2112 2085 2136 2124 rs

468 2170 556 2236 modi
584 2190 798 2257 oppressores
828 2169 868 2234 ad
900 2170 1122 2255 episcopalem
1151 2169 1403 2235 admonitionem
1430 2171 1547 2255 corrigi
1575 2170 1753 2248 voluerint,
1786 2166 2014 2253 gratulandum
2042 2165 2093 2229 his

469 2279 534 2349 est;
566 2275 593 2338 si
616 2279 726 2337 eutem
750 2273 783 2335 in
807 2271 1033 2357 opstinatiouis
1064 2273 1233 2358 impietate
1257 2273 1459 2353 duraverint,
1491 2272 1732 2357 suggerendum
1756 2265 2009 2337 clementissimo
2032 2268 2092 2331 im-

468 2377 628 2463 peratori,
653 2375 806 2461 quatinus
829 2375 898 2459 ipse
924 2373 1091 2439 efficacem
1114 2381 1255 2440 tutorem
1279 2376 1326 2440 eis
1350 2376 1488 2456 tribuat,
1512 2383 1547 2440 ut
1570 2385 1603 2440 et
1626 2376 1674 2439 illi
1697 2375 1916 2441 remuneratio
1939 2371 2094 2438 reddatur

469 2502 489 2544 a
511 2479 583 2545 Deo
607 2484 640 2543 et
663 2477 703 2542 de
727 2478 836 2541 inutili
860 2478 988 2542 silentio
1006 2476 1224 2542 sacerdotalis
1246 2478 1323 2543 ordo
1346 2501 1410 2543 non
1435 2478 1637 2565 dampnetur.

578 2583 656 2668 Cap,
680 2584 731 2646 21.
764 2580 903 2655 Quidam
919 2583 1112 2647 clericorum
1129 2584 1182 2647 vel
1198 2583 1427 2648 monachorum
1444 2584 1688 2670 peregrinantes
1707 2603 1767 2668 pcr
1781 2581 1929 2646 diverses
1944 2578 2092 2664 vagando
2112 2601 2138 2641 ao

469 2687 651 2774 provincias
676 2693 710 2750 et
732 2686 881 2749 civitates
905 2685 1101 2770 multiplices
1127 2691 1284 2771 spargunt
1308 2707 1436 2750 errores
1461 2693 1494 2750 et
1516 2687 1647 2750 inutiles
1671 2687 1858 2771 questiones
1879 2682 2094 2747 disseminant

469 2791 670 2875 decipientes
702 2787 800 2852 corda
832 2788 1044 2873 simplicium:
1080 2786 1120 2852 de
1151 2787 1201 2851 his
1229 2786 1374 2852 decrevit
1403 2795 1518 2854 sancta
1547 2789 1696 2868 sinodus,
1727 2795 1764 2852 ut
1786 2787 1827 2852 ab
1851 2788 2006 2873 episcopo
2029 2784 2094 2850 loci

470 2893 676 2958 detineantur
704 2898 738 2956 et
768 2890 809 2955 ad
838 2887 1124 2976 metropblitanum
1148 2891 1278 2956 deducti
1303 2893 1507 2957 discussione
1537 2893 1762 2958 aeclesiastica
1785 2892 2030 2964 examinantem
2060 2894 2094 2954 et

470 2997 497 3060 si
519 2995 672 3060 vanitatis
695 3000 794 3078 atque
816 2993 1001 3073 iactantiae,
1024 3014 1089 3057 non
1106 3001 1216 3059 autem
1232 2995 1381 3060 utilitatis
1402 3002 1459 3060 aut
1475 2995 1640 3060 doctrinae
1658 3017 1758 3061 causa
1774 2996 1833 3060 has
1851 2992 2093 3080 inquietudines

433 3107 437 3114 '
471 3109 598 3164 serere*
632 3097 838 3182 reperiuntur
873 3097 905 3160 in
940 3098 1084 3182 populis,
1119 3098 1208 3162 velut
1243 3099 1467 3165 eclesiasticae
1500 3101 1591 3185 pacis
1622 3101 1867 3186 perturbatores
1899 3095 2092 3183 congruenti
2111 3117 2136 3159 rs

471 3201 642 3287 disciplina
665 3205 881 3265 macerentur.

581 3303 660 3390 (lap.
684 3306 736 3370 22.
770 3302 899 3366 Inventi
930 3311 1006 3367 sunt
1035 3305 1130 3368 multi
1162 3313 1195 3368 et
1222 3307 1363 3370 maxime
1394 3306 1435 3371 de
1464 3308 1608 3388 rusticis,
1640 3307 1695 3393 qui
1718 3306 1845 3371 adultas
1867 3305 2004 3369 feminas
2034 3301 2094 3368 sub

472 3409 680 3495 parvulorum
703 3408 842 3471 filiorum
866 3407 997 3471 nomine
1021 3409 1054 3471 in
1075 3407 1226 3473 domibus
1251 3411 1318 3474 suis
1342 3409 1603 3490 introduxerunt,
1628 3417 1660 3475 et
1681 3408 1887 3496 postmodum
1907 3409 1970 3495 ipsi
1991 3407 2096 3473 soceri

471 3534 572 3577 nurus
595 3531 670 3575 suas
694 3510 895 3576 adulterasse
919 3511 1056 3574 convicti
1082 3517 1166 3575 sunt.
1212 3511 1340 3576 Idcirco
1364 3511 1575 3577 inhibendum
1599 3511 1816 3590 decernimus,
1840 3516 1876 3574 nt
1897 3511 1979 3574 nulli
2001 3509 2093 3574 dein-

472 3637 550 3702 ceps
580 3615 780 3701 inperfectae
810 3613 907 3678 etatis
938 3635 1038 3700 puero
1068 3614 1181 3680 adulta
1208 3616 1330 3680 lomina
1358 3617 1524 3701 iungatur;
1559 3615 1615 3679 sed
1640 3636 1713 3679 eum
1737 3614 1777 3680 ad
1802 3620 1922 3680 etatem
1945 3613 2095 3678 idoneam
2114 3635 2140 3674 ro

472 3717 701 3784 adulescentes
724 3718 883 3798 venerint,
907 3724 984 3781 tunc
1007 3718 1153 3802 legitimo
1177 3720 1305 3804 possint
1328 3720 1466 3785 conubio
1491 3711 1681 3804 sepulcrifl.

580 3821 660 3906 (lap.
682 3823 733 3884 23.
770 3801 858 3893 Quia'
884 3821 1057 3904 pestiferas
1086 3820 1193 3885 adhuc
1224 3823 1344 3908 stirpes
1377 3830 1410 3886 et
1442 3822 1596 3907 reliquias
1627 3824 1706 3887 artis
1734 3823 1882 3907 magicae
1910 3821 1942 3885 in
1970 3827 2095 3885 tantum

473 3926 585 4010 vigere
609 3922 650 3988 ad
672 3945 731 3988 nos
755 3925 914 4008 perlatum
935 3931 993 4003 est,
1017 3931 1053 3989 ut
1069 3924 1230 4010 quaedam
1247 3927 1416 3992 maleficae
1432 3927 1591 3991 inlicitum
1607 3948 1750 3992 amorem
1766 3927 1904 3990 aliorum
1921 3925 2095 4004 mentibus,

473 4028 544 4092 aliis
565 4048 643 4092 vero
668 4026 775 4091 odium
799 4027 962 4092 inmittere
986 4028 1150 4109 dicantur,
1174 4027 1334 4112 quaedam
1359 4031 1457 4094 ctiam
1480 4031 1526 4095 ita
1547 4031 1743 4095 venenariae
1768 4041 1857 4110 sunt,
1881 4037 1916 4094 ut
1937 4028 2095 4114 quosdam

473 4130 651 4216 peremisse
666 4130 768 4193 multo
784 4130 896 4215 populi
918 4151 1047 4196 rumore
1065 4130 1264 4214 descrantur,
1288 4133 1474 4198 huiusmodi
1489 4133 1610 4198 diaboli
1626 4135 1789 4198 ministras
1804 4133 1955 4218 diligenti
1970 4132 2095 4198 exemi·
2114 4153 2140 4194 ar

473 4234 604 4298 natione
634 4233 780 4318 proditas
811 4231 871 4296 snb
904 4235 1063 4297 acerrima
1091 4236 1272 4321 penitentia
1302 4235 1499 4320 redigendas
1527 4238 1717 4316 statuimus,
1751 4243 1784 4302 et
1811 4236 1845 4301 in
1872 4237 1942 4322 ipso
1971 4229 2097 4300 tantum

474 4336 577 4416 exitu,
593 4337 620 4400 si
635 4343 745 4400 tamen
761 4335 852 4420 prius
868 4335 967 4421 digna
982 4337 1204 4422 poenitentiae
1224 4359 1325 4423 opera
1341 4338 1489 4418 fecerint,
1506 4339 1762 4405 reconciliandas
1779 4361 1853 4405 esse
1869 4339 2096 4426 permittimus.

583 4437 663 4525 Cap.
688 4440 737 4502 24.
779 4435 877 4502 Omni
910 4440 1036 4506 ratione
1069 4448 1160 4506 caret
1194 4447 1228 4506 et
1261 4441 1412 4526 religioni
1444 4442 1640 4508 christianae
1672 4445 1807 4508 noxium
1837 4449 1871 4508 et
1901 4443 2096 4507 contrarium

473 4541 632 4622 noscitur,
666 4549 703 4606 ut
733 4539 827 4606 Iudai
859 4564 879 4606 a
910 4542 1094 4607 christianis
1122 4545 1296 4630 vectigalia
1328 4546 1463 4631 exigant
1493 4554 1549 4611 aut
1577 4547 1660 4611 ullas
1690 4548 1803 4613 civiles
1830 4554 1887 4611 aut
1913 4547 2096 4611 criminales

474 4665 589 4709 causas
623 4645 708 4736 inter
741 4645 937 4710 christianos
971 4646 1136 4714 iudicandi
1167 4649 1275 4712 locum
1308 4647 1453 4714 habeant
1465 4640 1509 4723 ¹⁸3
1551 4651 1744 4736 quicumque
1778 4650 1878 4735 igitur
1910 4650 2096 4714 iudiciariae
2115 4673 2140 4712 sc

474 4748 649 4834 potestatis
680 4768 778 4833 super
807 4747 1001 4813 christianos
1030 4751 1172 4835 aliquam
1201 4751 1516 4818 administrationem
1545 4753 1647 4818 ludeo
1676 4761 1816 4820 tractare
1845 4753 2045 4839 permiserit,
2077 4774 2097 4816 a

475 4852 652 4917 christiana
675 4853 900 4918 communione
925 4854 1074 4939 pellatur.

577 5041 612 5108 rr)
631 5043 778 5095 habitaculo
798 5042 821 5095 1.
908 5043 935 5108 x)
952 5044 1028 5095 homo
1048 5041 1070 5095 l.
1110 5019 1115 5088 ,Ι
1157 5045 1186 5112 y)
1205 5063 1253 5096 om.
1272 5043 1297 5096 2.
1386 5043 1410 5108 z)
1430 5061 1544 5098 maerere
1561 5045 1586 5097 2.

578 5212 621 5280 16)
645 5212 746 5266 Paulas.
767 5213 811 5280 14,
831 5213 893 5268 na
999 5214 1042 5280 17)
1067 5213 1580 5284 osr.Ecscr.Las90b.Liarpr.1aa‚
1606 5215 1667 5269 LL.
1686 5214 1741 5282 IV,
1763 5233 1793 5284 p.
1812 5217 1871 5268 161.
1978 5214 2021 5280 18)
2041 5211 2097 5279 Ost.

480 5313 581 5390 Μαῖα,
607 5313 666 5368 Vc.
687 5315 745 5382 11³,
766 5316 795 5379 1,
816 5331 847 5383 p.
863 5317 927 5382 2⁷0,
952 5333 979 5369 rr.
997 5317 1028 5381 5;
1053 5315 1112 5368 Lac
1135 5315 1212 5371 Rom.
1233 5315 1313 5384 Vuis.
1338 5315 1407 5368 Nor.
1435 5315 1531 5370 Theod.
1551 5318 1616 5385 ΙΙΙ,
1641 5321 1666 5373 2.
1689 5335 1749 5372 curn
1772 5319 1927 5386 loncscet,
1949 5317 1987 5372 cd.
2006 5316 2099 5371 Hom
2116 5337 2142 5376 ra

469 5417 564 5486 aare
576 5431 629 5486 ομ
650 5417 709 5472 Len
727 5417 1395 5488 Rmn.Raar.01a.XV11,3,nL.V,p.394.

1077 5663 1485 5672 ——--·-—--————-—-—-
