4568 6434
431 478 490 541 184
589 474 1167 530 nuulvsuuuvnaucnr.nueuo1
1189 473 1373 530 vaanenu
1393 473 1621 529 ORIENTALIS.
1639 505 1673 514 ——
1690 474 1739 530 Νι.
1751 474 1811 530 246.
1830 475 1889 530 249.

349 655 409 710 844.
428 657 510 714 nunt
531 649 753 735 poenitentias
777 649 900 728 modos,
925 642 1115 716 ‘consuunt3
1138 647 1301 736 pulvilloa'
1326 647 1504 714 secundum
1527 647 1754 733 propheticum
1771 669 1954 714 sermonem
1978 649 2050 712 ‘sub
2094 685 2101 698 ·

427 752 513 816 omni
548 753 657 817 cubito
687 774 802 818 manus
835 758 868 818 et
890 753 1015 817 faciunt
1037 753 1214 817 cervicalia
1246 753 1306 816 sub
1337 752 1443 837 capite
1467 751 1642 815 universae
1666 752 1785 816 aetatis
1809 750 1850 815 ad
1874 750 2051 837 capiendas

427 853 575 920 animas’.
620 854 686 919 Sed
710 855 863 922 discretio
891 856 1053 920 servanda
1077 863 1128 921 est
1150 857 1236 921 inter
1258 855 1483 941 poenitentes,
1515 854 1570 939 qui
1594 855 1724 940 publice
1749 860 1783 920 et
1814 856 1868 940 qui
1892 856 2051 921 absconse

426 959 594 1044 poenitere
619 957 772 1024 debeant.
817 958 901 1023 Nam
925 959 980 1044 qui
1004 959 1134 1045 publice
1158 965 1284 1045 peccat,
1309 963 1449 1043 oportet,
1471 962 1508 1021 ut
1531 958 1662 1041 publica
1679 957 1835 1022 multetur
1850 958 2053 1044 poenitentia

427 1066 460 1126 et
482 1061 660 1126 seeundum
684 1062 830 1126 ordinem
855 1082 1015 1126 canonum
1044 1084 1103 1148 pro
1128 1063 1243 1126 merito
1267 1083 1325 1126 suo
1350 1068 1402 1126 etr
1426 1061 1730 1126 excommunicetur
1752 1069 1786 1126 et
1808 1062 2049 1127 reconcilietur.
2080 1084 2092 1121 s

426 1165 638 1230 Poenitentes
661 1186 738 1230 vero
756 1177 841 1230 non⁵
857 1175 924 1231 tam
941 1167 1164 1253 expletionem
1181 1166 1349 1230 constituti
1366 1165 1521 1250 temporis
1538 1185 1634 1249 quam
1651 1165 1806 1230 facinoris
1824 1166 2052 1230 remissionem

427 1267 629 1340 desiderent;
653 1290 715 1334 nec
738 1269 784 1332 eis
807 1269 974 1347 sufficiatl,
998 1270 1025 1333 si
1050 1291 1085 1334 se
1109 1292 1129 1333 a
1151 1269 1360 1355 perceptione
1384 1266 1610 1353 quarundam¹²
1630 1290 1738 1332 rerum
1754 1269 1952 1348 abstineant,
1969 1268 2053 1333 nisi'

427 1372 525 1436 etiam
560 1393 580 1436 a
613 1373 718 1437 noxiis
752 1373 1024 1437 delectationibus
1059 1374 1328 1452 subtrahantur',
1364 1372 1568 1436 declinantes
1605 1377 1714 1436 autem
1753 1393 1772 1435 a
1809 1372 1894 1436 malo
1930 1372 2053 1436 faciant

427 1475 558 1557 bonum,
581 1476 747 1561 inquirant
769 1497 884 1562 pacem
908 1483 1006 1560 atque
1031 1483 1208 1561 sequantur
1232 1477 1333 1541 illam.

533 1576 637 1641 Multa
665 1578 819 1662 quidem¹
846 1579 909 1642 alia
936 1600 995 1665 per
1021 1578 1168 1643 diversas
1195 1578 1381 1664 questiones
1413 1599 1523 1642 coram
1546 1578 1764 1642 nobis'allata
1786 1583 1878 1657 sunt,
1911 1577 1971 1643 sed
1993 1600 2051 1664 pro
2071 1599 2097 1638 ro

427 1681 589 1745 brevitate
625 1682 779 1767 temporis
813 1683 846 1745 in
876 1681 1042 1768 praesenti
1075 1681 1211 1745 concilio
1244 1681 1393 1746 omnibus
1424 1681 1624 1766 respondere
1657 1687 1690 1745 et
1719 1702 1759 1745 ea
1788 1681 1958 1746 absolvere
1988 1703 2052 1746 non

428 1785 604 1869 potuimus.
648 1783 742 1849 Haec
775 1807 867 1864 vero,
901 1807 986 1870 quae
1018 1785 1110 1849 vobis
1134 1786 1327 1848 transmissa
1351 1793 1442 1862 sunt,
1475 1785 1634 1871 petimus,
1664 1791 1701 1848 ut
1723 1792 1834 1850 vestra
1857 1786 2053 1850 auctoritate

427 1889 612 1961 firmentur;
642 1896 676 1952 et
705 1888 732 1952 si
764 1888 836 1973 quis
866 1887 1071 1952 adversarius
1100 1888 1166 1952 illis
1198 1889 1340 1952 existere
1374 1888 1531 1967 voluerit,
1555 1888 1725 1972 prevalere
1749 1909 1813 1952 uon
1837 1887 2051 1973 permittatur.

427 1990 491 2054 Dei
514 1991 600 2055 enim
621 1998 853 2077 cooperatores
871 2012 926 2055 vos
944 2012 1016 2056 esse
1034 1991 1163 2055 debetis
1180 1997 1213 2054 et
1229 1989 1394 2055 adiutores
1411 1981 1563 2054 sanctaey
1584 1991 1654 2054 eius
1671 1990 1883 2070 aecclesiam,
1900 1991 2053 2076 quatinus

427 2094 542 2179 religio
567 2094 744 2158 christiana
767 2095 1025 2158 incontaminata
1046 2093 1249 2177 temporibus
1273 2093 1364 2178 regni
1388 2094 1489 2157 vestri
1512 2115 1615 2178 usque
1638 2096 1671 2159 in
1694 2094 1792 2159 linem
1815 2101 1995 2161 servetur¹.
2071 2117 2095 2156 u

530 2281 553 2350 r)
572 2303 621 2336 ons.
639 2283 813 2338 2.244.3-5.
910 2284 933 2349 4)
951 2302 999 2336 orn.
1018 2283 1042 2336 6.
1138 2284 1158 2349 4)
1177 2285 1308 2335 sufficiant
1324 2282 1371 2334 244.
1389 2282 1414 2334 4.
1427 2283 1452 2334 5.
1556 2283 1584 2346 ul
1603 2287 1797 2350 quarundarum
1815 2284 1840 2337 2.
1852 2284 1876 2337 3.
1982 2287 2009 2352 v)
2027 2288 2054 2338 ni
2180 2281 2186 2290 “

426 2389 454 2423 se
471 2369 495 2423 6.
613 2371 647 2436 w)
665 2374 831 2424 subtrahatur
848 2369 896 2423 24.
909 2369 933 2421 4.
946 2371 976 2434 5;
995 2371 1150 2422 subtrahant
1167 2369 1190 2420 6.
1309 2371 1336 2432 x)
1356 2371 1480 2435 quaedam
1498 2367 1523 2421 4.
1536 2370 1561 2422 5.
1678 2371 1706 2437 y)
1725 2379 1829 2423 sanctae
1915 2374 2054 2426 aecclesiae

426 2458 454 2509 in
472 2459 527 2510 icoc
544 2477 606 2511 raso
620 2459 643 2511 1.
714 2459 738 2524 4)
757 2461 863 2511 Finiunt
882 2460 997 2526 capitula
1008 2459 1109 2510 Rabaui
1125 2457 1347 2524 Magonciacensis
1365 2458 1551 2525 archiepiscopi
1570 2458 1604 2509 ad
1615 2459 1797 2510 Hludowicum
1810 2475 1896 2526 regem
1907 2460 1978 2527 pium
1991 2457 2015 2510 2,
2028 2458 2052 2510 3.

530 2628 784 2698 4444444.

1042 2715 1448 2725 .-..-—-—————-——-

622 3004 721 3108 44.
770 2997 1228 3109 convolarun
1267 2919 1907 3107 Moeunviuuu„
2072 3057 2097 3097 4
2196 3019 2198 3024 ’

1104 3177 1201 3260 864
1236 3185 1378 3258 04.8

530 3352 599 3435 Ad
621 3370 720 3435 lacem
735 3375 903 3450 protracto
926 3371 965 3434 ab
981 3368 1120 3433 Henrico
1135 3367 1234 3432 Jceclr
1256 3371 1286 3430 et
1307 3367 1393 3430 editu
1414 3387 1436 3429 a
1454 3365 1493 3431 G.
1511 3365 1553 3430 Η.
1571 3367 1666 3432 Perta
1684 3373 1810 3432 44344444
1832 3368 1938 3433 omnic
1957 3368 2055 3433 bnins

427 3473 554 3538 4444444
576 3473 720 3554 capitale
742 3475 778 3536 in
799 3495 864 3537 nno
886 3474 989 3537 codice
1004 3472 1171 3554 Bambery.
1187 3472 1229 3536 A.
1245 3472 1273 3548 I,
1291 3474 1340 3548 35,
1358 3492 1393 3550 p.
1411 3473 1461 3535 48.
1497 3470 1667 3536 Praeterea
1686 3477 1792 3537 antem
1812 3471 1939 3554 3444444
1958 3493 2054 3553 qnae

427 3577 502 3640 dom
529 3577 637 3657 capito
664 3578 701 3640 in
729 3577 861 3641 diversis
887 3597 1045 3640 concnam
1066 3574 1297 3640 collectionibus
1324 3579 1449 3637 3444414
1471 3579 1563 3651 sant,
1592 3574 1869 3640 344444414811.
1893 3576 1928 3639 in
1950 3575 2055 3640 codem

427 3680 530 3743 codice
555 3700 592 3759 p.
619 3683 668 3743 62.
703 3685 733 3744 et
765 3680 800 3743 in
831 3680 896 3743 cod.
931 3678 1104 3761 Sclisbnrp.
1133 3677 1165 3741 S.
1190 3677 1280 3741 Petri
1306 3677 1375 3754 IX,
1404 3680 1459 3755 32,
1492 3676 1545 3757 fol.
1570 3682 1756 3757 142.143’;
1795 3701 1820 3743 o.
1843 3683 1871 3744 3.
1902 3679 1938 3742 in
1966 3679 2054 3744 codol.
2073 3707 2098 3748 44

427 3782 556 3847 Monac.
574 3785 668 3860 6245,
685 3785 783 3859 6241,
814 3781 867 3862 fol.
887 3784 947 3846 '10v
968 3786 998 3845 et
1024 3781 1077 3860 fol.
1100 3785 1177 3857 104;
1206 3802 1232 3843 c.
1249 3781 1278 3845 8.
1308 3781 1344 3843 in
1370 3781 1435 3844 cod.
1462 3780 1655 3864 Guelferbyt.
1684 3783 1766 3846 inter
1789 3782 1963 3850 Helmstcd.
1982 3790 2053 3863 454,

428 3907 496 3966 cap.
513 3889 587 3951 207.
610 3885 684 3965 (cfr.
704 3884 973 3950 Wcsserscblcben
998 3885 1034 3947 in
1058 3883 1155 3949 ‘Krit
1172 3882 1409 3963 Jabrbricberf.
1431 3882 1474 3947 D.
1492 3884 1795 3950 Recbtscoisscnsob?
1815 3888 1906 3965 1838,
1922 3910 1959 3969 p.
1976 3891 2055 3973 485)

427 3994 457 4053 et
479 3991 515 4052 in
536 3989 602 4053 cod.
625 3989 754 4053 Monac.
773 3991 874 4053 14628
897 3989 950 4068 fol.
968 3991 1046 4064 2θ’;
1075 4009 1100 4050 4.
1118 3990 1147 4051 9.
1170 3987 1206 4050 in
1227 3987 1293 4050 cod.
1314 3985 1413 4050 Vatia.
1431 3986 1537 4052 Pclct.
1556 3991 1618 4053 973
1640 3987 1693 4068 sol.
1714 3991 1783 4053 127.

538 4092 589 4157 De
611 4099 754 4174 ternpore,
777 4115 837 4174 qno
860 4094 935 4158 44444
957 4092 1096 4176 synodus
1118 4090 1270 4155 celebrate
1292 4091 1343 4167 sit,
1366 4111 1438 4154 4444
1460 4091 1583 4154 indicia
1606 4093 1751 4172 tampnis
1772 4094 1900 4157 minime
1921 4094 2004 4158 inter
2023 4115 2056 4158 sc

429 4196 622 4275 concordent,
648 4197 731 4261 inter
753 4197 949 4260 doctissimos
970 4197 1054 4261 ciros
1072 4215 1187 4276 mcpna
1208 4199 1253 4257 est
1267 4194 1419 4258 dissensio
1435 4194 1507 4274 (cfr.
1526 4193 1698 4274 Drimnrlen
1718 4195 1877 4276 Ostfrdnlr.
1893 4197 1992 4262 Reicb
2003 4198 2054 4276 1²,
2073 4224 2099 4265 ao

421 4321 459 4380 p.
476 4302 548 4377 361,
570 4305 632 4364 not.
651 4301 699 4384 1).·
722 4300 790 4379 clii,
813 4299 945 4381 exempli
963 4321 1009 4382 pr.
1029 4299 1068 4364 G.
1086 4298 1130 4364 Η.
1146 4299 1240 4364 Perta
1262 4304 1292 4362 et
1309 4299 1370 4362 Tb.
1386 4298 1497 4377 Sicbel,
1521 4301 1720 4380 respicientes
1739 4300 1951 4378 indictionem,
1974 4323 2056 4383 qnae

427 4403 472 4467 ad
493 4425 523 4467 4.
546 4404 618 4470 851.
641 4409 774 4486 spectat,
801 4405 877 4468 baio
898 4423 983 4467 anno
1005 4402 1173 4466 corrcilinm
1196 4401 1393 4478 attribuant·
1422 4401 1497 4479 clii,
1524 4403 1609 4466 inter
1629 4423 1707 4484 qnos
1728 4409 1804 4466 sant
1826 4403 1867 4467 Ε.
1891 4402 2057 4469 Demade

428 4511 458 4572 et
485 4506 526 4571 Ε.
549 4505 774 4584 4144444444,
811 4507 995 4571 Annalibus
1022 4505 1239 4570 Fnldensibns
1264 4504 1341 4585 fabi
1368 4526 1400 4570 4.
1422 4506 1494 4569 852.
1523 4505 1667 4570 habiturn
1697 4507 1733 4570 id
1765 4527 1830 4570 esse
1861 4507 2054 4571 enrstimant.

427 4609 572 4675 Annales
593 4611 677 4674 enirn
699 4609 825 4674 aaron
846 4610 890 4673 cd
911 4630 941 4674 44.
959 4612 1030 4686 852,
1054 4608 1110 4673 SS.
1127 4609 1155 4685 I,
1172 4631 1209 4689 p.
1226 4610 1298 4684 367,
1322 4608 1490 4688 referenti
1510 4607 1635 4673 Habita
1655 4617 1706 4672 est
1726 4614 1835 4673 autern
1856 4615 1889 4673 et
1911 4609 2055 4695 synodus

429 4735 471 4779 ex
488 4715 654 4778 voluntate
679 4720 776 4799 atque
795 4720 972 4799 praecepto
994 4712 1141 4776 eiusdem
1162 4711 1362 4776 serenissimi
1378 4712 1535 4797 principis
1553 4712 1584 4776 in
1602 4713 1733 4777 civitate
1750 4710 1918 4798 Mogontia
1933 4722 2054 4778 metro·
2074 4743 2098 4784 ss

428 4817 496 4902 poli
520 4816 731 4896 Germaniae,
762 4815 970 4902 praesidente
993 4815 1168 4895 Rhabono,
1198 4816 1381 4880 venerabili
1405 4815 1553 4880 eiusdem
1574 4817 1665 4880 urbis
1688 4816 1951 4903 archiepiscopo,
1983 4839 2056 4882 cum

431 4917 580 4983 omnibus
603 4920 765 5005 episcopis
789 4926 885 5004 atque
910 4919 1084 4985 abbatibus
1105 4920 1270 4984 orientalis
1291 4919 1461 4998 Franciae,
1485 4918 1659 4983 Baioariae
1680 4925 1713 4982 et
1730 4919 1904 4986 Saxoniae.
1943 4920 1987 4984 Et
2008 4921 2055 4985 illi

430 5020 562 5108 quidem
585 5020 627 5086 de
651 5022 857 5086 absolvendis
874 5023 1118 5107 quaestionibus
1142 5022 1374 5086 ecclesiasticis
1398 5028 1572 5086 tractatum
1597 5020 1774 5101 habebant,
1798 5043 1857 5086 rex
1882 5043 1958 5087 vero
1982 5044 2056 5088 cum

429 5126 632 5211 principibus
656 5130 689 5189 et
708 5127 881 5210 praelectis
904 5127 1143 5210 provinciarum
1163 5125 1303 5212 publicis
1323 5126 1431 5189 causis
1447 5125 1625 5212 litibusque
1642 5125 1873 5210 componendis
1889 5125 2056 5206 insistens,

430 5236 601 5316 postquam
631 5228 800 5313 synodalia
828 5250 942 5293 eorum
965 5229 1098 5293 decreta
1127 5249 1185 5293 suo
1212 5228 1332 5293 iudicio
1360 5229 1584 5313 comprobavit
1684 5227 1873 5292 Baioariam
1903 5249 2055 5294 reversus
2073 5260 2100 5300 40

430 5339 491 5398 est.
540 5329 619 5396 Onm
641 5336 753 5395 cnctor
775 5331 944 5395 4444444444
969 5332 1006 5394 in
1026 5332 1086 5395 bac
1107 5337 1203 5412 porte
1225 5332 1437 5412 conponenda
1458 5337 1532 5394 octo
1554 5331 1680 5396 concilii
1702 5351 1819 5412 moena
1842 5353 1880 5395 44
1898 5337 1993 5412 porte
2014 5333 2059 5397 ad

429 5436 554 5500 verbnm
576 5434 642 5515 fere
664 5436 873 5515 4434443444,
896 5434 987 5499 illam
1009 5435 1199 5516 sequendam
1222 5441 1251 5498 et
1273 5435 1440 5500 concilium
1461 5456 1546 5499 anno
1563 5437 1635 5500 852.
1659 5456 1730 5498 cnm
1753 5435 1794 5501 E.
1811 5433 1975 5500 Diimmler
1994 5435 2014 5501 l.
2030 5457 2055 5500 c.

430 5545 460 5603 ct
481 5536 843 5603 Bdbmer-Miiblbccber
864 5558 915 5601 nr.
936 5540 1051 5602 136044.
1075 5536 1314 5602 attribuendum
1336 5559 1400 5602 esse
1416 5543 1506 5618 pato.

544 5639 624 5706 Ornn
655 5639 798 5721 capitulo
831 5641 957 5724 344444,
992 5646 1030 5704 44
1061 5640 1194 5704 trudant
1220 5641 1308 5705 Ann.
1336 5640 1449 5718 Faba,
1482 5642 1522 5705 ab
1545 5640 1736 5705 Hlndowico
1765 5641 1953 5722 confirmata
1981 5643 2056 5722 sint,

431 5746 587 5826 inscripta
610 5750 701 5809 snnt:
725 5742 836 5808 Canon
860 5743 1046 5809 Hludowici
1070 5745 1167 5828 regis.
1504 5803 1505 5806 ,
1613 5742 1787 5828 (B.decst;
1809 5745 1848 5812 P.
1864 5747 1954 5824 410.)
2075 5776 2100 5816 rs
