4590 6428
690 436 901 492 fluuuowlal
920 437 969 492 PII
987 436 1243 493 alamannius.
1262 467 1293 477 -
1313 437 1434 493 118131,
1837 441 1874 502 21

249 614 346 676 8113.
368 616 492 692 recepta
514 615 603 690 sunt,
630 611 706 676 aaa
727 611 791 692 ipsi
812 611 912 676 aetati
934 611 1047 693 optime
1068 616 1261 694 emmeant,
1293 610 1378 691 quod
1399 610 1525 688 8111818,
1548 631 1629 693 orcae
1651 633 1667 674 e
1688 611 1879 692 capitularis
1896 619 1956 674 831.

246 715 313 794 fine
334 713 437 796 colligi
452 720 566 796 potest,
588 715 631 780 iis
653 715 870 796 confirmatur,
893 736 974 798 quac
995 737 1103 780 rerum
1124 717 1292 798 scriptores
1313 714 1465 795 referunt.

356 834 443 898 Nam
466 835 593 899 etiamsi
614 835 652 899 de
673 855 759 899 anuo
781 855 912 917 qnoque,
936 856 997 917 quo
1019 836 1075 901 boc
1097 835 1276 917 capitulare
1289 837 1444 916 scriptum
1459 836 1510 913 sit,
1533 855 1625 916 saepe
1640 835 1820 900 dubitatum
1835 841 1881 901 est

248 957 307 1001 nec
333 938 489 1002 immerito
519 938 662 1002 dubitari
682 943 799 1019 potest,
833 940 971 1004 mamma
994 945 1098 1004 tamen
1114 939 1277 1022 probabile
1298 940 1423 1004 uidetur
1450 940 1533 1004 banc
1555 939 1739 1004 dimsimem
1760 939 1881 1020 saetam

216 1063 330 1120 sesse,
357 1048 526 1124 postquam
550 1042 589 1107 H
591 1043 765 1108 ludowicus
793 1044 965 1126 imperator
987 1046 1095 1126 primo
1124 1067 1210 1111 anno
1233 1049 1306 1110 830.
1329 1066 1351 1108 8
1377 1043 1444 1124 filio
1472 1044 1644 1124 depositus,
1675 1065 1748 1109 more
1774 1049 1880 1108 autem

247 1151 451 1211 restauratus
478 1144 557 1225 snit,
586 1151 616 1210 ct
640 1148 677 1211 in
706 1147 837 1213 emollio
859 1149 984 1230 quidem
1006 1170 1110 1214 mense
1132 1150 1311 1214 Februario
1333 1149 1414 1212 anni
1429 1150 1503 1213 831.
1521 1153 1595 1231 post
1616 1149 1881 1212 restaurationem

248 1249 365 1315 bobilo.
399 1248 545 1313 Maxime
566 1255 674 1315 autem
688 1251 745 1316 boe
761 1252 926 1316 divisionis
941 1252 1120 1333 capitulare
1137 1253 1301 1334 respmrdet
1315 1252 1366 1330 iis,
1385 1271 1467 1333 amre
1482 1250 1666 1315 Nitbardus
1679 1252 1716 1316 in
1729 1251 1880 1316 bestam-

248 1374 324 1417 rum
345 1351 423 1417 libro
438 1353 555 1433 prono,
579 1354 681 1434 eapite
703 1355 794 1419 tertio
817 1355 955 1437 (8811,
972 1377 1009 1436 p.
1024 1359 1101 1434 651)
1125 1357 1235 1423 tradit.
1277 1355 1377 1420 Verba
1399 1359 1505 1418 autem
1526 1355 1571 1419 ool
1591 1353 1674 1419 banc
1697 1355 1880 1420 [timueram

248 1455 415 1538 referenda
435 1455 511 1520 baec
525 1461 618 1521 sunt:
644 1456 710 1522 Per
731 1457 818 1524 idem
842 1465 972 1547 tempus
994 1459 1212 1543 (Wormotiac
1233 1480 1319 1524 anno
1334 1441 1424 1539 8l9.)
1446 1457 1567 1523 Karolo
1583 1458 1779 1524 Alamannia
1793 1459 1880 1542 (cum

205 1584 232 1623 ιο
250 1559 394 1636 Abala,
428 1558 547 1624 Raetia
568 1565 597 1625 et
619 1560 832 1642 Burgundios
847 1553 959 1642 porte)
981 1585 1040 1650 per
1061 1563 1202 1628 edictum
1224 1563 1362 1629 traditur
1378 1614 1384 1628 .
1493 1562 1534 1627 ad
1555 1562 1730 1650 Pippinum
1747 1561 1880 1628 Lodhu·

249 1665 431 1748 uisumque
454 1663 540 1728 lilios
564 1663 691 1730 8881118
714 1665 895 1751 imperator
918 1665 1142 1732 Guntbaldum
1165 1667 1361 1732 monachum
1384 1665 1518 1748 direxit,
1550 1669 1759 1753 promittens,
1792 1667 1819 1730 si
1847 1667 1880 1730 in

250 1789 312 1833 sua
327 1767 533 1833 restitutione
550 1816 648 1833 .....
666 1767 781 1834 adesse
795 1770 985 1853 voluissent,
1007 1792 1143 1856 regnum
1159 1771 1306 1856 utrisque
1323 1792 1359 1835 88
1374 1770 1532 1856 ampliare
1547 1771 1643 1836 velle.
1677 1770 1727 1834 Ac
1744 1791 1803 1857 per
1818 1769 1880 1834 hoc

249 1870 408 1958 perfacile
425 1869 608 1957 cupideque
624 1892 765 1956 paruere
788 1923 889 1940 .....
911 1873 1111 1939 Lodharium
1129 1895 1256 1961 quoque
1274 1874 1343 1939 sola
1358 1873 1454 1938 Italia
1469 1880 1657 1939 contentum
1675 1893 1715 1938 ea
1729 1874 1880 1959 pactione

250 1973 342 2039 abire
376 1973 540 2059 permisit,
575 1979 612 2038 ut
642 1980 738 2040 extra
769 1977 871 2062 patris
900 1977 1102 2043 uoluntatem
1134 1977 1216 2041 nihil
1246 1976 1402 2063 deinceps
1434 1978 1539 2042 moliri
1578 1978 1611 2041 in
1642 1997 1744 2062 regno
1773 1983 1880 2063 temp·

204 2083 338 2142 1818181
360 2125 454 2145 .....
483 2076 641 2163 Pippinus
665 2099 795 2165 quoque
819 2084 852 2144 et
873 2080 1104 2162 Lodhuwicus,
1137 2102 1333 2166 quamquam
1357 2082 1404 2146 eis
1428 2102 1546 2166 regna,
1578 2080 1663 2145 81811
1686 2081 1880 2167 promissum

249 2181 367 2261 fuerat,
391 2187 488 2245 aucta
504 2180 654 2262 fuissent,
679 2189 788 2247 tamen
804 2183 837 2246 in
852 2183 989 2270 imperio
1006 2189 1043 2248 11
1058 2190 1134 2270 post
1148 2189 1274 2270 patrem
1291 2184 1389 2271 primi
1405 2190 1529 2265 essent,
1546 2189 1684 2269 uterque
1699 2183 1880 2248 laborabat.

248 2283 324 2348 Hac
351 2285 503 2349 diuisione
530 2284 666 2367 Pippini
697 2291 727 2350 ct
749 2285 938 2352 Hturlouici
970 2308 1067 2370 repna
1097 2309 1181 2352 auno
1202 2290 1275 2353 817.
1304 2287 1347 2351 iis
1377 2287 1414 2351 in
1440 2287 1624 2369 Aquitania
1653 2292 1683 2353 et
1711 2287 1881 2352 Balnearia

248 2409 394 2453 88888888
415 2410 450 2452 re
472 2409 547 2453 oera
568 2393 665 2453 arccta
687 2395 858 2470 apparent,
884 2411 940 2455 nec
962 2391 1070 2456 minus
1091 2411 1169 2456 sane
1192 2391 1310 2457 Karoli
1324 2391 1459 2472 parmeli
1480 2413 1610 2474 repnnm
1631 2390 1882 2456 Atanmnnieum

248 2512 335 2557 anno
351 2493 422 2557 829.
451 2493 516 2573 ipsi
542 2492 753 2570 destinatnm;
785 2492 904 2558 Italiac
924 2499 1050 2573 888118,
1083 2502 1157 2576 ‘qna
1183 2494 1251 2559 sola
1274 2495 1449 2560 Lotbarias
1470 2500 1634 2560 comanus
1656 2495 1728 2560 esse'
1754 2494 1882 2559 iubetur

200 2618 229 2660 88
248 2597 286 2662 in
307 2596 364 2661 boc
384 2595 560 2677 capitulari
580 2595 672 2661 nulla
693 2597 808 2662 mentio
829 2598 877 2678 m.

361 2718 464 2799 1181888
478 2717 515 2782 81
529 2738 596 2782 rem
617 2717 673 2781 boc
695 2718 861 2783 divisionis
876 2717 1054 2800 capitulare
1066 2721 1240 2802 genuinum
1255 2741 1398 2786 essenon
1411 2721 1587 2803 amaverim
1594 2739 1605 2798 ;
1625 2719 1761 2800 fortasse
1775 2725 1881 2784 autem

248 2822 317 2887 alia
330 2822 435 2903 serina
450 2827 630 2904 conceptum
645 2827 699 2901 est,
722 2824 851 2888 irasertis
872 2824 999 2902 scitust,
1022 2845 1103 2906 quae
1125 2825 1192 2888 iam
1213 2825 1271 2889 snb
1293 2825 1357 2904 fine
1375 2825 1486 2905 posita
1508 2829 1593 2902 sunt,
1610 2828 1685 2904 post
1701 2823 1880 2905 mastatio-

247 2947 328 3005 nem,
349 2926 485 3007 fortasse
507 2926 603 2991 etiam
625 2926 840 3008 imperfectum
861 2929 1014 2992 remansit
1036 2933 1066 2992 et
1086 2928 1176 2992 baral
1190 2928 1285 2992 dubie
1300 2928 1412 2992 turbae
1426 2948 1498 2993 moa
1513 2928 1679 2992 cci'stentcs
1696 2928 1881 2991 (limantem

247 3028 338 3094 ittam
360 3028 507 3094 atinent
529 3029 740 3094 tradiderunt.
784 3030 882 3096 Anno
902 3034 974 3097 831.
997 3032 1104 3112 ipsum
1125 3031 1280 3112 scriptum
1301 3053 1365 3096 esse
1394 3051 1458 3096 uon
1482 3052 1544 3112 pro
1566 3035 1648 3096 certo
1670 3031 1796 3112 quidem
1817 3031 1883 3094 dici

201 3155 229 3196 rs
241 3137 361 3214 potest,
390 3134 446 3198 sed
471 3138 608 3215 respecto
629 3133 791 3199 Nitbardo
813 3135 894 3198 satis
910 3133 1074 3216 probabile
1096 3140 1159 3213 est,
1193 3135 1318 3199 etiamsi
1340 3134 1404 3199 alio
1425 3133 1560 3214 sortasse
1581 3154 1667 3198 anno
1688 3135 1777 3218 (833.
1794 3132 1882 3198 834?

249 3235 387 3313 Simeon,
421 3236 558 3321 [8818888
579 3238 610 3303 d.
632 3237 691 3302 Fr.
714 3238 747 3316 Ι,
768 3259 805 3319 p.
822 3241 895 3304 392.
923 3238 976 3316 II,
998 3259 1034 3318 p.
1052 3240 1109 3322 93)
1144 3238 1250 3319 ipsum
1280 3236 1454 3317 consectum
1483 3259 1547 3303 esse
1575 3257 1640 3302 non
1672 3237 1797 3302 omnino
1827 3257 1881 3300 ne-

246 3341 388 3422 pondum
409 3339 542 3405 ridetur.
1360 3341 1420 3426 (Β.
1436 3342 1465 3420 Ι,
1481 3344 1543 3406 685
1550 3362 1561 3420 ;
1583 3340 1623 3404 Ρ.
1640 3341 1668 3420 Ι,
1685 3341 1774 3421 357.)

354 3547 402 3661 In
433 3599 565 3662 nomine
597 3597 718 3662 domini
746 3596 813 3664 Dei
844 3602 877 3663 81
909 3598 1083 3662 salvatoris
1116 3599 1219 3662 nostri
1251 3597 1328 3662 Iesu
1360 3596 1490 3662 Christi.
1545 3596 1742 3662 Lndowieus
1773 3596 1881 3661 divina

251 3698 421 3766 ordinante
450 3700 658 3787 providentia
687 3701 866 3787 imperator
892 3706 1051 3785 augustus
1079 3699 1229 3765 omnibus
1254 3700 1405 3766 fidelibus
1434 3706 1547 3765 881818
1576 3699 1642 3765 Dei
1675 3700 1816 3765 ecclesie
1847 3704 1881 3762 et

203 3830 231 3870 8ο
251 3811 368 3869 811818
391 3805 551 3870 catholieo
576 3805 711 3892 populo,
735 3804 882 3892 presenti
906 3804 1034 3869 scilicet
1057 3811 1091 3869 et
1112 3804 1238 3886 futuro,
1262 3805 1409 3890 gentium
1433 3825 1471 3868 ac
1494 3804 1689 3884 nationum⁸,
1713 3824 1796 3889 quae
1820 3802 1880 3866 sub

248 3909 386 3994 imperio
410 3908 471 3974 hae
495 3909 654 3994 regimine
678 3915 791 3973 nostro
816 3909 1015 3974 constitutae
1040 3914 1124 3973 sunt.

352 4021 474 4086 Notum
496 4021 569 4086 fieri
592 4020 741 4085 volumus
766 4021 910 4085 omnium
931 4026 1040 4086 vestre
1065 4021 1241 4100 sollertiae,
1265 4020 1351 4104 quod
1374 4021 1459 4085 inter
1481 4019 1620 4084 dilectos
1643 4019 1727 4083 filios
1751 4024 1881 4083 nostros

249 4125 416 4212 Pipinum,
439 4124 670 4207 Ludowieum,
693 4123 853 4188 Karalum
877 4125 970 4210 regni
994 4124 1088 4189 nobis
1112 4125 1219 4189 aDeo
1243 4125 1406 4190 commissi
1430 4126 1530 4190 talem
1555 4124 1748 4189 divisionem
1771 4123 1881 4188 facere

251 4230 469 4311 decrevimus,
493 4235 529 4294 11
551 4236 625 4316 post
648 4235 797 4294 nostrum
819 4229 860 4293 ab
884 4229 946 4294 hac
969 4229 1170 4294 mortalitate
1193 4229 1375 4294 discessum
1399 4229 1623 4313 unusquisque
1646 4227 1774 4293 illorum
1798 4229 1882 4292 scire

203 4333 369 4414 88181881,
394 4335 421 4398 si
446 4354 503 4398 eos
528 4333 637 4398 divina
659 4333 765 4420 pietas
787 4333 883 4397 nobis
908 4335 1102 4420 superstites
1127 4355 1201 4399 8888
1225 4333 1376 4412 uoluerit,
1401 4353 1485 4418 qnae
1506 4333 1612 4418 portio
1630 4332 1692 4397 sibi
1709 4331 1750 4397 ad
1766 4337 1881 4396 tenen·

249 4435 327 4502 dum
354 4438 461 4524 adque
488 4437 738 4524 gubernandum
762 4459 782 4501 8
804 4437 899 4502 nobis
923 4437 1099 4523 adsignata
1129 4439 1181 4502 sit.
1227 4435 1333 4510 Quam
1356 4436 1551 4500 divisionem
1576 4434 1734 4501 eomodo
1758 4434 1881 4499 descri-

248 4540 328 4607 bere
350 4563 388 4606 88
412 4541 588 4627 designare
609 4543 770 4623 volumus,
794 4546 830 4605 11
854 4540 974 4626 singuli
996 4535 1089 4606 iuxta
1112 4541 1352 4606 ordinationem
1374 4545 1519 4604 nostram
1543 4545 1577 4605 81
1599 4539 1680 4604 fines
1703 4538 1797 4623 regni
1821 4538 1882 4616 811,

249 4645 360 4730 quiin
384 4645 587 4730 alienigenas
612 4645 847 4726 extenduntur,
870 4665 942 4709 cunr
959 4643 1022 4708 Dei
1046 4645 1208 4710 adiutorio
1224 4642 1402 4709 defendere
1427 4642 1600 4707 studeantl
1625 4647 1658 4706 81
1680 4661 1797 4727 pacem
1819 4639 1882 4704 hac
1933 4663 1935 4668 ’

250 4747 448 4813 1181811811ο
476 4749 645 4814 caritatem
676 4749 761 4813 inter
792 4768 828 4813 se
856 4747 1021 4812 custodire
1044 4747 1186 4813 valeant.
1232 4746 1334 4812 Cuius
1358 4746 1527 4811 divisionis
1549 4745 1680 4810 moduni
1706 4750 1880 4828 8181881-

204 4850 451 4916 88811111181811
474 4852 574 4916 talem
598 4852 694 4916 nobis
717 4851 825 4916 facere
848 4851 981 4937 placuit.

359 4961 438 5051 Cap.
459 4957 498 5030 l.¹
535 4955 629 5029 Η882
659 4969 768 5028 autem
798 4963 856 5027 tali
879 4962 1084 5026 ordinatione
1104 4961 1343 5048 disposuimus,
1366 4967 1417 5042 11,
1441 4961 1469 5025 81
1491 4967 1565 5048 post
1586 4967 1732 5025 nostrum
1755 4959 1797 5024 ab
1820 4959 1882 5023 hac

249 5067 325 5131 luae
356 5066 537 5132 discessum
567 5067 683 5154 aliquis
716 5087 828 5132 eorum
857 5067 947 5151 prius
978 5086 1074 5150 quam
1105 5065 1223 5130 fratres
1254 5064 1304 5128 eui
1333 5064 1419 5129 diem
1448 5065 1566 5129 obierit
1595 5069 1628 5128 81
1654 5064 1754 5128 talem
1780 5063 1882 5127 filium

251 5170 429 5255 reliquerit,
453 5191 550 5256 quem
573 5173 715 5258 populus
738 5170 841 5256 ipsius
866 5169 989 5254 eligere
1006 5169 1096 5251 velit,
1118 5174 1155 5232 ut
1176 5168 1261 5253 patri
1285 5187 1343 5232 suo
1361 5167 1514 5232 succedat
1531 5169 1563 5232 in
1579 5168 1673 5254 regni
1688 5167 1882 5248 hereditate,

354 5361 381 5427 8)
401 5363 505 5414 uadens
523 5379 544 5412 8.
648 5362 677 5431 b)
694 5363 732 5412 ita
750 5379 784 5423 8,·
801 5368 918 5414 81811111
936 5377 967 5412 ne
985 5361 1106 5413 studeant
1124 5360 1185 5410 Bal.
1289 5358 1315 5424 8)
1334 5360 1517 5412 fraternitatem
1537 5377 1558 5411 8.

206 5564 234 5603 45
355 5536 381 5602 1)
402 5534 508 5589 Diuisio
528 5540 552 5588 et
573 5533 712 5589 ordinatio
733 5535 781 5590 boc
806 5537 860 5590 toco
880 5536 976 5590 8811888
998 5541 1050 5600 est,·
1076 5541 1128 5590 tres
1152 5535 1228 5605 rapui
1245 5539 1339 5605 portes
1360 5533 1438 5600 infra
1455 5537 1515 5601 post
1533 5536 1613 5600 eaput
1630 5532 1672 5586 14.
1690 5529 1882 5584 8888818118.

251 5639 279 5707 2)
299 5638 466 5708 Responderi
489 5637 519 5692 tn
537 5637 637 5692 Karoti
658 5638 786 5693 diuisione
805 5639 874 5692 anni
892 5640 952 5694 806.
970 5639 1059 5708 sopita
1075 5639 1101 5693 5.
1112 5640 1140 5707 1,
1163 5639 1180 5694 t.
1199 5654 1220 5693 c.
1235 5655 1265 5707 p.
1276 5637 1324 5692 127
1334 5653 1388 5706 sq.;
1408 5636 1453 5690 sert
1470 5637 1501 5690 in
1517 5636 1604 5705 capite
1620 5635 1666 5688 itlo
1684 5640 1780 5703 quarto
1799 5633 1882 5688 trium

250 5757 390 5813 1888818181
403 5747 494 5814 partes
510 5741 643 5812 [ratribus
660 5743 845 5812 superstitibus
861 5743 1010 5798 (1881188188
1029 5748 1153 5799 88881818
1169 5742 1363 5800 11888ήὸ881888.
