4634 6436
446 440 506 502 100
809 435 1056 491 carrucarum
1074 433 1221 490 Insulas
1239 431 1376 486 Kaacul
1394 430 1429 486 ll.
1453 462 1485 471 -
1503 431 1552 485 Νι.
1565 430 1625 488 220.
1643 430 1702 485 221.

365 615 425 670 ata.
446 606 609 693 Suppouis
648 599 804 674 comitis2.
862 607 998 694 Signum
1033 607 1196 693 Hardingi
1234 603 1371 671 comitis.
1431 602 1567 688 Signum
1600 601 1744 667 Bodradi
1783 602 1910 666 comitis
1943 602 2065 687 palatii.

444 709 580 794 Signum
605 709 776 776 Cuniberti
799 713 938 778 comitis.
985 712 1122 798 Signum
1143 708 1303 777 Bernardi
1326 708 1465 773 comitis.
1511 707 1645 793 Signum
1669 705 1819 771 Airboldi
1842 707 2001 771 comitis'.

552 914 607 980 Sic
629 917 781 1002 promitto
804 939 883 1002 ego,
912 919 989 1003 quia
1013 917 1054 982 de
1078 919 1141 982 isto
1165 916 1218 982 die
1242 918 1397 982 inantea
1423 914 1478 979 isti
1502 912 1623 979 seniori
1645 934 1733 994 meo,
1766 913 1920 1000 quamdiu
1943 913 2066 993 vixero,

442 1017 548 1083 tidelis
571 1025 604 1082 at
628 1019 784 1086 obediens
808 1027 842 1086 et
863 1019 1007 1102 adiutor,
1030 1027 1356 1106 quantumcumque'
1378 1018 1452 1104 plus
1475 1023 1510 1082 at
1532 1016 1649 1082 melius
1672 1017 1775 1082 sciero
1798 1024 1831 1083 et
1854 1024 2006 1104 potuero,
2033 1023 2067 1082 et

443 1121 577 1186 consilio
609 1127 643 1186 st
671 1123 794 1187 auxilio
824 1123 1003 1189 secundum
1031 1143 1140 1188 meum
1169 1123 1384 1187 ministerium
1410 1121 1444 1185 in
1471 1119 1623 1184 omnibus
1653 1141 1709 1186 cro
1737 1119 1860 1206 absque
1888 1119 2004 1186 fraude
2034 1125 2068 1184 et
2096 1147 2108 1184 s

441 1226 527 1289 malo
558 1225 689 1311 ingenio
717 1233 751 1292 et
780 1227 903 1312 absque
933 1227 1000 1291 ulla
1028 1226 1202 1292 dolositate
1225 1227 1300 1292 vel*
1331 1224 1547 1290 seductione¹
1576 1245 1634 1289 seu
1663 1224 1856 1310 deceptione
1880 1231 1914 1290 et
1942 1224 2066 1310 absque

443 1334 595 1413 respectu
623 1329 760 1395 alicuius
788 1351 966 1417 personae,
999 1336 1032 1396 et
1060 1351 1167 1416 neque
1195 1351 1255 1417 per
1284 1351 1335 1394 me
1363 1349 1470 1414 neque
1493 1329 1710 1414 permissum
1735 1348 1839 1413 neque
1862 1329 2066 1414 perliteras,

442 1429 500 1494 sed
523 1453 630 1518 neque
654 1454 712 1520 per
735 1435 889 1498 emissam
911 1435 965 1500 vel
988 1435 1208 1500 intromissam
1231 1453 1406 1520 personam
1429 1432 1483 1497 vel
1506 1452 1711 1517 quocumque
1733 1431 1829 1496 modo
1845 1432 1919 1497 vely
1942 1431 2066 1518 signifi-

443 1535 573 1601 catione
594 1543 708 1602 contra
729 1559 823 1602 suum
843 1537 999 1604 honorem
1015 1543 1049 1603 at
1065 1557 1158 1603 suam
1173 1547 1231 1602 ac'
1247 1537 1407 1602 ecclesiae
1424 1541 1521 1620 atque
1539 1535 1631 1619 regni
1647 1534 1728 1600 sibi·
1743 1535 1907 1600 commissi
1923 1535 2067 1621 quietem

441 1642 476 1701 et
503 1639 773 1724 tranquillitatem
802 1647 900 1727 atque
930 1639 1130 1706 soliditatem
1159 1638 1368 1719 machinabo,
1398 1638 1451 1703 vel
1479 1637 1679 1702 machinanti
1707 1639 1927 1719 consentiam,
1959 1657 2065 1723 neque
2085 1663 2110 1702 ιο

441 1740 593 1826 aliquodb
621 1763 775 1827 umquam
808 1744 997 1809 scandalum
1027 1744 1185 1824 movebo,
1216 1742 1302 1829 quod
1330 1742 1418 1806 illius
1436 1741 1612 1827 'praesenti
1635 1741 1689 1806 vel
1711 1741 1840 1806 suturae
1869 1742 1966 1806 saluti
1989 1762 2066 1806 con-

441 1844 560 1907 traria⁰
581 1841 633 1910 vel
657 1848 795 1914 nociva⁰
817 1869 892 1914 esse
914 1848 1028 1933 possit.
1068 1845 1122 1912 Sic
1145 1867 1198 1912 me
1213 1846 1305 1911 Deus
1329 1844 1516 1922 adiuvetet
1538 1843 1622 1909 ista‘l
1645 1844 1856 1910 sanctorum‘¹
1876 1845 2066 1932 patrocinia.

549 2042 613 2115 Et³
632 2071 705 2138 ego,
729 2061 886 2138 quantum
908 2056 1013 2120 sciero
1035 2060 1068 2120 et
1088 2053 1327 2119 rationabiliter
1341 2059 1489 2139 potuero,
1511 2051 1654 2117 Domino
1671 2050 1845 2116 adiuvante
1861 2057 1904 2131 te,
1928 2052 2065 2117 sanctis-

440 2153 521 2218 sime
553 2175 591 2218 ac
625 2158 892 2222 reverentissime
922 2157 1184 2244 archiepiscope,
1223 2162 1256 2222 et
1292 2175 1555 2242 unumquemque
1582 2162 1728 2221 vestrum
1762 2153 1940 2220 secundum
1973 2177 2067 2220 suum

440 2253 587 2320 ordinem
618 2264 652 2322 et
678 2279 850 2345 personam
874 2259 1056 2340 honorabo,
1089 2267 1123 2325 et
1151 2259 1301 2336 salvabo,
1333 2264 1366 2323 et
1387 2259 1581 2323 honoratum
1605 2263 1639 2322 et
1667 2259 1829 2323 salvatum
1851 2258 1977 2343 absque
2000 2259 2066 2323 ullo
2086 2282 2110 2321 rs

440 2355 515 2422 dole
539 2379 578 2423 ac
601 2359 811 2429 damnatione
828 2364 882 2428 vel
903 2363 1097 2451 deceptione
1121 2362 1334 2442 conservabo,
1359 2368 1392 2426 et
1414 2361 1588 2447 unicuique
1612 2367 1853 2447 competentem
1877 2353 2005 2446 legem4
2028 2384 2066 2428 ao

439 2459 598 2528 iustitiam
626 2465 844 2545 conservabo,
876 2473 924 2545 et
938 2467 993 2552 qui
1022 2466 1114 2532 illam
1145 2486 1283 2531 necesso
1313 2464 1487 2530 habuerint
1516 2471 1549 2529 et
1577 2463 1816 2552 rationabiliter
1838 2465 1984 2549 petierit,
2014 2487 2065 2532 ra-

439 2557 633 2630 tionabilem
650 2567 907 2634 misericordiam
924 2568 1098 2652 exhibebo,
1123 2569 1207 2635 sicut
1228 2568 1334 2634 fidelis
1357 2589 1418 2634 rex
1442 2587 1519 2632 suos
1543 2567 1658 2633 fideles
1682 2588 1740 2655 per
1762 2573 1888 2633 rectum
1909 2568 2066 2634 honorare

439 2671 473 2729 et
500 2666 628 2732 salvare
659 2676 693 2734 et
722 2672 897 2758 unicuique
927 2679 1168 2759 competentem
1191 2673 1297 2759 legem
1326 2678 1360 2737 et
1389 2672 1546 2736 iustitiam
1574 2671 1606 2735 in
1629 2691 1826 2756 unoquoque
1850 2670 1963 2737 ordine
1988 2694 2065 2738 cen-

441 2762 572 2834 servare
599 2777 633 2834 et
661 2771 883 2859 indigentibus
907 2783 941 2842 et
963 2777 1199 2843 redonabiliter
1222 2777 1411 2864 petentibus
1436 2775 1665 2841 rationabilem
1688 2775 1944 2841 misericordiam
1967 2777 2068 2845 debet
2085 2795 2111 2836 2⁰

438 2869 639 2956 impendere.
683 2873 728 2939 lit
756 2898 815 2963 pro
845 2879 934 2944 nullo
961 2879 1091 2944 homine
1119 2879 1265 2960 abhoc,
1295 2885 1452 2966 quantum
1475 2878 1610 2944 dimittit
1631 2879 1775 2944 humana
1798 2877 1973 2964 fragilitas,
2005 2902 2065 2967 per

439 2972 582 3040 studium
612 2982 670 3042 aut
698 2980 962 3047 malevolentiam
990 2983 1043 3048 vel
1072 2982 1210 3047 alicuius
1241 2981 1422 3047 indebitum
1450 2982 1692 3047 hortamentum
1723 2981 1877 3060 deviabo,
1909 2990 2066 3067 quantum

438 3076 517 3141 mihi
540 3076 633 3144 Deus
656 3082 860 3149 intellectum
883 3093 916 3151 et
938 3086 1190 3172 possibilitatem
1207 3083 1436 3173 [donaverit⁸];
1460 3092 1493 3150 et
1516 3087 1544 3150 ai
1567 3106 1626 3172 per
1647 3084 1858 3170 fragilitatem
1875 3091 1988 3150 contra
2003 3085 2064 3151 hoc

439 3180 519 3245 mihi
542 3190 727 3270 surreptum
749 3186 861 3269 luerit,
885 3210 958 3253 cum
981 3209 1216 3275 recognovero,
1239 3188 1421 3253 voluntarie
1444 3187 1524 3252 illud
1547 3187 1724 3254 emendare
1745 3185 1894 3267 studebo,
1918 3187 1965 3252 sic
1987 3187 2071 3254 etus

541 3388 569 3454 v)
588 3393 654 3444 Acta
671 3401 733 3446 sunt
749 3395 815 3448 hacc
837 3397 865 3447 in
887 3397 984 3464 palatio
1001 3396 1133 3448 Ticinensi
1150 3413 1220 3448 anno
1238 3397 1342 3448 Domini
1359 3397 1570 3461 Dcccnxxvl,
1595 3397 1668 3464 regni
1685 3396 1771 3447 domni
1789 3394 1949 3462 imperatoris
1966 3396 2065 3462 Karoli,
2084 3405 2110 3447 tt

437 3478 584 3530 Hludowici
602 3481 708 3548 augusti
726 3482 785 3548 piae
803 3485 939 3535 memoriae
955 3484 1010 3549 fflii,
1028 3484 1055 3535 in
1072 3484 1184 3535 Francia
1196 3485 1317 3548 xxxvl,
1336 3483 1436 3551 imperii
1453 3484 1544 3551 primo,
1563 3483 1700 3534 indictione
1713 3483 1758 3532 IX.
1777 3481 1839 3532 edd.
1852 3479 1910 3533 at„
1926 3489 1954 3532 ut
1968 3481 2068 3534 uidem

437 3580 468 3614 ea
491 3565 625 3617 codicibus.
723 3567 758 3632 w)
776 3576 984 3636 quandocumque
1001 3567 1046 3622 3b.
1142 3567 1171 3635 x)
1193 3587 1243 3622 om.
1260 3567 1306 3623 3b.
1402 3571 1429 3637 y)
1455 3585 1486 3622 ac
1503 3566 1580 3621 3-5.
1676 3565 1701 3636 a)
1724 3585 1773 3619 eni.
1793 3567 1816 3619 1.
1828 3565 1892 3628 3.4‚·
1920 3575 2024 3620 metae
2041 3567 2067 3622 ὃ.

437 3647 464 3713 a)
483 3649 520 3701 illi
538 3647 615 3704 3-5.
695 3652 723 3718 b)
741 3671 864 3720 umquam
883 3655 988 3721 aliquod
1005 3652 1082 3707 3-5.
1162 3653 1188 3720 c)
1205 3656 1243 3708 ita
1263 3655 1286 3708 1.
1298 3653 1350 3717 aa·
1369 3656 1525 3708 conuitium
1605 3655 1725 3706 nocivum
1741 3654 1842 3719 reliqui.
1922 3651 1949 3720 d)
1968 3671 2016 3706 om.
2035 3651 2067 3715 1,’

437 3735 487 3786 ista
505 3743 596 3788 sancta
613 3735 638 3788 3.
726 3736 866 3806 e)om.1,·
888 3741 1004 3808 mppteci
1020 3740 1158 3792 seeundum
1178 3740 1274 3792 Karob'
1291 3743 1463 3794 iuramentum
1484 3741 1521 3793 ed
1540 3741 1699 3793 Occidam
1710 3741 1822 3807 saelum.
1909 3738 1936 3805 t)
1954 3751 2002 3791 ee:
2026 3755 2066 3790 me

436 3820 508 3872 Deua
526 3822 632 3873 adiuvat
650 3831 675 3874 et
693 3823 743 3876 ista
760 3830 908 3877 sanctornm
926 3827 1078 3893 patrocinia.
2085 3835 2111 3875 ³⁰

539 4006 568 4074 2)
588 4005 692 4060 Ibidem
710 4008 767 4076 11¹,
782 4026 812 4079 p.
825 4011 891 4078 251,·
911 4010 988 4079 111¹,
1002 4027 1033 4079 p.
1045 4011 1087 4066 20.
1192 4011 1219 4081 3)
1240 4011 1376 4067 Gonoemit
1393 4012 1430 4066 od
1447 4013 1553 4067 certum
1571 4029 1633 4068 eum
1653 4011 1805 4066 iuramento
1822 4011 1922 4066 Karoli
1942 4010 2010 4078 repis
2028 4009 2067 4063 ad

438 4107 604 4163 ommacio
615 4127 642 4164 c.
651 4111 710 4165 858.
720 4113 849 4181 praedito
859 4119 884 4168 et
895 4114 975 4181 iiifro
988 4113 1064 4169 edito.
1151 4114 1179 4185 4)
1198 4113 1255 4182 Ost.
1270 4115 1349 4170 Ocno
1361 4115 1456 4170 Leodii
1472 4115 1532 4171 luch.
1544 4117 1604 4185 854,
1622 4117 1708 4184 iuprc
1716 4133 1747 4184 p.
1758 4116 1800 4184 77,
1819 4115 1853 4170 H
1854 4113 1961 4169 ouon
1975 4131 1996 4169 c.
2006 4113 2031 4167 3.

1042 4357 1451 4366 m.-

435 4601 530 4706 221.
582 4598 904 4711 KAROLI
944 4601 1019 4711 H.
1062 4603 1589 4716 CAPITULARE
1634 4605 2061 4717 PAPIENSE.

1132 4784 1230 4868 876.
1257 4792 1366 4867 Febr.

542 4952 765 5035 Coniunutum
787 4993 859 5037 eum
880 4972 1026 5039 electione
1046 4973 1242 5039 antecedenti
1263 4973 1419 5038 traditum
1441 4979 1504 5038 ast:
1535 4973 1567 5058 t)
1590 4995 1611 5038 a
1632 4973 1815 5039 Muratorio
1831 4974 1851 5038 l.
1867 4995 1892 5038 c.
1938 4975 1973 5059 2)
1996 4975 2061 5040 cod.
2081 5001 2106 5042 av

441 5069 653 5138 Vindicem
679 5072 733 5154 fol.
754 5079 823 5140 117.
882 5076 917 5163 3)
945 5099 967 5141 a
992 5078 1159 5144 Sirnwndo
1187 5076 1207 5142 l.
1229 5098 1255 5143 c.
1312 5078 1346 5164 4)
1375 5099 1397 5142 α
1424 5077 1564 5145 Rabirio
1590 5077 1610 5143 l.
1632 5099 1658 5146 c.
1715 5080 1749 5163 5)
1781 5079 1847 5145 cod.
1872 5078 1971 5144 Vatia.
2000 5100 2063 5161 rep.

437 5171 557 5239 Christ.
580 5178 638 5239 291
664 5175 719 5257 fol.
738 5180 798 5242 123
807 5188 831 5242 “.
877 5179 912 5264 6)
935 5180 1000 5245 cod.
1024 5179 1124 5245 Vatia.
1145 5182 1228 5245 4982
1251 5179 1304 5261 [οἱ.
1327 5180 1393 5262 sere
1411 5182 1481 5248 148.
1526 5181 1568 5246 In
1592 5185 1620 5247 l.
1648 5185 1677 5245 et
1705 5184 1734 5245 5.
1762 5187 1907 5263 encauto
1939 5187 2064 5247 tantum

433 5276 645 5357 capitationem
674 5285 799 5345 sauata
828 5287 922 5360 sum
954 5283 1021 5348 cod.
1043 5285 1072 5346 2.
1099 5283 1166 5347 ecit
1191 5283 1229 5347 in
1254 5283 1393 5348 audium
1422 5288 1519 5365 caput
1536 5286 1591 5362 13;
1625 5287 1653 5351 3.
1678 5285 1794 5350 omittit
1819 5286 2064 5368 manationes

429 5399 605 5460 macetum.

543 5484 678 5565 Tempus
700 5484 799 5550 buius
827 5487 1017 5569 capituhiris
1038 5509 1077 5553 aa
1104 5488 1172 5570 ipso
1193 5492 1345 5570 apparet·
1377 5490 1528 5554 ostentm
1551 5490 1770 5570 caetitatem,
1798 5495 1836 5555 ut
1857 5489 2063 5574 colinariam
2080 5519 2107 5558 so

432 5593 478 5651 est
506 5609 545 5652 eu
573 5588 683 5652 ordine
713 5591 824 5671 modi
847 5590 1099 5674 Ponrqomss,
1138 5593 1174 5657 in
1202 5612 1267 5674 quo
1294 5597 1368 5656 acta
1391 5591 1567 5674 Popiouio
1585 5593 1782 5674 confimari
1809 5599 1900 5671 sunt,
1932 5613 1998 5658 non
2025 5599 2062 5658 ut
2168 5643 2170 5648 ,

431 5690 620 5772 capitulatio
641 5692 809 5773 ducaturus
828 5693 974 5761 Widonis
995 5700 1070 5760 ante
1091 5694 1276 5774 elect-ionem,
1298 5696 1354 5760 sed
1368 5695 1491 5761 Karou
1514 5693 1605 5760 electo
1625 5701 1655 5759 et
1672 5695 1735 5776 fide
1754 5716 1793 5760 ee
1813 5701 1949 5777 utraque
1965 5702 2062 5777 porte
