4590 6420
343 618 403 674 845.

525 615 577 676 62.
613 611 667 691 Ut,
691 613 745 698 qui
763 634 864 678 nonas
881 620 915 677 et
928 612 1072 676 decimas
1089 610 1278 698 persolvere

653 723 711 780 aut
738 725 825 781 sarta
855 723 943 781 tecta
966 721 1149 781 restaurare
1174 715 1277 800 negli-

654 825 745 904 gunt,
769 820 1102 884 excommunicentur.

523 927 574 988 63.
611 921 657 987 Ut
687 922 727 988 de
755 944 867 987 manso
899 923 1059 987 ecclesiae
1090 924 1205 988 aliisve
1229 923 1278 986 in·

654 1027 784 1092 debitus
808 1048 925 1092 census
949 1049 968 1092 a
991 1027 1193 1112 presbyteris
1217 1049 1280 1092 non

653 1132 813 1216 exigatur.

524 1241 575 1300 bl.
611 1235 663 1302 De
682 1233 865 1321 raptoribus
878 1234 1038 1319 virginum
1052 1242 1085 1301 et
1099 1235 1279 1314 viduarum,

653 1340 706 1424 qui
726 1360 782 1404 eas
800 1360 959 1404 consensu
976 1346 1146 1426 parentum
1164 1344 1280 1426 postea

654 1443 827 1507 duxerunt.

523 1550 573 1612 65.
609 1548 659 1612 De
698 1547 883 1633 raptoribus
913 1548 1073 1633 virginum
1108 1555 1141 1611 et
1168 1545 1278 1610 viduo·

655 1673 737 1730 rum,
770 1652 824 1736 qui
854 1650 997 1714 noudum
1020 1672 1076 1714 ees
1101 1673 1142 1715 ox
1165 1650 1277 1713 volun-

655 1762 722 1820 tate
747 1762 917 1840 parentum
930 1753 1117 1838 duxerunt.

523 1967 573 2026 oo.
610 1962 665 2040 Ut,
689 1963 743 2048 qui
759 1962 912 2049 deinceps
930 1963 1071 2048 virgines
1089 1963 1140 2026 vel
1164 1961 1279 2025 viduas

653 2089 769 2152 rapere
809 2067 1104 2154 praesumpserint,
1148 2086 1278 2129 cxoonr·

653 2172 866 2235 munioentur.

524 2279 576 2338 iil.
612 2275 663 2339 De
691 2274 744 2354 iis,
777 2274 832 2359 qui
856 2274 1121 2338 sanctimoniales
1151 2274 1281 2359 rapiunt

546 2425 548 2430 ,
639 2385 688 2458 ¹ot
712 2379 744 2440 in
768 2377 952 2462 coniugium
977 2385 1117 2442 sumunt.

523 2487 574 2546 bis.
610 2481 660 2547 De
685 2481 736 2562 iis,
761 2481 814 2566 qui
838 2482 960 2545 alienas
983 2504 1121 2569 sponsas
1140 2483 1279 2568 rapiunt.

523 2695 574 2757 rte.
609 2689 658 2754 Do
676 2711 726 2766 eo,
747 2689 800 2774 qui
818 2690 947 2754 vivente
969 2689 1086 2754 marito
1110 2691 1280 2776 coniugem

654 2794 741 2857 illius
774 2793 971 2858 adulteravit
1001 2802 1034 2858 et
1066 2794 1121 2858 illo
1152 2801 1279 2858 mortuo

653 2897 802 2983 sumpsit.

524 3006 573 3066 70.
609 3002 659 3066 De
684 3001 733 3078 iis,
757 3022 840 3085 quac
858 3001 918 3064 sub
936 3001 1095 3066 velamine
1113 3001 1279 3085 religionis

653 3106 744 3191 quasi
783 3105 1046 3170 sanctimoniales
1085 3103 1208 3190 degunt
1245 3115 1278 3170 et

653 3208 875 3294 voluptatibus
898 3208 1056 3273 inservire
1080 3207 1241 3273 dicuntur.

524 3317 574 3378 71.
609 3312 654 3377 Ut
689 3314 916 3379 auctoritatem
948 3313 1073 3398 regiam
1106 3335 1206 3397 penos
1244 3339 1278 3379 so

653 3417 796 3482 habeant
832 3418 988 3504 episcopi,
1021 3439 1085 3502 qua
1117 3419 1279 3482 ministros

653 3523 876 3608 reipublicae,
902 3522 928 3585 ai
953 3542 1064 3585 eorum
1082 3520 1280 3606 indiguerint

655 3623 826 3697 adiutorio.
850 3625 1052 3688 conveniant.

524 3731 574 3791 72.
610 3727 660 3792 De
685 3728 859 3814 sepulturis
882 3729 965 3792 infra
982 3729 1164 3805 ecclesiam,
1189 3737 1222 3794 ct
1238 3729 1278 3794 de

654 3833 813 3919 sepulcris
838 3853 900 3896 non
923 3833 1080 3899 violandis
1105 3835 1155 3899 rol
1179 3855 1278 3920 pecu-

654 3937 706 4000 nia
729 3957 787 4022 pro
810 3937 977 4023 sepultura
1001 3959 1062 4001 non
1087 3937 1256 4023 exigenda.

521 4043 594 4102 73.¹¹¹
609 4039 652 4103 Ut
684 4062 761 4125 erga
792 4039 930 4112 Iudaeos
965 4042 1097 4126 antiqua
1119 4064 1276 4107 canonum

638 4151 686 4208 ¹et
710 4146 819 4230 legum
842 4145 913 4209 iura
937 4151 1117 4210 serventur.

524 4259 573 4319 ll.

523 4581 571 4640 75.

523 4797 571 4857 lli.

522 4910 571 4972 77.
608 4905 652 4969 Ut
674 4913 825 4993 potentes
849 4907 909 4970 viri
940 4930 978 4971 ac
1002 4909 1143 4973 feminae
1168 4911 1273 4993 provi-

651 5011 759 5091 deant,
784 5032 824 5074 ne
848 5012 880 5075 in
897 5012 964 5076 suis
980 5011 1129 5077 domibus
1146 5012 1277 5096 vigeant

651 5115 810 5180 adulteria
833 5121 866 5180 et
889 5115 1050 5179 libidines.

521 5231 571 5293 78.
605 5227 650 5292 Ut
680 5228 827 5313 capellae
850 5228 998 5292 villarum
1027 5230 1190 5314 regiarum
1213 5250 1275 5293 non

651 5332 893 5396 committantur
916 5333 1018 5414 laicis,
1042 5333 1099 5398 sed
1124 5335 1275 5398 ecclesia-

651 5436 754 5507 sticis;
779 5443 812 5500 et
835 5435 875 5499 de
899 5435 1071 5500 dominicis
1094 5437 1240 5504 decimis.

521 5651 557 5714 ur]
578 5653 633 5719 Csr.
645 5669 727 5716 supra
734 5653 851 5719 praesul.
862 5669 892 5717 p.
902 5651 961 5717 389,
981 5653 1026 5704 lia.
1036 5650 1077 5706 45.
1148 5655 1176 5716 u)
1185 5671 1237 5720 pro
1249 5655 1376 5706 omnibus.

417 5737 443 5805 q)
457 5755 510 5804 pro
528 5740 596 5790 uix.

422 443 482 502 394
532 436 794 490 AllDl'l'AlllllN'l'A
816 437 863 490 All
882 435 997 490 cAPrr.
1017 435 1097 490 REG.
1117 435 1299 488 l'erNclnr:
1318 433 1508 488 ocullrurl'l'.
1527 433 1675 502 (arnoul
1691 434 1736 503 ll).
1758 463 1791 473 -
1811 434 1859 487 Nr.
1872 436 1932 489 293.

1376 610 1517 689 Dahis,
1547 610 1602 695 qui
1635 631 1676 673 ex
1705 608 1802 672 rebus
1832 610 2045 674 eclesiasticis

1420 737 1522 780 nonas
1546 721 1579 780 et
1601 712 1746 778 decimas
1764 735 1828 777 non
1844 714 2044 799 persolvunt.

1375 923 1459 988 Item
1483 922 1524 988 de
1549 943 1646 988 censu
1671 921 1886 988 aeclesiastici
1910 921 1989 1004 agri.

2077 1035 2091 1074 s

1375 1233 1426 1298 Do
1460 1233 1642 1320 raptoribus
1670 1233 1831 1318 virginum
1853 1234 1903 1298 vol
1930 1233 2044 1298 vidua·

1419 1356 1499 1400 rum.

1375 1545 1424 1609 De
1451 1545 1519 1620 his.
1545 1545 1600 1630 qui
1623 1544 1759 1609 necdum
1788 1567 1857 1624 cas,
1884 1568 1963 1630 quas
1992 1569 2042 1610 ra·
2065 1575 2090 1614 ro

1419 1655 1572 1734 puerant,
1594 1670 1665 1712 oum
1684 1650 1851 1714 voluntate
1873 1656 2043 1736 parentum

1419 1752 1479 1817 sub
1497 1752 1638 1816 dotalicii
1654 1753 1785 1816 nomine
1810 1753 1840 1816 in
1858 1754 2043 1839 coniugium

1418 1857 1546 1922 iunctas
1569 1857 1701 1921 habent.

1376 1962 1458 2028 Item
1486 1961 1526 2026 de
1557 1962 1622 2041 his,
1656 1962 1710 2045 qui
1742 1960 1896 2046 deinceps
1929 1983 2043 2047 rapere

1420 2067 1564 2151 virgines
1581 2067 1632 2130 vel
1646 2065 1759 2130 viduas
1775 2067 2043 2152 presumpserint.
2066 2091 2089 2129 a

1377 2275 1428 2340 De
1454 2275 1513 2354 liis,
1538 2275 1592 2359 qui
1609 2273 1882 2338 sanctemoniales
1901 2274 2043 2358 virgines

1336 2387 1337 2390 ’
1421 2379 1471 2442 vel
1496 2378 1609 2442 viduas
1634 2378 1772 2465 rapiunt.

1378 2482 1427 2546 llo
1451 2482 1513 2560 his,
1537 2482 1592 2567 qui
1615 2503 1752 2566 sponsas
1776 2481 1900 2545 alienas
1916 2482 2044 2567 rapiunt

1420 2586 1470 2649 vel
1495 2606 1656 2650 consensu
1673 2593 1844 2671 parentum
1868 2585 2042 2670 accipiunt.
2063 2611 2090 2648 ao

1377 2688 1426 2754 lle
1451 2710 1500 2768 cc,
1524 2691 1578 2775 qui
1595 2690 1724 2754 vivente
1741 2689 1855 2752 rnarito
1871 2691 2043 2774 coniugem

1420 2794 1505 2858 illius
1539 2793 1742 2858 adulterasse
1767 2799 1800 2856 et
1827 2815 1866 2857 oo
1889 2792 2043 2858 defuneto

1419 2919 1490 2962 eam
1514 2897 1691 2982 sumpsisse
1714 2896 1900 2960 dinoscitur.

1376 3001 1425 3066 llo
1450 3001 1540 3066 l'alsis
1565 3000 1874 3066 sanctimonialibus.

2063 3137 2088 3176 lb

1376 3314 1420 3377 Ut
1448 3314 1623 3378 arroteritae
1648 3313 1754 3398 sigillo
1779 3313 1868 3398 regio
1893 3313 2044 3376 roborata

1418 3417 1554 3502 singulis
1579 3416 1718 3481 donetur
1741 3418 1915 3504 episeopis.

2063 3662 2088 3700 3⁰

1376 3729 1425 3792 Ilo
1454 3727 1588 3792 mortuis
1622 3729 1653 3792 in
1684 3729 1826 3792 aeclesia
1856 3749 1919 3791 non
1949 3749 2042 3814 sepe-

1419 3830 1546 3896 liendis.

1376 4040 1419 4104 Ut
1449 4062 1529 4125 erga
1551 4040 1671 4107 Iudeos
1695 4041 1736 4104 ab
1764 4040 1944 4104 ominibns¹¹
1973 4040 2044 4104 iura

1418 4152 1598 4211 serventur.
2062 4181 2087 4221 ³2,

1375 4257 1445 4320 Ex⁰
1462 4258 1598 4322 consilio
1612 4257 1761 4322 Tolitono
1779 4259 1885 4342 capite
1897 4255 2041 4321 Lvrur.

1417 4360 1469 4425 Dc
1493 4362 1558 4442 his,
1582 4364 1637 4447 qui
1665 4368 1778 4426 eontra
1800 4362 1898 4426 fidem
1923 4359 2043 4423 Christi

1418 4463 1525 4529 ludeis
1539 4487 1655 4530 munus
1666 4466 1715 4530 vel
1730 4466 1873 4530 favorem
1886 4469 2042 4550 prestant.

1374 4579 1473 4643 itemu
1500 4581 1533 4643 in
1563 4578 1678 4645 eodem
1703 4578 1840 4643 concilio
1865 4599 1934 4662 cap.
1951 4575 2042 4639 Lxr.

1418 4682 1468 4748 De
1492 4683 1566 4748 filiis
1589 4682 1774 4748 iudeorum.
2060 4705 2087 4744 ro

1372 4796 1442 4860 De⁰
1469 4795 1703 4860 mercatoribus
1727 4795 1823 4859 huius
1847 4794 1948 4878 regni.

1373 4909 1422 4972 Ile
1446 4908 1615 4972 adulteriis
1646 4915 1678 4972 ot
1708 4907 1845 4971 luxuriis
1869 4927 1933 4969 non
1962 4905 2040 4968 laei-

1417 5010 1520 5077 endis.

1373 5229 1423 5292 De
1448 5229 1512 5307 his,
1543 5231 1596 5316 qui
1629 5231 1747 5295 ceteris
1777 5228 1979 5315 praecellunt
2010 5234 2084 5292 cte

1417 5333 1687 5419 negglegentius‚
1732 5355 1815 5419 quae
1853 5333 1917 5398 Dei
1954 5339 2040 5412 sunt,

1415 5439 1534 5522 exequi
1558 5438 1718 5504 ridentur.

1447 5655 1474 5718 o)
1488 5655 1543 5722 Ofr.
1557 5656 1630 5720 infra
1643 5675 1664 5707 c.
1675 5652 1788 5708 74—76.
1860 5656 1887 5723 p)
1896 5674 1948 5722 pro
1962 5657 2040 5706 [ΝΗ.
