4560 6426
391 449 639 504 CAPITULARIA
659 449 785 504 REGUM
807 449 827 503 F
829 448 990 504 nnuman
1009 447 1273 504 ocolnnnrnnls
1292 449 1441 518 (ninom
1455 450 1501 518 ΙΙ).
1520 481 1553 490 -
1571 451 1619 505 Νι.
1632 451 1691 506 272.
1789 455 1851 518 309

231 645 331 690 asne
355 625 510 707 obsequio
534 624 655 688 reicere
686 630 720 688 et
743 629 778 688 ut
800 622 863 689 Dei
887 624 1034 690 inimicos
1066 626 1233 710 persequi,
1267 631 1343 689 tuno
1374 632 1430 689 aut
1453 647 1516 689 nou
1541 625 1851 707 excommunicetur,
1869 636 1929 690 862.

231 733 288 792 aut
315 728 356 792 ab
379 728 714 794 excommunicatione
739 727 893 792 solvatur.
944 727 987 791 Et
1015 729 1094 792 item
1117 727 1150 791 in
1172 728 1322 814 capitulis
1342 729 1573 813 imperatorum
1604 729 1759 815 scriptum
1787 738 1851 792 est:

231 824 424 897 ιΟοιιιίιοι49
448 853 523 896 vero
540 831 714 896 ministrisb
738 833 900 896 ecelesiae
924 832 956 896 iu
975 852 1087 896 eorum
1103 833 1303 911 ministeriis,
1326 837 1362 895 ut
1385 831 1445 896 hoe
1461 832 1590 917 plenius
1614 838 1646 896 et
1669 831 1709 898 de
1734 833 1852 896 nostris

231 945 264 1000 et
287 936 327 1000 de
352 957 387 1001 se
411 936 507 1002 etde
531 937 599 1000 suis
622 934 806 1000 homiuibus
830 935 977 1000 obtinere
1001 935 1138 1020 possint,
1163 934 1329 999 adiutores
1352 935 1384 998 in
1408 935 1556 998 omnibus
1579 935 1667 1001 liant.
1712 935 1756 1000 Et
1779 935 1850 1021 qui-

199 1063 211 1099 ι
230 1061 357 1125 cunque
380 1042 484 1125 prima
508 1049 541 1106 et
565 1039 803 1104 secundarios
827 1038 867 1103 de
891 1039 943 1102 his
967 1061 986 1103 a
1010 1039 1129 1104 comite
1146 1039 1329 1103 admonitus
1344 1058 1408 1102 uou
1431 1057 1465 1102 se
1480 1039 1669 1122 eorrexerit,
1693 1040 1852 1118 volumus,

230 1151 266 1209 ut
288 1166 347 1230 per
369 1143 509 1209 eundem
534 1144 685 1209 comitem
710 1143 779 1207 eius
802 1143 1031 1228 neglegentia⁰
1054 1143 1095 1207 ad
1119 1151 1265 1207 nostram
1281 1143 1429 1207 notitiam
1453 1143 1645 1229 perferatur,
1669 1151 1705 1207 ut
1719 1142 1852 1207 nostrad

230 1249 437 1328 auctoritate,
470 1247 555 1334 quod
584 1249 616 1311 in
644 1254 756 1312 nostro
786 1247 957 1333 capitulari
989 1249 1187 1326 continetur,
1223 1246 1333 1311 subire
1361 1243 1515 1331 cogatur.'
1560 1246 1605 1312 Et
1634 1248 1726 1312 item:
1755 1239 1853 1311 ‘Des’0

229 1373 309 1438 pace
333 1353 366 1416 in
389 1352 556 1416 exercitali
580 1352 696 1416 itinere
720 1350 881 1416 servanda
904 1371 1007 1436 usque
1031 1350 1071 1415 ad
1096 1351 1264 1415 maroham
1285 1351 1347 1414 hoc
1369 1349 1517 1414 omuibus
1539 1357 1649 1415 notum
1672 1350 1742 1415 lieri
1758 1351 1852 1414 volu-

229 1478 311 1536 mus,
335 1456 421 1541 quod
445 1457 629 1542 quicunque
654 1463 821 1520 auctorem
844 1455 954 1518 damni
978 1447 1080 1520 sibi⁵1
1105 1455 1197 1519 inlati
1220 1453 1410 1518 nominatim
1434 1455 1613 1539 cognoscit,
1636 1460 1672 1517 ut
1694 1453 1850 1518 iustitiam

189 1577 213 1616 ¹⁰
232 1560 271 1625 de
295 1560 349 1624 illo
373 1566 510 1646 quaerat
534 1566 566 1623 et
588 1558 748 1645 accipiat’
794 1558 836 1622 ut
859 1560 955 1624 item:
979 1549 1059 1622 ‘ili52
1083 1560 1154 1645 quis
1178 1559 1210 1622 in
1234 1558 1381 1623 exercitu
1404 1549 1492 1621 vel53
1513 1557 1598 1623 infra
1620 1579 1756 1643 regnum
1780 1559 1850 1622 sine

229 1665 371 1728 iussione
395 1664 558 1728 dominica
580 1685 639 1747 per
662 1663 727 1726 vim
751 1663 901 1727 hostilem
933 1662 1055 1748 aliquid
1082 1661 1231 1747 praedari
1254 1661 1391 1740 voluerit
1421 1668 1477 1724 aut
1499 1661 1631 1726 foenum
1656 1661 1769 1727 tollere
1795 1668 1852 1726 aut

230 1788 366 1854 granum
391 1768 459 1833 sive
484 1787 601 1854 pecora
624 1767 747 1830 maiora
771 1767 824 1830 vel
852 1767 977 1830 minora
999 1766 1177 1853 domosque
1200 1766 1378 1852 infringere
1403 1767 1455 1831 vel
1484 1765 1677 1844 incendere,
1706 1767 1787 1832 haee
1809 1787 1851 1830 ne

230 1872 318 1948 fiant,
343 1872 473 1936 omnino
497 1870 717 1957 prohibemus.
764 1869 887 1944 Quodsi
911 1869 951 1934 ab
975 1870 1082 1954 aliquo
1105 1871 1365 1956 praesumptiose
1388 1870 1510 1934 facturn
1531 1869 1646 1950 fuerit,
1677 1871 1852 1954 sexaginta

231 1975 358 2056 solidis,
393 1976 420 2039 si
443 1974 528 2039 liber
552 1981 617 2054 est,
652 1974 694 2038 sit
723 1975 909 2060 culpabilis,
946 1981 978 2039 et
1006 1975 1114 2038 omnia
1145 1975 1263 2040 similia
1288 1976 1456 2052 restituat,
1491 1982 1547 2039 aut
1576 1996 1648 2039 curn
1681 1974 1851 2040 duodecim

188 2079 371 2145 utentibus
395 2100 430 2143 se
452 2086 582 2165 purget.
629 2077 662 2142 si
685 2099 763 2144 vero
781 2100 896 2143 servus
920 2078 981 2142 hoc
1001 2069 1144 2158 lueritll,
1168 2080 1332 2144 sententia
1347 2079 1480 2164 capitali
1497 2077 1675 2158 subiaceat,
1699 2085 1732 2144 et
1747 2077 1851 2143 domi-

230 2204 290 2248 nus
315 2184 424 2247 omnia
449 2183 568 2246 similia
592 2181 760 2256 restituat,
790 2183 867 2266 quia
890 2203 1019 2246 servum
1044 2205 1137 2247 suum
1161 2203 1226 2247 nou
1250 2182 1393 2246 correxit
1418 2201 1478 2246 nec
1502 2181 1691 2258 custodivit,
1716 2187 1752 2246 ut
1774 2182 1851 2246 talia

230 2309 295 2352 non
324 2291 544 2373 perpetraret;
578 2286 729 2372 quoniam
759 2286 786 2349 si
814 2306 873 2348 nos
909 2286 998 2372 ipsos
1028 2286 1240 2366 comedimus,
1272 2286 1333 2350 cito
1367 2285 1566 2350 deficiemus.
1619 2285 1851 2372 Unusquisque

229 2397 339 2456 tamen
368 2389 530 2454 custodiat
558 2390 739 2454 exercitum
768 2409 878 2467 suum,
908 2411 948 2453 ne
978 2389 1087 2474 aliqua
1108 2389 1318 2476 depraedatio
1347 2389 1430 2454 iufra
1459 2411 1595 2474 regnum
1626 2387 1703 2454 fiat’
1755 2388 1849 2453 Simi-

228 2487 337 2560 literi'i'
361 2501 394 2560 et
417 2494 585 2575 collectas,
614 2515 695 2579 quas
718 2492 919 2558 Theodisca⁰
942 2492 1054 2578 lingua
1077 2493 1251 2581 herizuphs
1272 2494 1467 2579 appellant⁸‚
1496 2499 1529 2557 et
1560 2493 1768 2559 infractiones
1791 2496 1849 2558 im-

186 2599 425 2662 inmunitatum
454 2606 486 2663 et
515 2597 667 2662 incendia
696 2603 728 2662 et
758 2598 948 2662 assalituras
982 2599 1015 2661 iu
1052 2597 1165 2662 domos
1202 2605 1235 2662 et
1267 2598 1503 2668 coniurationes
1533 2604 1566 2661 et
1595 2599 1851 2684 conspirationes

230 2709 264 2767 et
293 2702 470 2767 seditiones
501 2709 533 2766 et
564 2709 676 2787 raptus
707 2701 918 2780 feminarum,
954 2701 1039 2764 siout
1074 2708 1107 2765 et
1136 2701 1263 2766 divinae
1297 2708 1330 2764 et
1362 2700 1524 2765 humanae
1560 2700 1650 2786 leges
1678 2702 1853 2787 prohibent

229 2811 262 2869 et
284 2805 555 2891 praedecessores
579 2805 680 2869 nostri
704 2826 800 2890 reges
830 2804 1084 2890 prohibuerunt,
1114 2805 1248 2870 firmiter
1278 2826 1321 2869 ex
1349 2805 1456 2880 banno
1486 2812 1597 2869 nostro
1625 2813 1659 2870 et
1688 2827 1746 2870 nos
1775 2829 1850 2894 pro-

229 2911 390 2975 hibernus.

337 3013 404 3079 Nos
429 3034 556 3099 quoque
572 3011 717 3098 episcopi
734 3013 928 3076 auctoritato
945 3011 1008 3076 Dei
1033 3018 1065 3075 et
1082 3033 1248 3076 sacrorum
1264 3033 1435 3090 canonum,
1460 3013 1543 3078 siout
1559 3015 1664 3078 sancti
1680 3015 1851 3100 pontifices

186 3143 210 3181 a,
229 3117 389 3183 DOXXX
405 3120 439 3182 iu
455 3114 716 3181 Chalcedonensi
733 3107 912 3179 conolioii
935 3116 1211 3202 conspirationem
1229 3113 1305 3179 'fieri
1322 3116 1555 3203 prohibuerunt
1579 3126 1612 3182 et
1635 3119 1718 3183 sicut
1741 3127 1852 3185 cetera

229 3223 366 3286 coucilia
390 3222 616 3307 episcoporum
640 3219 824 3283 huiusmodi
847 3219 1030 3304 perniciosa
1053 3219 1140 3282 facta
1164 3226 1353 3300 vetuerunt,
1367 3203 1370 3210 ‚
1384 3225 1418 3284 ot
1440 3241 1500 3284 noa
1523 3221 1745 3306 prohibemus;
1777 3227 1853 3310 quia

227 3326 387 3390 facientes
412 3324 469 3388 illa
491 3346 550 3409 per
574 3345 685 3388 eornm
710 3322 877 3403 iudicium,
901 3323 956 3408 qui
980 3344 1053 3387 oum
1076 3322 1232 3387 Daciam
1257 3323 1404 3388 incaelo
1428 3330 1575 3409 regnant,
1599 3325 1651 3390 eth
1674 3348 1694 3391 a
1717 3329 1852 3393 coelesti

229 3430 371 3494 ecclesia
394 3435 427 3493 et
450 3451 470 3494 a
491 3428 741 3491 christianorum
758 3426 913 3490 societate
930 3427 1071 3512 separati
1096 3431 1181 3507 sunt,
1205 3427 1265 3490 nisi
1281 3447 1340 3512 par
1356 3425 1471 3512 dignos
1488 3430 1710 3513 poeniteutiae
1727 3430 1852 3496 fructus

228 3534 268 3598 ad
293 3535 352 3598 hoo
376 3533 527 3615 redeant,
557 3541 593 3597 ut
616 3539 747 3596 sauctae
776 3532 937 3596 ecclesiae
967 3533 1094 3616 possint
1116 3531 1299 3596 readunari.
1352 3531 1509 3597 Similiter
1535 3534 1675 3598 ethaeo
1699 3535 1852 3621 capitula,

185 3663 211 3700 ao
229 3659 313 3723 quae
347 3637 400 3700 hio
432 3643 589 3701 annotata
620 3642 708 3713 sunt,
738 3637 785 3699 ita
815 3656 873 3720 per
902 3635 984 3698 haec
1016 3641 1050 3699 et
1079 3635 1135 3698 illa
1166 3636 1287 3714 omnia,
1322 3655 1404 3720 quae
1435 3637 1467 3699 in
1502 3638 1733 3724 suprascriptis
1760 3640 1852 3720 locis,

229 3742 356 3806 scilicet
376 3742 409 3804 in
433 3739 596 3805 Garisiace
620 3749 653 3806 ct
676 3740 762 3827 apud
779 3739 1008 3817 Valentianas,
1033 3739 1171 3804 collecta
1195 3746 1227 3804 et
1244 3740 1422 3803 constituta
1446 3747 1534 3820 sunt,
1565 3741 1732 3806 observari
1756 3765 1848 3829 prae·

229 3847 366 3933 cipimus
391 3851 425 3908 et
447 3864 561 3908 omnes
585 3843 799 3908 communiter
822 3842 1064 3907 confirmamus:

336 3939 416 4011 ‘ili57
447 3956 555 4012 autem
583 3947 700 4032 aliquis
733 3946 949 4032 quiscunquei
981 3945 1171 4010 inobediens
1201 3947 1363 4025 extiterit,
1389 3969 1461 4012 cnm
1494 3969 1619 4012 summa
1642 3949 1852 4016 festinatione

230 4053 390 4138 episcopi,
422 4052 559 4115 comites
589 4058 621 4114 et
648 4052 740 4115 missi
769 4050 887 4115 uobislt
918 4057 1029 4115 notum
1057 4051 1165 4114 facero
1190 4060 1324 4130 curent,
1357 4061 1393 4116 ut
1422 4053 1612 4138 quantocius
1641 4053 1681 4117 ad
1706 4064 1850 4120 nostram

186 4181 210 4218 ss
230 4157 449 4244 preasentiam
473 4147 564 4220 illurn
589 4157 699 4220 venire
723 4155 896 4220 iubeamus
927 4141 966 4221 et
987 4155 1116 4240 dignam
1145 4157 1303 4220 ultionem
1329 4157 1507 4220 secundum
1532 4156 1684 4221 iudicium
1709 4158 1851 4224 fidelium

229 4267 414 4325 nostrorum
439 4260 607 4324 sustineat.
652 4251 732 4323 llt⁵8
757 4260 795 4339 si,
818 4245 902 4344 quod
926 4260 1020 4338 absit,
1045 4261 1118 4324 talis
1142 4261 1323 4341 emerserit,
1347 4262 1401 4347 qui
1424 4260 1488 4325 Dei
1511 4262 1660 4326 timorem
1676 4271 1853 4350 postponat

228 4373 261 4428 et
284 4365 540 4429 ecclesiasticam
564 4366 788 4429 auctoritatem
814 4371 1000 4429 contemnat
1023 4373 1056 4430 et
1079 4366 1200 4450 regiam
1229 4373 1427 4450 potestatem
1451 4365 1607 4450 refugiat,
1638 4367 1734 4448 sciat,
1762 4368 1851 4453 quis-

228 4469 367 4554 cunque¹
391 4470 446 4533 ille
471 4469 578 4548 fuerit,
603 4470 679 4554 quia
703 4477 736 4534 et
760 4469 937 4534 secuudum
962 4471 1151 4534 canonicam
1175 4472 1403 4535 auctoritatem
1427 4470 1467 4534 ab
1492 4472 1634 4534 omniurn
1658 4472 1850 4536 christiano-

230 4593 299 4636 rum
324 4578 420 4636 coetu
443 4580 475 4635 et
498 4593 517 4636 a
541 4579 673 4636 sanctae
698 4575 858 4638 eeclesiae
888 4575 1052 4639 consortio
1084 4582 1117 4639 et
1145 4575 1177 4638 in
1205 4574 1297 4638 oeelo
1322 4580 1354 4638 et
1377 4575 1410 4637 in
1433 4580 1520 4637 terra
1543 4574 1669 4638 alienus
1693 4575 1852 4640 alliciatur

185 4699 210 4736 ιι
229 4683 262 4740 et
285 4675 385 4760 regali
417 4683 580 4761 potestate
611 4684 708 4761 atque
734 4678 877 4741 emnium
901 4678 992 4761 regni
1022 4676 1164 4740 fidelium
1195 4677 1408 4742 unanimitate
1441 4679 1525 4741 sicut
1547 4677 1610 4741 Dei
1635 4686 1667 4742 et
1691 4680 1851 4744 ecclcsiae

229 4780 378 4843 inimicus
402 4781 576 4865 etregni¹1¹
600 4780 809 4845 devastator¹¹
833 4788 1062 4866 persequetur,
1085 4802 1188 4865 nsque
1211 4781 1287 4845 dum
1310 4802 1330 4844 a
1355 4802 1454 4864 regno
1480 4783 1725 4846 exterminetur.
1772 4775 1852 4846 Eti9

230 4885 255 4946 si
279 4883 396 4968 aliquis
421 4904 529 4948 onmes
552 4884 667 4964 fuerit,
696 4885 751 4970 qui
780 4885 841 4948 heo
865 4885 897 4948 iu
922 4906 980 4948 suo
1004 4886 1159 4949 comitatu
1181 4885 1298 4950 fecerit
1320 4893 1377 4948 aut
1399 4885 1445 4948 ibi
1469 4886 1547 4950 talia
1571 4887 1753 4951 increscere
1777 4909 1849 4974 per-

331 5075 360 5139 b)
379 5076 487 5126 ministri
506 5073 531 5126 6.
613 5075 638 5139 o)
657 5082 684 5126 et
701 5075 763 5127 add.
776 5075 802 5128 6.
881 5077 908 5142 d)
928 5076 1013 5130 οηι.6.
1092 5077 1117 5140 e)
1136 5078 1261 5129 theotisca
1273 5075 1298 5130 2.
1311 5075 1377 5140 3.5;
1397 5077 1503 5128 teotisca
1516 5075 1541 5126 4.
1621 5079 1646 5142 f)
1665 5078 1850 5144 herinupl.ti;

228 5162 346 5229 lieriszup
364 5160 394 5223 4;
412 5162 517 5213 herisub
535 5159 560 5214 2.
652 5161 680 5228 g)
699 5162 811 5228 appellat
828 5161 853 5214 a.
945 5163 972 5224 h)
991 5180 1040 5214 cnr.
1058 5161 1082 5212 5.
1176 5163 1196 5229 i)
1214 5166 1363 5230 quicunque
1382 5161 1406 5216 6.
1500 5162 1528 5227 Ιι)
1547 5165 1627 5214 nostri
1645 5163 1669 5216 e.
1757 5167 1777 5228 l)
1796 5167 1851 5232 qui·

185 5269 210 5306 aa
229 5265 330 5314 cunque
348 5247 373 5300 ἶ).
392 5247 416 5300 6.
503 5247 539 5312 ru)
558 5249 605 5300 Dei
624 5248 687 5300 adri.
705 5247 728 5298 6.
818 5246 847 5314 n)
866 5256 978 5301 vastator
996 5247 1020 5300 5.

330 5418 375 5486 49)
394 5419 489 5486 Ansep.
503 5417 542 5486 ΙΙ,
561 5435 582 5474 c.
596 5420 637 5486 23,
656 5425 717 5474 toni.
731 5419 762 5488 Ι,
782 5436 808 5488 p.
820 5420 872 5472 419
891 5419 987 5488 (aspra
1000 5436 1029 5487 p.
1042 5420 1106 5486 290,
1129 5436 1150 5474 c.
1163 5423 1198 5488 5).
1303 5422 1348 5490 50)
1371 5419 1444 5474 Ibid.
1463 5437 1485 5475 c.
1501 5424 1546 5489 14,
1570 5423 1586 5475 l.
1599 5437 1621 5476 c.
1641 5436 1671 5489 p.
1683 5421 1734 5474 417
1754 5423 1851 5490 (aspra

223 5539 253 5590 p.
262 5523 322 5586 290,
333 5523 395 5589 123).
466 5525 510 5588 51)
524 5523 945 5592 praeteritoannoaold.Ansep.
1016 5525 1061 5590 52)
1076 5523 1176 5576 Bensd.
1187 5523 1249 5576 Iseo.
1260 5524 1282 5589 1,
1296 5525 1372 5578 a341
1386 5526 1484 5592 (aspro
1491 5525 1587 5592 paen,
1599 5541 1619 5578 a.
1629 5527 1678 5594 10).
1748 5527 1793 5594 53)
1808 5527 1850 5581 vel

228 5643 277 5680 ona.
291 5626 327 5680 id.
398 5627 442 5691 54)
456 5627 651 5699 l'eceritcapit.
665 5627 821 5682 criminiid.
892 5631 936 5694 55)
952 5625 1517 5697 Csr.Cap.5llruo.853‚soprap.272,c.3.
1578 5628 1850 5698 commeatalem.

227 5746 248 5787 c.
261 5733 300 5798 18,
313 5731 410 5785 Menai
422 5729 485 5799 Vll,
498 5733 546 5786 col.
557 5733 615 5787 378.
694 5734 738 5800 57)
755 5733 818 5802 (lap.
833 5731 959 5786 Ontiaoc.
972 5732 1031 5800 857,
1043 5747 1127 5800 sarpta
1136 5747 1161 5800 p.
1173 5732 1232 5799 287,
1244 5748 1264 5786 c.
1274 5735 1299 5788 6.
1374 5733 1569 5800 utilitato'l.
1644 5733 1850 5800 aminaea.
