4568 6420
460 439 701 494 WALAFRIDUS
719 439 766 494 Du
783 440 952 498 EXOSDHS
971 441 1017 496 ΕΤ
1035 445 1286 503 tununnensis
1305 447 1388 504 BER.
1407 447 1505 504 DCOL.
1524 465 1546 504 c.
1559 449 1583 504 3.
1602 451 1627 502 4.
1796 454 1857 514 477

236 629 406 674 caesarum
431 611 518 675 idola
546 613 580 675 in
608 614 750 698 templo⁰
774 612 907 678 Domini
930 616 1070 700 legimus
1095 620 1289 686 collocatad.
1335 619 1378 684 ut
1401 620 1548 686 Iulianus
1571 621 1733 707 Apostata
1754 627 1858 686 totum

236 713 452 778 ecclesiastici
482 716 628 781 ordinem
660 719 741 781 ritus
774 717 815 782 sd
844 718 1024 784 idolorum⁰
1046 722 1202 788 honorem
1232 723 1426 808 detorquere
1454 729 1590 788 conatus
1620 731 1686 799 est;
1722 729 1756 788 et
1788 725 1859 811 ipse

236 813 386 881 diabolus
410 839 430 882 a
453 817 583 884 Christo
606 841 641 885 se
664 843 724 907 pro
748 822 820 886 Deo
844 823 947 887 voluit
970 824 1098 890 adorari
1108 818 1145 889 ¹⁴.

346 921 375 982 3.
409 919 586 1006 Postquam
610 924 720 1008 itaque
738 925 828 990 venit
843 930 983 1012 tempus,
1007 927 1147 1012 ‘quando
1156 921 1184 968 15
1201 929 1268 992 veri
1284 927 1472 993 adoratores
1488 928 1521 991 in
1538 929 1652 1014 spiritu
1669 936 1703 994 et
1719 928 1858 994 veritate

197 1037 208 1074 ⁵
237 1041 301 1084 uon
322 1022 356 1086 in
379 1022 587 1090 Hierusalem
610 1033 736 1092 tantum
752 1027 821 1094 vals
842 1035 952 1096 moute
969 1030 1161 1111 Samarise’,
1183 1032 1216 1096 id
1240 1039 1299 1111 est,
1323 1053 1388 1096 nou
1403 1032 1550 1098 localiter
1573 1032 1629 1096 sed
1647 1032 1860 1118 spiritaliterss

237 1134 417 1211 coeperunt
439 1127 576 1194 adorere
600 1137 727 1216 patrem
751 1138 785 1197 ct
807 1135 839 1197 in
862 1155 975 1200 omnes
999 1141 1116 1220 gentes
1140 1135 1320 1202 seeundum
1335 1134 1466 1200 Domini
1483 1127 1697 1200 ἱιιιιίιιιιιιιιι16
1712 1134 1861 1200 doctrina

239 1229 391 1294 salutaris
427 1233 546 1296 emissa
581 1241 650 1314 est,
686 1242 865 1323 coeperunt
896 1239 1010 1304 fideles
1045 1240 1117 1305 loca
1147 1238 1268 1304 munda
1293 1249 1457 1323 'quaerere
1486 1244 1519 1303 et
1549 1258 1569 1302 a
1595 1237 1787 1302 tumultibus
1821 1261 1859 1303 ac

237 1334 378 1418 negotiis
402 1336 574 1400 carnaliter
597 1339 860 1403 conversantium
876 1341 1041 1422 semota¹²,
1059 1343 1091 1406 in
1114 1343 1232 1426 quibus
1253 1343 1416 1407 orationes
1440 1339 1577 1405 mundas
1601 1350 1634 1403 et
1651 1347 1860 1404 sacrosancta

238 1437 392 1520 mysteria
432 1445 465 1504 et
503 1445 635 1506 mutuae
672 1441 907 1507 aedificationis
943 1443 1060 1508 solatia
1095 1443 1310 1510 celebrarent.
1369 1441 1523 1516 Quamvis
1559 1443 1645 1508 enim
1679 1443 1857 1508 secuudum

188 1554 212 1594 1⁰
239 1535 525 1624 ιιιιιιιςοὶίιιιιιιιι)17
561 1551 654 1609 erant
689 1543 840 1630 discipuli
873 1567 945 1610 cum
981 1545 1189 1611 credentibus
1224 1567 1355 1631 semper
1388 1545 1422 1609 in
1450 1545 1571 1630 templo
1600 1545 1652 1608 vel
1682 1546 1859 1609 caenaculo

238 1640 411 1709 laudantes
439 1645 547 1711 Deum
578 1655 611 1712 et
640 1649 778 1713 orationi
807 1669 845 1712 sc
878 1650 1000 1714 ieiunio
1029 1651 1234 1730 insistentes,
1264 1656 1373 1714 tamen
1403 1654 1476 1733 post
1510 1647 1686 1713 adventum
1718 1646 1859 1733 Spiritus

243 1747 347 1810 saneti
377 1749 515 1833 legimus
550 1771 607 1816 eos
636 1751 722 1816 circa
750 1750 860 1816 domos
889 1753 1051 1817 orationes
1087 1761 1120 1818 et
1146 1749 1363 1818 fractionem¹¹
1391 1751 1485 1836 panis
1516 1750 1702 1815 celebrasse
1735 1758 1769 1814 et
1796 1769 1860 1814 uon

241 1849 345 1914 solum
368 1851 468 1915 intra¹
491 1853 619 1918 urbium
643 1855 808 1936 aedilicia,
837 1876 949 1921 verum
973 1863 1006 1921 et
1029 1864 1124 1922 extra
1145 1859 1179 1922 in
1201 1858 1282 1922 locis
1306 1856 1441 1920 secretis
1466 1855 1671 1920 convenisse.
1715 1850 1745 1915 N
1750 1875 1803 1918 am
1827 1859 1861 1918 et

239 1951 362 2016 Paulus
386 1957 586 2040 processisse
608 1956 728 2042 legitur
749 1959 782 2022 in
805 1958 996 2044 Philippism
1019 1966 1114 2023 extra
1138 1951 1311 2046 ‘portam'18
1334 1959 1427 2023 iuxta
1449 1959 1585 2034 flumen,
1608 1958 1665 2022 ubi
1689 1957 1861 2024 videbatur

189 2079 213 2118 ιι
240 2057 342 2120 oratio
376 2056 472 2137 esse’,
504 2065 537 2123 et
563 2060 634 2145 ipss
665 2081 738 2126 eum
767 2059 921 2147 Ephesiis
949 2064 1053 2126 oravit
1080 2063 1114 2126 in
1143 2054 1286 2128 litore19.
1339 2061 1422 2127 Cum
1450 2069 1559 2126 autem
1587 2062 1860 2149 multiplicaretur

240 2180 392 2224 numerus
416 2162 627 2242 credentium,
651 2172 828 2250 coeperunt
850 2165 963 2229 domos
988 2187 1066 2230 suas
1087 2167 1197 2232 facere
1221 2166 1390 2242 ecclesias,
1413 2172 1449 2229 ut
1471 2166 1528 2227 in¹²
1551 2165 1653 2250 gestis
1675 2170 1860 2229 sanctorum

241 2262 458 2329 creberrime⁰
477 2265 607 2350 legitur,
624 2274 658 2332 et
673 2268 818 2352 privatas
833 2267 1075 2334 habitationem
1089 2269 1131 2333 ad
1145 2270 1292 2355 publicas
1308 2267 1451 2333 fidelium
1476 2269 1681 2332 contuleruut
1692 2266 1862 2331 utilitates.

243 2365 351 2452 Saepe
380 2367 479 2432 etiam
506 2376 754 2456 persecutorum
783 2372 908 2438 rabiem
932 2373 1132 2438 declinantes
1161 2374 1195 2437 in
1218 2372 1328 2457 criptis
1353 2378 1405 2436 et‘¹
1428 2371 1605 2456 cymiteriis
1637 2377 1670 2436 et
1692 2370 1861 2456 speluncis

241 2475 339 2554 atque
363 2471 501 2538 desertis
524 2473 709 2538 montibus¹¹
732 2481 765 2539 et
781 2476 920 2540 vallibus
936 2477 1164 2540 conventicula
1186 2475 1362 2540 faciebant.
1401 2472 1530 2541 Deinde
1548 2474 1673 2558 magis¹¹
1689 2473 1861 2557 magisque

189 2590 215 2630 ιο
241 2573 432 2658 proliciente
449 2574 643 2640 christianae
660 2577 828 2661 religionis
845 2578 999 2643 miraculo
1020 2585 1053 2643 et
1067 2599 1127 2665 per
1142 2578 1232 2642 lucra
1248 2577 1370 2642 Christi
1386 2577 1504 2641 damno
1521 2575 1718 2641 succedente
1741 2574 1863 2640 diaboli

241 2697 305 2740 non
341 2677 446 2742 solum
479 2700 584 2744 novae
614 2680 654 2744 ad
683 2681 841 2746 orandum
870 2681 986 2746 domus
1017 2687 1223 2746 constructae
1251 2687 1343 2758 sunt,
1368 2679 1425 2745 sed
1453 2680 1553 2744 etiam
1582 2680 1705 2765 templa
1727 2677 1862 2744 deorum

242 2779 381 2846 abiectis
397 2789 431 2846 et
447 2784 670 2847 exterminatis
685 2782 780 2848 idolis
797 2805 870 2848 cum
888 2785 1107 2870 spurcissimis
1124 2784 1266 2848 cultibus
1284 2783 1350 2846 suis
1367 2783 1400 2846 in
1416 2781 1479 2846 Dei
1495 2787 1677 2844 mutantur¹
1693 2779 1863 2845 ecclesias.

351 2889 379 2948 4.
413 2885 458 2949 Et
481 2887 557 2970 quia
579 2886 749 2952 diversitas
773 2886 943 2952 idolatriae
966 2886 1107 2953 diversis
1123 2885 1227 2951 modis
1243 2885 1364 2971 templa
1380 2890 1617 2963 construxerat,
1641 2903 1704 2946 uon
1727 2903 1863 2966 magno·

242 3007 320 3073 pere
345 2989 503 3054 curabant
525 2990 611 3056 illius
636 2992 792 3076 temporis
815 2991 902 3070 insti,
926 3011 1022 3077 quam
1048 2991 1079 3055 in
1101 2997 1228 3076 partem
1251 2989 1406 3054 orationis
1431 2988 1502 3052 loca
1525 2992 1763 3066 convenerant,
1788 2985 1861 3049 dum

190 3106 216 3147 ιι
242 3096 369 3154 tantum
386 3091 546 3174 viderent,
568 3094 624 3159 ubi
640 3094 828 3158 eliminatae
853 3101 928 3158 sunt
944 3092 1139 3158 daemonum
1157 3092 1282 3171 sordes,
1305 3092 1350 3156 ibi
1366 3090 1474 3155 Deum
1490 3089 1648 3154 omniumt
1671 3094 1863 3168 creatorem,

242 3195 297 3278 qui
320 3195 440 3279 ubique
462 3202 528 3275 est,
552 3197 613 3260 coli
643 3203 676 3261 ct
704 3196 844 3261 adorari.
891 3195 1096 3282 Quamquam
1117 3197 1229 3281 itaque
1253 3183 1421 3280 sapiens2⁰
1443 3192 1531 3258 dicat
1552 3213 1612 3256 nos
1641 3191 1863 3256 adorientem

241 3296 324 3361 lueis
348 3296 487 3364 adorare
502 3298 620 3378 Deum,
644 3307 678 3364 et
699 3319 814 3364 resera
838 3319 1020 3383 congruum
1045 3305 1096 3363 est
1119 3303 1153 3362 et
1176 3297 1298 3362 salubri
1321 3317 1410 3360 more
1427 3297 1622 3373 institutum,
1646 3302 1683 3358 ut
1705 3292 1863 3357 orientem

243 3421 357 3466 versus
388 3402 489 3467 facies
516 3401 637 3467 orando
664 3408 846 3487 vertamus,
881 3404 973 3488 quia,
1002 3403 1087 3466 sicut
1124 3401 1165 3465 ab
1197 3402 1322 3466 oriente
1359 3401 1441 3464 lucis
1470 3399 1645 3464 adventum
1669 3396 1864 3482 suscipimus

245 3522 429 3589 corporeae,
453 3506 498 3570 sic
520 3505 554 3569 in
577 3505 780 3569 orationibus
802 3505 988 3569 inluminari
1012 3523 1111 3588 snper
1133 3524 1193 3568 uos
1214 3503 1338 3568 vultum
1362 3504 1471 3568 illiusu
1494 3501 1712 3587 deposcimus,
1736 3498 1777 3564 de
1801 3519 1864 3583 quo

191 3616 217 3656 ³⁰
243 3608 489 3692 scriptumest:
521 3599 655 3673 ‘neceb
680 3609 744 3687 vir,
776 3607 893 3672 Oriens
916 3628 1035 3672 nomen
1058 3603 1150 3685 eius’,
1175 3612 1221 3672 et:
1252 3595 1455 3670 ‘Visitanit22
1477 3625 1537 3670 uos
1561 3603 1678 3668 Oriens
1703 3623 1745 3668 ex
1769 3599 1862 3667 alto':

244 3713 364 3790 tamen,
388 3713 463 3796 quia
487 3719 520 3778 et
535 3713 649 3798 templi
666 3717 699 3776 et
713 3711 915 3776 tabernaculi
930 3710 1081 3775 introitus
1098 3708 1138 3773 ab
1156 3709 1281 3774 oriente
1296 3709 1367 3788 fuit,
1391 3709 1449 3774 ubi
1471 3714 1524 3774 etv
1541 3708 1643 3772 altare
1659 3714 1692 3770 et
1707 3706 1864 3770 labrnm'

244 3819 314 3876 eret
343 3821 376 3878 et
403 3834 515 3879 omnes
539 3816 745 3880 victimarum
775 3819 809 3878 et
836 3813 1067 3878 sacrificiorum
1095 3813 1176 3876 ritus
1206 3811 1342 3893 fiebant,
1372 3818 1496 3876 certum
1524 3817 1575 3876 est
1605 3810 1639 3874 iu
1662 3817 1799 3893 utroque
1823 3806 1865 3870 ab

244 3916 368 3981 oriente
398 3920 517 3982 multos
546 3940 660 3984 orasse
690 3926 803 3982 contra
824 3916 1035 3982 occidentem.
1084 3915 1251 4001 Siquidem
1281 3922 1313 3981 et
1341 3915 1493 3979 Salomon
1522 3911 1677 3978 dedicans
1707 3910 1864 3995 templum

244 4021 345 4084 ‘stetit
353 4011 381 4058 ²3
404 4028 480 4086 ante
497 4023 600 4086 altare
624 4027 656 4087 et
672 4020 822 4086 extendit
836 4042 951 4086 manus
975 4021 1008 4084 in
1024 4018 1162 4086 caelum'
1179 4026 1213 4084 et
1227 4018 1341 4084 effudit
1359 4019 1540 4083 orationem
1556 4022 1644 4081 tam¹²
1659 4014 1864 4092 devotionne,

191 4137 216 4178 ιι
244 4143 341 4208 quam
370 4124 558 4210 prolixitate
586 4125 785 4200 mirabilem
817 4125 925 4210 priora
954 4131 1065 4188 autem
1094 4129 1128 4186 et
1155 4124 1320 4188 anteriora
1347 4119 1460 4206 templi
1485 4120 1536 4184 vel
1565 4119 1677 4183 altaris
1705 4117 1863 4182 orientem

243 4227 479 4313 respiciebant,
503 4229 588 4293 unde
613 4234 645 4294 et
669 4226 755 4314 apud
778 4235 907 4292 veteres
932 4226 1106 4320 orientales
1129 4232 1259 4311 partes*
1281 4225 1478 4309 templorum
1502 4222 1621 4300 antica,
1644 4220 1865 4284 occidentales

244 4331 383 4415 postica,
421 4332 647 4416 aquilonalss¹
679 4331 825 4409 sinistra,
859 4329 1059 4395 meridianae
1096 4327 1213 4392 dextra
1241 4328 1451 4402 dicebantur;
1487 4324 1574 4411 quod
1603 4330 1636 4388 et
1665 4324 1728 4389 de¹²
1750 4322 1865 4406 templi

244 4430 376 4498 Domini
400 4435 500 4499 latere
523 4433 702 4499 meridiano
732 4435 779 4498 sic
802 4433 968 4498 scribitur:
997 4423 1172 4496 ‘Ostium24
1198 4430 1332 4498 laterisy
1354 4429 1452 4496 medii
1483 4435 1555 4494 eret
1580 4429 1615 4492 in
1637 4434 1729 4514 parte
1752 4424 1865 4490 domus

245 4535 404 4601 dextrae’
451 4537 536 4612 Quia
559 4539 677 4623 igitur¹
700 4541 813 4624 portae
838 4537 934 4600 trium
959 4535 1114 4602 atriorum
1138 4555 1203 4598 uns
1227 4540 1340 4600 contra
1362 4534 1499 4598 alteram
1515 4532 1643 4617 positae
1665 4536 1757 4594 recta
1778 4529 1866 4591 linea

191 4653 217 4694 ⁴⁰
246 4639 469 4705 adorientem
493 4641 660 4726 patebant,
684 4641 730 4703 ita
752 4645 808 4702 ut·
830 4640 878 4703 sol
900 4637 1149 4724 aequinoctialis
1174 4638 1325 4702 exoriens
1349 4635 1456 4700 radios
1481 4655 1556 4698 suos
1581 4653 1639 4717 per
1654 4632 1728 4696 illas
1743 4650 1864 4715 aequa-

347 4797 372 4856 e)
391 4797 514 4864 templum
537 4799 561 4850 5.
632 4797 659 4862 d)
678 4797 772 4849 collata
788 4795 813 4848 5.
883 4793 909 4860 a)
927 4793 1087 4845 diabolorum
1104 4791 1129 4844 3.
1200 4791 1223 4854 t)
1243 4792 1270 4841 in
1289 4791 1351 4842 add.
1370 4787 1395 4840 2.
1464 4787 1492 4855 g)
1511 4787 1677 4855 spiritualiter
1694 4783 1718 4836 3.
1794 4784 1823 4850 h)
1841 4786 1866 4836 id

243 4890 283 4935 est
309 4895 444 4952 segregata
470 4901 597 4952 saperem.
615 4901 685 4934 maa.
704 4883 749 4934 alt.
762 4879 791 4946 4;
819 4898 893 4933 conr.
912 4881 937 4931 id
964 4887 1003 4932 est
1025 4885 1123 4932 amota
1146 4883 1281 4945 segregata
1298 4877 1326 4926 iu
1343 4874 1368 4927 5.
1455 4872 1474 4938 ἰ)
1491 4873 1589 4925 scilicet
1617 4873 1655 4924 sic
1683 4874 1807 4940 scriptum
1833 4872 1867 4924 sit

243 4986 371 5034 repertor.
389 4988 458 5021 man.
480 4971 525 5021 alt.
544 4967 573 5034 43
602 4971 639 5022 sic
656 4969 778 5036 scriptum
805 4969 838 5020 sit
863 4966 925 5018 odd.
944 4965 967 5018 5.
1063 4963 1093 5028 k)
1121 4964 1259 5016 fractiones
1276 4960 1301 5014 3.
1319 4959 1344 5013 5.
1439 4957 1459 5024 l)
1485 4961 1559 5011 iuxta
1589 4975 1716 5024 ιιιρινιιι.
1742 4959 1812 5014 iutra
1836 4955 1865 5020 4;

247 5055 314 5108 inter
339 5051 364 5108 3.
382 5056 406 5108 5.
477 5054 514 5123 ιιι)
532 5057 630 5108 scilieet
647 5057 752 5108 civitate
760 5070 964 5119 superseminata.
978 5050 1174 5117 clt.4;lsgitur
1185 5047 1452 5102 civitatemirrPh.5.
1522 5045 1550 5114 ιι)
1563 5063 1611 5097 om.
1624 5044 1649 5098 5.
1719 5043 1866 5108 0)cslsber·

191 5159 216 5200 ιι
243 5145 307 5196 rime
325 5141 350 5194 2.
439 5143 466 5211 p)
485 5161 533 5196 em.
553 5141 577 5194 2.
666 5142 692 5208 q)
712 5144 739 5194 in
757 5142 820 5192 cdd.
839 5140 863 5192 3.
942 5137 966 5206 r)
984 5140 1152 5192 mutabantur
1172 5135 1198 5190 3.
1276 5134 1300 5200 ιι)
1319 5135 1448 5186 videretur
1465 5131 1490 5184 3.
1576 5131 1597 5197 t)
1615 5139 1693 5183 creat.
1713 5147 1779 5182 omn.
1798 5127 1822 5180 3.
1841 5127 1866 5182 5.

244 5229 272 5295 ιι)
290 5231 348 5282 cius
365 5228 390 5281 2.
443 5228 472 5296 v)
491 5247 539 5281 om.
557 5227 581 5281 3.
637 5228 670 5292 ιι)
688 5228 873 5282 caudelabrum
891 5242 959 5278 corr.
976 5223 1001 5276 5.
1054 5221 1082 5290 x)
1094 5224 1132 5274 ita
1144 5221 1168 5274 1.
1180 5220 1203 5272 2.
1217 5219 1460 5286 conquassatas
1472 5216 1497 5283 3,
1516 5217 1658 5284 Kaupfler.
1710 5215 1824 5282 y)lateri
1841 5212 1866 5266 2.

242 5314 267 5380 ι)
280 5333 341 5383 erge
358 5315 382 5368 3.
469 5315 494 5378 ιι)
507 5313 568 5367 st3.
1262 5325 1269 5340 ·
1554 5335 1558 5342 ·

346 5435 390 5504 ιι)
413 5433 470 5501 err.
492 5432 588 5487 nen.
607 5433 712 5498 aaa
801 5429 845 5498 15)
864 5427 918 5482 nu
936 5426 1067 5488 asam.
1153 5424 1202 5493 ιι)
1222 5423 1322 5478 Mau.
1341 5423 1383 5485 aa,
1397 5423 1437 5478 15.
1528 5419 1570 5486 ιι)
1590 5419 1646 5484 cfr.
1664 5419 1723 5474 Aa.
1740 5423 1823 5486 aponi
1844 5419 1866 5484 1,

244 5525 284 5578 re.
305 5523 345 5576 ιι.
428 5521 472 5588 re)
492 5519 564 5574 mu.
585 5521 624 5586 re,
639 5519 678 5572 rs.
762 5519 805 5584 re)
823 5515 985 5582 reuera
1061 5513 1106 5578 ao)
1126 5511 1180 5577 cur.
1196 5509 1386 5574 ammianus,
1407 5505 1588 5575 Amineam
1606 5521 1628 5558 ο.
1643 5505 1688 5570 ιι,
1706 5503 1743 5556 αι.
1764 5503 1867 5558 aare

192 5621 218 5668 ιθ
244 5606 516 5674 armacenos&
535 5603 843 5672 libentissimam,
865 5601 963 5655 notl.
1041 5598 1088 5667 21)
1106 5596 1220 5652 Zoster.
1239 5597 1319 5664 6,12.
1397 5595 1443 5660 22)
1461 5592 1530 5646 Luc.
1551 5592 1574 5656 1,
1587 5590 1628 5644 78.
1706 5589 1750 5653 23)
1762 5588 1785 5642 3.
1800 5585 1865 5656 Ray.

243 5699 268 5764 a,
282 5695 378 5762 seseq.
467 5692 513 5760 ιι)
533 5689 605 5746 [ιιι.
624 5691 648 5758 s,
662 5691 686 5746 a
