4590 6420
437 461 497 522 384
548 456 815 522 ADDl'l'AMENTA
836 457 883 511 All
903 455 1019 511 OAPl'l'.
1039 455 1119 509 REG.
1138 453 1324 510 anauniae
1342 452 1533 508 oculusne.
1553 453 1702 522 (nanum
1716 454 1762 524 11).
1782 486 1813 495 —
1834 456 1882 511 Νι.
1892 457 1951 510 201.

359 637 418 693 344.
440 631 623 696 sanctitatis
646 631 794 695 inimicos
818 631 930 718 populi
953 630 1016 694 Dei
1041 630 1092 694 vel
1116 628 1291 716 pugnando
1316 630 1368 693 vel
1392 628 1514 693 orando
1538 629 1675 694 mirabili
1705 629 1873 696 celeritate
1898 631 2062 704 vicerunt:

436 736 493 801 sed
525 743 576 800 est
602 736 815 801 domesticum
844 735 954 800 lumen
988 737 1166 821 imperator
1190 732 1355 812 Karalus,
1392 734 1445 819 qui
1475 754 1609 814 nomen,
1641 734 1735 819 quod·
1759 733 1902 799 familiae
1932 733 2061 798 vestrae

436 841 580 925 peperit,
611 840 799 904 clarissimis
822 839 949 904 actibus
973 838 1155 904 adornavit.
1207 838 1278 903 Nec
1301 839 1394 924 regni
1419 838 1510 902 vobis
1534 839 1782 926 amplitudinem
1805 862 1842 904 ac
1865 839 2059 904 soliditatem

437 943 672 1020 tantummodo,
695 965 808 1008 verum
833 945 930 1007 etiam
955 942 1047 1007 vobis
1072 943 1156 1007 bene
1180 942 1372 1027 gerentibus
1401 945 1474 1028 post
1499 943 1583 1008 vitae
1613 942 1710 1006 huius
1739 963 1912 1007 excursum
1946 941 2059 1009 eadem

436 1045 497 1111 Dei
520 1048 626 1132 gratia
648 1047 785 1131 gloriam
813 1047 970 1132 largietur
993 1053 1190 1116 aetemam,
1208 1047 1261 1111 cui
1293 1067 1351 1110 rex
1380 1055 1413 1110 et
1440 1046 1602 1132 propbeta
1629 1045 1811 1132 suspirans:
1842 1038 2061 1126 ‘Satiabor'¹²,
2091 1071 2104 1109 ι

435 1151 558 1235 inquit,
591 1155 675 1215 ‘cum
709 1151 897 1237 apparuerit
929 1150 1033 1236 gloria
1068 1147 1145 1213 tua'
1203 1148 1297 1214 Haeo
1332 1155 1441 1213 autem
1474 1157 1604 1215 vestrae
1638 1151 1801 1215 maiestati
1837 1171 1900 1214 non
1936 1157 2060 1214 temere

435 1255 652 1339 suggerimus,
677 1255 752 1340 quia
775 1255 875 1319 vestri
899 1275 1026 1339 quoque
1051 1274 1129 1317 cura
1146 1253 1239 1318 nobis
1255 1253 1429 1326 commissa
1445 1262 1507 1332 est,
1530 1275 1668 1340 quorum
1685 1255 1865 1318 ministerio
1889 1253 2059 1342 perfidem

436 1365 535 1443 atque
558 1357 721 1446 baptisma
745 1358 889 1423 mundati
912 1359 997 1424 diem
1022 1357 1182 1423 tremendi
1207 1357 1315 1422 iudicii
1340 1379 1412 1421 eum
1437 1358 1585 1423 caeteris
1598 1356 1748 1423 fidelibus
1774 1359 1968 1444 expectatis.

546 1463 575 1537 2.
609 1472 730 1536 Verum
755 1479 791 1536 ut
814 1471 855 1537 ad
878 1493 937 1536 nos
957 1473 1127 1564 episcopos
1148 1469 1332 1550 redeamus
1356 1489 1414 1557 per
1438 1472 1521 1538 hanc
1545 1471 1717 1550 civilems
1709 1492 1806 1535 immo
1830 1464 1940 1576 plus¹³
1963 1493 2060 1557 quam

437 1576 576 1655 civilem,
601 1573 794 1641 discordiam
814 1576 916 1640 multa
939 1575 1133 1639 interdum
1125 1596 1157 1638 m
1181 1573 1374 1658 nobisipsis
1395 1565 2059 1660 acaliisnobiscommissisnegleximus,
2080 1595 2105 1632 ro

435 1680 598 1744 interdum
621 1680 798 1765 neglegere
822 1680 924 1744 eoacti
947 1700 1068 1761 sumus,
1090 1681 1137 1743 ita
1159 1679 1226 1743 ut
1218 1699 1251 1742 m
1275 1679 1425 1743 omnibus
1449 1679 1616 1745 ordinibus
1640 1680 1755 1764 religio
1781 1689 1948 1764 magnum
1947 1671 2059 1743 detri-

438 1791 582 1848 mentum
613 1785 777 1871 acceperit
804 1790 837 1847 et
867 1783 923 1848 alii
953 1779 1083 1868 quidem
1113 1803 1171 1868 per
1202 1773 1419 1868 ignorantiam
1454 1785 1487 1847 in
1519 1784 1684 1848 interitum
1716 1783 1866 1859 tendant,
1899 1783 1952 1847 alii
1983 1799 2060 1846 vero

437 1887 558 1973 longab
587 1888 721 1953 licentia
749 1879 926 1952 assuefacti
958 1889 1090 1973 impune
1121 1910 1157 1952 sc
1185 1908 1324 1973 peceare
1355 1909 1450 1974 posse
1481 1887 1655 1953 confidant.-
1689 1887 1858 1958 *Tandem
1890 1888 1988 1972 igitur
2019 1886 2059 1950 ad

435 1995 599 2079 propriam
623 1999 656 2057 et
680 2000 862 2056 ceterorum
891 1993 1125 2056 correctionem
1151 1993 1299 2057 conversi
1330 2013 1545 2077 quaesumus,
1579 2000 1614 2056 ut
1637 1992 1797 2055 scelerum
1822 1996 2002 2077 patratores
2026 1997 2060 2054 et

436 2097 637 2183 apostolicae
654 2097 849 2183 disciplinae
866 2101 1108 2188 contemptores
1126 2096 1234 2160 missis
1257 2097 1393 2163 alatere
1410 2105 1517 2161 vestro
1534 2095 1696 2184 probatae,
1708 2095 1782 2160 fidei
1798 2095 1915 2181 legatis
1932 2095 2057 2179 absque
2080 2116 2104 2154 ιι

436 2207 590 2287 respectu
614 2221 825 2287 personarum
856 2205 889 2264 et
916 2201 1149 2267 excaecatione
1176 2222 1345 2266 munerum
1370 2200 1619 2278 coherceantur
1647 2207 1682 2266 et
1706 2189 1791 2264 otio‘
1816 2198 1934 2274 nobis,
1958 2220 2059 2286 quan·

437 2310 506 2370 tum
531 2304 689 2391 possibile
714 2311 773 2384 est,
798 2326 956 2369 concesso
980 2325 1085 2369 sermo
1109 2303 1173 2369 Dei
1196 2303 1416 2391 praedicando
1440 2304 1654 2370 fructificet
1637 2312 1669 2370 et
1698 2324 1856 2368 canonum
1849 2303 2095 2422 reverenda

437 2411 616 2474 auctoritas
641 2409 819 2474 debitum
811 2431 844 2472 ιιι
867 2409 1018 2473 omnibus
1038 2409 1187 2494 vigorem
1212 2408 1367 2474 obtineat.

545 2525 573 2585 3.
611 2522 649 2585 Iu
674 2521 754 2585 loeis
779 2522 912 2600 sanctis,
946 2521 1008 2585 hoc
1032 2528 1083 2585 est
1106 2515 1325 2600 monasteriis,
1356 2519 1439 2586 alios
1462 2495 1586 2600 studio,
1616 2521 1788 2585 nonnullos
1812 2517 1952 2601 desidia,
1977 2521 2059 2586 mul-

435 2630 487 2688 tos
511 2626 708 2690 necessitate
738 2627 842 2689 victus
873 2632 905 2689 et
933 2625 1116 2690 vestimenti
1150 2647 1170 2689 a
1198 2646 1257 2689 sua
1287 2625 1490 2711 professione
1517 2625 1649 2690 deviare
1682 2625 1907 2711 comperimus.
1964 2623 2105 2697 Quadra

436 2729 592 2812 petimus,
620 2719 745 2793 ut1⁴1n
777 2729 925 2793 omnibus
953 2729 1155 2846 parroechiis
1183 2728 1298 2793 directi
1330 2751 1350 2793 a
1376 2735 1485 2792 vestra
1511 2727 1759 2793 mansuetudine
1788 2723 1933 2812 religiosi
1963 2737 2060 2813 atque

437 2832 544 2897 idonei
568 2833 627 2896 viri
659 2855 730 2897 cum
767 2833 881 2897 notitia
908 2832 1134 2920 episcoporum
1164 2839 1347 2897 scrutentur
1374 2841 1406 2896 et
1435 2833 1599 2918 corrigant
1623 2854 1663 2898 ac
1691 2823 1891 2918 singulorum
1918 2833 2060 2896 locorum

437 2942 557 3000 statum
584 2943 712 3001 vestrae
752 2936 936 3000 celsitudini
971 2941 1003 3001 et
1038 2943 1171 3001 nostrae
1211 2935 1428 3002 mediocritati
1460 2944 1608 3023 tempore
1642 2961 1661 3002 a
1690 2937 1802 3001 vobis⁸
1833 2935 2060 3002 constituendo

437 3039 631 3104 renuntient.
1605 3031 1607 3034 ’
2041 3031 2042 3036 ’

544 3148 572 3207 4.
609 3143 796 3224 Monachos,
820 3145 874 3230 qui
905 3143 1089 3230 cupiditatis
1119 3164 1220 3207 eausa
1244 3150 1403 3228 vagantur
1435 3151 1468 3208 et
1497 3151 1630 3208 sanctae
1660 3145 1825 3230 religionis
1857 3133 2058 3230 propositum
2077 3167 2103 3206 ιι

437 3247 642 3335 impudenter
665 3248 823 3312 infamant
845 3246 887 3311 ad
910 3269 969 3311 sua
998 3247 1071 3311 loca
1100 3245 1274 3310 iubemus¹¹
1297 3247 1416 3312 reverti
1445 3253 1478 3312 et
1506 3248 1701 3332 regulariter
1731 3249 1885 3314 abbatum
1914 3248 2060 3313 sollertia

437 3353 546 3438 recipi.
598 3351 656 3417 llis
686 3361 810 3432 autem,
842 3353 896 3438 qui
927 3358 1002 3440 post
1030 3351 1215 3416 evidentem
1251 3352 1490 3439 professionem
1527 3351 1750 3418 monachicam
1785 3352 1883 3417 otiam
1913 3353 2058 3416 habiturn

436 3457 638 3543 reliquerunt
667 3458 717 3522 vel
747 3457 802 3542 qui
832 3478 892 3520 sua
919 3455 1016 3542 culpa
1044 3457 1262 3542 proiciuntur,
1298 3457 1359 3520 nisi
1389 3455 1496 3521 redire
1531 3463 1565 3520 et
1597 3457 1683 3543 quod
1712 3457 1783 3522 Deo
1814 3455 2060 3543 spoponderunt

436 3560 570 3646 implere
600 3561 821 3639 consentiant,
850 3560 911 3624 hoc
935 3559 1097 3624 eredimus
1120 3559 1230 3645 possei
1254 3558 1397 3624 remedio
1428 3559 1609 3640 subveniri,
1635 3561 1661 3624 si
1686 3562 1718 3626 in
1742 3562 1918 3646 ergastulis
1941 3561 2059 3624 inclusi

436 3665 557 3730 tamdiu
582 3687 600 3730 a
624 3670 786 3729 conventu
802 3664 968 3728 hominum
984 3664 1210 3729 abstineantur
1233 3671 1267 3730 et
1283 3665 1414 3751 pietatis
1430 3665 1549 3730 intuitu
1566 3666 1835 3740 convenientibus
1852 3673 2059 3730 macerentur
2076 3689 2103 3728 sc

435 3768 597 3855 operibus,
622 3770 724 3835 donec
748 3769 921 3836 sanitatem
946 3769 1154 3834 correctionis
1178 3769 1362 3835 admittant.
1407 3767 1555 3855 Namque
1580 3769 1642 3848 illi,
1666 3761 1777 3855 ‘quill’
1802 3769 1965 3855 quondam
1990 3761 2057 3832 moss

435 3874 545 3952 naehi,
569 3882 686 3960 postea
709 3872 833 3937 ‘relicta
861 3873 1097 3958 singularitatis
1126 3874 1347 3960 professione,
1378 3873 1418 3938 ad
1447 3874 1597 3939 militiam
1628 3876 1680 3939 vel
1712 3874 1753 3939 ad
1783 3875 1914 3960 nuptias
1946 3874 2058 3939 devol-

435 3976 574 4058 vuntur',
598 3999 703 4064 papae
726 3977 848 4042 Leonis
865 3978 997 4043 decreto
1021 3967 1185 4064 ‘publicae'
1205 3979 1428 4065 paenitentiae
1446 3979 1671 4044 satisfactione
1688 3978 1848 4066 purgandi
1865 3975 1961 4043 sunt.’
2008 3977 2058 4042 De

435 4081 562 4146 clericis
585 4088 693 4145 autem
718 4081 927 4145 ecclesiarum
953 4102 1084 4146 suarum
1113 4081 1337 4147 desertoribus
1367 4083 1501 4168 antiqua
1528 4083 1633 4148 forma
1656 4082 1903 4150 calcidonensis
1928 4081 2058 4146 concilii

435 4183 596 4249 servanda
620 4189 679 4264 est,
703 4205 787 4268 quae
810 4185 1017 4270 praescribit,
1042 4192 1094 4264 ut,
1119 4178 1193 4250 ‘si16
1216 4187 1389 4273 episcopus
1413 4189 1597 4274 susceperit
1621 4187 1775 4252 clericum
1799 4185 1840 4250 ad
1864 4187 1963 4251 alium
1987 4186 2056 4271 epi·
2076 4210 2101 4250 ιι

437 4308 568 4373 scopum
593 4289 821 4373 pertinentem,
845 4295 879 4353 et
902 4297 1073 4377 susceptus
1098 4298 1130 4356 et
1154 4291 1336 4378 suscipiens
1361 4295 1586 4358 communione
1610 4287 1794 4379 priventur,
1816 4283 1925 4356 donec
1942 4293 1980 4372 is,
2004 4290 2058 4377 qui

436 4392 643 4476 migraverat,
668 4392 806 4458 clericus
829 4393 869 4457 ad
893 4395 1057 4481 propriam
1080 4402 1262 4460 revertatur
1285 4393 1481 4462 ecclesiam!

543 4508 572 4570 5.
607 4503 670 4579 Qui
695 4505 995 4574 sanctimonialibus
1018 4508 1130 4574 illicite
1154 4510 1331 4574 miscentur
1354 4516 1387 4575 et
1416 4511 1577 4596 sacrilega
1606 4509 1740 4576 foedera
1762 4531 1834 4574 oum
1860 4509 1907 4574 eis
1931 4509 2056 4574 faciunt

435 4608 632 4694 nuptiarum,
656 4630 712 4674 eos
737 4603 954 4674 Innocentii¹⁷
977 4633 1084 4699 papae
1109 4634 1247 4678 censura
1270 4635 1290 4678 a
1314 4614 1540 4679 communione
1564 4614 1653 4679 iubet
1669 4614 1824 4702 suspendi
1848 4619 1891 4677 ‘ct
1914 4612 1982 4696 nisi
2001 4633 2059 4698 per

434 4713 600 4799 publicam
630 4711 867 4798 probatamque
894 4716 1128 4800 poenitentiam
1159 4717 1289 4781 omnino
1322 4738 1386 4781 non
1422 4718 1523 4802 recipi
1549 4724 1607 4782 aut
1636 4717 1686 4782 his
1716 4724 1804 4784 ccrtc
1833 4718 1987 4782 viaticum
2016 4716 2058 4781 dc
2076 4740 2103 4778 ιιι

437 4819 570 4882 saeculo
593 4816 850 4896 transeuntibus,
875 4819 902 4882 si
925 4825 1034 4883 tamen
1056 4820 1290 4910 poenituerint,
1313 4841 1378 4886 non
1402 4819 1537 4907 negari.'

542 4931 572 4994 6.
606 4929 659 4994 Ab
683 4930 785 4996 altero
809 4951 884 4995 vero
907 4930 1107 5018 desponsata
1129 4939 1162 4997 et
1185 4932 1226 4996 ab
1250 4933 1355 4996 altero
1381 4938 1473 5018 rapta
1501 4934 1611 5019 puella
1634 4931 1813 4997 secundum
1838 4937 1963 4996 statuta
1987 4932 2056 4996 An·

435 5035 536 5100 cirani
560 5027 724 5100 eoncilii¹⁸
747 5036 794 5116 ei,
824 5058 843 5100 a
872 5057 935 5120 quo
963 5036 1160 5123 desponsata
1186 5037 1310 5114 fuerat,
1341 5035 1507 5101 reddenda
1536 5044 1602 5113 ast,
1634 5037 1762 5102 etiarnsi
1787 5036 1850 5100 vim
1883 5042 2057 5122 ereptore

538 5234 564 5299 1)
584 5236 663 5288 otium
683 5235 705 5289 l.
725 5235 749 5289 2.
837 5236 866 5306 g)
884 5239 958 5290 nobis
976 5235 999 5290 2.
1088 5235 1116 5305 h)
1134 5239 1258 5292 habemus
1276 5236 1300 5290 2.
1387 5239 1407 5303 1)
1425 5235 1536 5290 nosse2.

539 5413 581 5484 12)
601 5413 699 5468 Psalm.
725 5415 764 5481 16,
776 5417 816 5472 15.
910 5416 954 5484 13)
979 5414 1075 5470 Verba:
1098 5418 1160 5487 plus
1178 5433 1262 5486 quam
1280 5415 1376 5472 civilia
1393 5417 1483 5482 bella,
1503 5432 1516 5470 a
1538 5415 1650 5470 Lucam
1668 5415 1816 5470 Pharsalia
1835 5415 1959 5484 repetito,
1979 5431 2059 5484 saepe
2075 5431 2101 5471 ιι

433 5519 538 5573 sumto
554 5535 626 5573 amm
642 5535 777 5575 cocum
793 5519 907 5576 cascar
926 5521 1065 5576 Bodatius.
1153 5522 1197 5592 14)
1217 5521 1273 5588 Ofr.
1294 5521 1360 5591 Gap.
1378 5521 1448 5576 mas.
1467 5520 1600 5575 ,amaea
1613 5521 1672 5587 833,
1691 5534 1776 5589 supra
1790 5534 1819 5586 p.
1832 5520 1892 5587 267,
1909 5536 1930 5573 c.
1945 5523 1967 5574 l.
1987 5519 2057 5590 [K]

436 5623 478 5688 15)
497 5621 590 5690 Sapra
604 5640 634 5692 p.
644 5623 704 5692 228,
721 5629 775 5679 act.
787 5624 829 5679 53
918 5626 961 5691 16)
980 5623 1060 5680 (lerna.
1073 5624 1193 5680 Cinam.
1203 5643 1232 5681 c.
1245 5625 1288 5694 20,
1310 5624 1406 5680 Menai
1421 5623 1486 5692 VII,
1503 5625 1551 5679 cot
1563 5625 1623 5679 379.
1706 5625 1749 5693 11)
1768 5623 1852 5678 Ianam
1865 5623 1966 5678 actara
1981 5640 2003 5677 c.
2014 5625 2057 5691 20,

433 5741 519 5796 supra
532 5743 561 5794 p.
574 5727 633 5793 220,
651 5731 705 5780 not.
718 5727 760 5781 92.
849 5727 892 5794 18)
912 5726 989 5782 cora.
1007 5728 1106 5798 Ancyr.
1123 5745 1144 5784 c.
1160 5731 1199 5798 10,
1218 5729 1315 5783 Massi
1328 5729 1369 5797 II,
1388 5729 1435 5783 ool.
1448 5728 1513 5793 52b,·
1528 5728 1581 5794 cfr.
1600 5728 1696 5796 tom.I,
1713 5744 1740 5796 p.
1753 5727 1812 5796 219,
1831 5743 1852 5782 c.
1865 5727 1907 5781 et.
