4568 6434
396 463 455 524 174
509 457 775 512 ADDITAMENTA
794 457 843 510 AD
862 449 1459 511 osP1soass1sssoosssRAsoiss
1479 447 1709 508 oslossnsls.
1729 483 1761 492 -
1779 451 1827 508 Νι.
1840 454 1900 508 248.

315 638 373 692 841.
394 621 653 696 Hiltibaldus¹³15
677 634 710 694 et
726 619 959 693 Riohulfus‘¹16
982 649 1055 692 oum
1072 628 1211 692 cacteris
1229 625 1390 712 episcopis
1414 634 1447 689 et
1464 625 1638 690 abbatibus
1656 627 1733 691 illuc
1751 627 2017 692 convenientibus

393 717 551 794 iecerunt,
576 715 740 801 coepimus
764 717 798 781 in
814 714 878 781 Dci
902 716 1034 779 nomine
1056 722 1198 779 communi
1220 739 1358 776 consensu
1386 723 1416 776 et
1438 722 1585 776 voluntate
1608 724 1731 777 tmctarc
1753 722 1862 792 pariter
1883 723 1918 778 de
1940 726 2018 778 stetu

317 829 321 840 ’
394 829 476 868 verae
499 810 644 882 religionis
671 814 758 880 atque
789 809 916 866 utilitate
945 813 974 864 et
1001 811 1130 880 profectu
1160 808 1332 864 christianae
1359 807 1458 876 plebis.
1503 805 1643 863 Convenit
1671 799 1757 864 inter
1780 821 1840 864 nos
1863 809 1898 865 de
1920 813 2017 866 nostro

393 897 534 953 communi
556 896 676 967 collegio
699 880 899 953 clericorum1⁷
927 894 1024 972 atque
1056 887 1306 976 monachorumr
1337 883 1418 949 duas
1441 885 1552 949 iacere
1576 891 1719 966 turmas,
1743 894 1816 950 sicut
1841 898 1871 950 et
1893 896 2017 962 fecimus,

393 977 439 1040 ita
461 983 498 1039 ut
519 985 550 1038 in
572 995 638 1038 une
660 986 754 1038 turma
769 984 948 1038 considerent
969 981 1095 1053 episcopi
1118 999 1181 1036 oum
1201 980 1370 1050 quibusdam
1392 980 1511 1035 notariis
1527 981 1654 1051 legentes
1669 985 1756 1050 atque
1772 979 2017 1057 perscrutantes
2048 1000 2059 1038 ι

393 1071 521 1122 sanctum
543 1067 721 1137 evangelium
743 1084 852 1132 necnon
875 1066 1009 1136 epistolas
1035 1069 1064 1120 et
1087 1068 1166 1120 actus
1184 1065 1388 1135 apostolorum,
1413 1081 1534 1119 canorms
1552 1082 1664 1134 quoqne
1682 1082 1715 1120 ac
1733 1065 1842 1121 diversa
1859 1072 2019 1122 sanctorum

305 1163 308 1170 ’
394 1158 506 1223 patrum
525 1129 694 1223 opuscula18
712 1135 775 1207 cum
793 1151 909 1207 caeteris
927 1151 1012 1206 sacris
1029 1151 1209 1222 dogmatibus
1224 1150 1355 1221 diligenti
1371 1149 1464 1205 studio
1477 1150 1670 1220 perquirendo,
1688 1151 1790 1220 quibus
1807 1153 1896 1208 modis
1913 1156 2017 1208 statum

393 1239 545 1294 aecclesiae
568 1239 618 1294 Dei
642 1242 670 1293 et
688 1237 858 1293 christianae
881 1237 972 1308 plebis
990 1238 1146 1308 proiectum
1169 1236 1238 1292 sana
1256 1237 1384 1292 doctrina
1410 1240 1439 1291 et
1457 1236 1591 1307 exemplis
1609 1236 1735 1292 iustitiae
1753 1237 1947 1295 inconvulsum
1964 1240 2018 1295 lar·

295 1377 301 1384 .
392 1324 489 1396 gieme
507 1324 601 1396 gratia
621 1324 672 1380 Dei
690 1324 821 1394 perficere
840 1327 886 1379 et⁸
905 1341 1068 1379 conservare
1086 1323 1267 1394 potuissene.
1303 1323 1335 1380 In
1353 1319 1410 1377 alia
1427 1340 1493 1378 vero
1510 1326 1603 1377 turma
1621 1323 1751 1379 sederunt
1769 1323 1886 1380 abbates
1904 1343 1938 1380 ac
1955 1343 2018 1397 pro·

392 1413 454 1467 bati
471 1412 603 1467 monachi
626 1412 753 1482 regulam
776 1411 867 1466 sancti
885 1411 1032 1467 Benedicti
1053 1412 1179 1482 legentes
1202 1414 1289 1480 atque
1312 1413 1467 1465 tractantes
1489 1408 1652 1479 diligenter,
1677 1410 1800 1478 qualiter
1820 1412 2063 1472 monachorumve

393 1501 482 1556 vitam
502 1500 533 1554 in
555 1499 701 1556 meliorem
723 1503 830 1555 statum
854 1504 940 1570 atque
962 1503 1146 1571 augmentum
1169 1517 1232 1554 cum
1254 1499 1306 1554 Dei
1335 1497 1429 1569 matie
1456 1498 1608 1568 perducere
1634 1482 1856 1569 potuisreuciffl,
1880 1497 1922 1571 et,
1945 1491 2018 1556 ubi-

393 1607 532 1671 cumque
563 1607 622 1672 per
651 1587 895 1672 neglegentiam
926 1592 1025 1673 atque
1057 1585 1216 1651 desidiam
1246 1592 1409 1650 rectorum
1433 1584 1592 1668 regularis
1620 1582 1699 1648 ordo
1723 1585 1867 1670 dilapsus
1890 1586 2018 1666 fuisset,

394 1710 506 1753 rursus
537 1689 717 1754 secundum
750 1710 894 1753 normam
926 1690 1059 1774 regulae
1092 1689 1197 1753 sancti
1226 1687 1399 1754 Benedicti
1426 1686 1467 1751 ad
1491 1689 1652 1773 integrum
1675 1689 1911 1754 restitueretur.
1955 1689 2020 1754 llis

394 1814 471 1877 ergo
500 1792 663 1880 dispositis
692 1799 790 1878 atque
821 1793 964 1879 peractis
996 1802 1087 1874 primo
1116 1801 1289 1857 decrevimus
1318 1795 1469 1870 unicuique
1508 1817 1646 1871 personae
1677 1801 1722 1857 vel
1755 1801 1835 1857 sexui
1864 1799 2019 1872 congruum

393 1897 529 1952 honorem
550 1897 713 1966 impendere
737 1897 889 1953 secundum
917 1897 1024 1952 dictum
1052 1897 1143 1951 sancti
1164 1897 1255 1962 Petri,
1282 1895 1367 1966 primi
1389 1895 1512 1966 pastoris
1534 1896 1679 1963 aeclesiae,
1703 1909 1767 1973 quo
1790 1897 1847 1952 eit:
1872 1878 2020 1953 Ὀιιιιιιιι20
2037 1910 2062 1948 ιι
2173 1927 2178 1936 ·

393 1983 539 2050 honorate,
564 1983 774 2040 fraternitatem
796 1982 916 2054 diligite,
940 1984 1030 2038 Deum
1051 1983 1159 2050 timete,
1183 2000 1278 2054 regem
1301 1982 1493 2038 honorificate.
1538 1983 1625 2050 Servi,
1650 1983 1756 2038 subditi
1777 1987 1868 2040 estote
1891 1984 2020 2039 inomni

394 2067 495 2124 timore
522 2070 658 2137 dominis,
685 2087 743 2125 non
773 2072 886 2124 tantum
913 2069 995 2125 bonis
1024 2072 1054 2124 et
1083 2069 1232 2136 modestis,
1264 2069 1312 2124 sed
1339 2068 1426 2123 etiam
1454 2068 1583 2124 discolis:
1611 2070 1682 2124 haec
1710 2073 1754 2124 est
1776 2070 1852 2126 enim
1873 2070 1967 2140 gratia
1989 2070 2020 2124 in

394 2163 506 2220 christo
529 2166 593 2220 Iesu
615 2165 729 2220 domino
753 2166 867 2220 nosbo'.
914 2153 975 2218 oni
998 2156 1090 2240 paria
1113 2155 1225 2220 doctor
1248 2155 1394 2239 gentium
1418 2153 1459 2217 ad
1475 2152 1682 2219 Timotheum
1705 2155 1901 2242 discipulum
1925 2177 2019 2219 suum

394 2250 539 2315 scribens
562 2252 623 2315 cit:
646 2241 814 2316 ‘Attendei1
839 2258 893 2313 tibi
916 2261 945 2314 et
967 2259 1121 2324 doctrinae,
1145 2258 1222 2313 insta
1244 2257 1364 2313 inillis:
1387 2258 1441 2312 hoc
1464 2257 1539 2313 enim
1562 2259 1668 2314 faciens
1696 2263 1726 2314 et
1747 2263 1777 2316 te
1799 2261 1893 2330 ipsum
1910 2261 2019 2314 salvum

394 2343 479 2398 iacies
497 2348 527 2398 et
544 2361 605 2410 eos,
628 2343 678 2413 qui
695 2347 723 2399 te
741 2343 869 2398 audiunt
899 2343 1042 2398 Seniorem
1065 2359 1100 2397 ne
1122 2341 1323 2413 increpaveris,
1346 2342 1394 2396 sed
1411 2342 1526 2396 obsecra
1543 2346 1576 2398 ut
1593 2346 1710 2413 patrem,
1729 2343 1843 2400 iuvenes
1860 2347 1893 2399 nt
1910 2343 2017 2409 frames,
2036 2361 2063 2400 ao

394 2448 464 2487 anus
487 2435 520 2486 nt
541 2435 655 2499 matres,
677 2432 841 2487 iuvenculas
856 2434 889 2486 ut
907 2449 1016 2486 sorores
1036 2430 1066 2485 in
1082 2431 1159 2486 omni
1174 2429 1324 2487 castitate*
1358 2431 1475 2500 Insuper
1491 2431 1578 2486 etiam
1593 2449 1748 2502 congruum
1762 2450 1823 2488 esse
1839 2425 1943 2489 visum
1959 2431 2019 2504 est,

394 2529 428 2581 ιι
442 2526 602 2584 rrrrrsoscr
619 2525 673 2583 ctu
689 2526 825 2583 rrrrrrrrr
836 2526 888 2582 nri
903 2526 965 2582 surr
980 2525 1108 2597 legitimo
1124 2526 1289 2582 inconvulso
1305 2526 1519 2594 honorarentur,
1536 2527 1571 2582 cr
1586 2528 1688 2597 quibus
1701 2528 1836 2583 somnus
1852 2528 1906 2583 ru:
1923 2509 2026 2594 ‘aaa

394 2637 443 2676 vos
455 2620 543 2686 audit,
566 2638 611 2676 me
623 2619 710 2687 audit,
732 2625 761 2676 et
773 2620 822 2690 qui
840 2638 889 2676 vos
900 2619 1009 2737 recipit,
1027 2636 1072 2675 me
1084 2619 1199 2690 recipit;
1225 2619 1273 2689 qui
1285 2623 1380 2674 autem
1397 2635 1442 2674 me
1458 2618 1566 2689 recipit,
1586 2619 1686 2690 recipit
1703 2637 1778 2686 enm,
1797 2620 1847 2691 qui
1864 2639 1909 2676 me
1926 2621 2019 2677 misit'.

394 2713 431 2770 st
448 2716 592 2785 apostolus
610 2716 646 2770 ad
658 2715 772 2772 Ebreos:
794 2714 948 2771 ‘Oboedite'
969 2690 990 2780 3,
1009 2714 1110 2783 inquit,
1130 2712 1288 2785 ‘prepositis
1300 2713 1400 2770 vestris
1418 2715 1447 2768 et
1458 2713 1601 2770 subiacete
1619 2714 1670 2780 eis,
1693 2714 1748 2785 ipsi
1760 2714 1835 2770 enim
1846 2715 2019 2787 pervigilant

395 2810 476 2879 quasi
502 2811 641 2866 rationem
667 2810 803 2866 reddituri
830 2829 881 2882 pro
908 2802 1076 2866 animabusv
1100 2810 1216 2865 vestris'.
1257 2810 1332 2864 Nam
1360 2809 1394 2864 de
1421 2808 1578 2864 reverentia
1602 2809 1780 2865 ecclesiarum
1806 2811 1939 2866 Dominus
1965 2811 2018 2867 ait:
2037 2833 2062 2873 ss

396 2887 543 2963 ι1)οιιιιιιι24
558 2925 622 2964 mea
644 2909 743 2964 domus
763 2907 900 2964 orationis
919 2907 1067 2964 vocabitur
1082 2908 1190 2964 cunctis
1205 2908 1355 2979 gentibus'.
1393 2897 1488 2963 Unde
1505 2899 1603 2963 etiam
1621 2900 1739 2985 iegitur
1755 2901 1788 2963 in
1803 2891 2020 2984 evangeli025,

396 3002 483 3088 quod
505 3005 577 3090 ipse
599 3003 773 3081 Dominus,
808 3025 881 3068 cum
903 3005 1049 3069 venisset
1076 3004 1117 3068 sd
1140 3003 1348 3069 Hierusalem
1372 3008 1405 3067 et
1428 3003 1595 3067 introisset
1618 3004 1650 3066 in
1673 3004 1845 3088 templum,
1869 3024 1942 3085 eos,
1966 3003 2021 3089 qui

396 3107 529 3192 negotia
552 3113 683 3172 terrena
706 3113 740 3173 et
764 3107 945 3193 emptiones
968 3114 1065 3194 atque
1090 3107 1295 3172 venditiones
1329 3105 1470 3171 inlicitas
1493 3107 1526 3170 in
1550 3105 1666 3171 eodem
1683 3107 1893 3188 exercebant,
1917 3108 2021 3192 ‘quasi

397 3207 564 3294 flagellum
586 3208 655 3275 de'
677 3208 839 3275 funiculis’
862 3210 987 3275 faciens
1012 3221 1148 3274 omnesx
1171 3209 1246 3274 inde
1271 3210 1438 3274 eiecerit¹.
1485 3206 1571 3272 Sedy
1593 3229 1650 3293 pro
1673 3207 1781 3273 dolor!
1805 3209 1876 3274 istis
1892 3215 2019 3297 tempo-

397 3312 486 3377 ribus
510 3333 571 3378 nec
594 3312 668 3378 loca
692 3320 806 3378 sancta
828 3319 1027 3378 venerantur
1049 3332 1156 3397 neque
1181 3312 1322 3377 ministri
1345 3311 1410 3377 Dei
1433 3310 1593 3395 condigne
1609 3311 1820 3390 honorantur,
1844 3313 1902 3379 sed
1925 3334 2020 3378 versa
2038 3340 2064 3380 so

395 3416 466 3480 vice
497 3414 559 3498 illi,
590 3417 645 3500 qui
667 3415 820 3480 honorari
851 3415 1050 3496 debuerant,
1080 3414 1306 3500 flagellentur,
1335 3415 1516 3500 spoliantur
1546 3421 1644 3499 atque
1672 3415 1828 3480 diversis¹
1851 3417 2021 3482 calumniis

395 3519 606 3603 fatigantur¹.
652 3516 747 3583 Unde
776 3518 958 3582 necessitas
987 3539 1106 3604 magna
1140 3540 1199 3584 nos
1234 3520 1343 3604 coegit
1373 3539 1431 3604 pro
1462 3519 1524 3583 hac
1555 3538 1590 3582 re
1618 3517 1658 3582 ad
1690 3541 1748 3583 vos
1777 3522 1957 3586 reclamare
1989 3527 2022 3587 et

396 3627 528 3708 petere,
558 3628 610 3702 ut,
639 3621 723 3685 siout
752 3619 838 3705 apud
869 3617 1096 3686 antecessores
1126 3629 1254 3687 vestros
1285 3643 1381 3706 reges
1413 3628 1511 3706 atque
1535 3620 1761 3706 imperatores,
1785 3624 1840 3707 qui
1863 3630 1939 3688 ante
1962 3645 2021 3689 vos

396 3725 538 3804 fuerunt,
562 3724 720 3790 honorem
744 3730 856 3789 sancta
872 3723 935 3789 Dei
958 3725 1121 3790 aecclesia
1136 3725 1269 3791 hebuit·
1292 3732 1325 3790 et
1341 3746 1400 3810 per
1415 3725 1653 3789 immunitatem
1669 3745 1782 3790 eorum
1798 3727 2021 3811 possessiones

396 3829 662 3893 aecclesiasticae
685 3827 896 3892 inconvulsae
920 3831 1133 3914 perstiterunt
1155 3837 1391 3915 manentesque
1415 3831 1448 3894 in
1473 3830 1521 3894 eis
1545 3849 1674 3915 semper
1696 3830 1811 3894 inlaesi
1827 3850 2019 3915 persevera·
2039 3860 2063 3901 ιι

396 3930 544 4012 voranti,
573 3931 619 3995 ita
646 3931 733 4016 apud
763 3951 821 3995 vos
845 3931 1008 3997 modernis
1032 3934 1232 4021 temporibus
1256 3933 1537 3997 incontaminatae
1560 3939 1783 4016 permaneant.
1829 3933 1908 3996 Zelo
1933 3933 2019 3997 enim

396 4032 460 4098 Dei
483 4039 611 4119 oportet
632 4054 691 4097 vos
715 4033 891 4099 defendere
915 4035 1114 4100 aeeclesias⁰
1137 4035 1274 4116 Christi,
1298 4036 1353 4120 qui
1375 4035 1467 4100 vobis
1491 4057 1625 4122 regnum
1649 4038 1793 4101 interra
1817 4041 1849 4098 et
1872 4035 2017 4100 domina-

397 4137 518 4200 tionem
546 4136 676 4218 tribuit,
705 4146 741 4201 ut
768 4157 828 4223 per
855 4138 976 4203 nullius
1006 4139 1234 4225 suggestiones
1263 4140 1392 4224 iniquas
1420 4145 1563 4204 vestram
1587 4141 1845 4218 concessionem,
1870 4158 1966 4224 quam
1988 4137 2022 4201 in

399 4239 605 4304 elimosinam
628 4239 795 4305 vestram‘¹
817 4241 970 4306 aeclesiis
987 4240 1107 4307 Christi
1123 4243 1318 4323 contulistis,
1342 4243 1457 4308 sinatis
1477 4243 1664 4328 permutari.
1710 4243 1796 4317 Quia
1812 4242 2021 4307 inhonestum

399 4349 460 4424 est,
482 4349 520 4408 ut
542 4343 618 4424 hoe,
648 4342 736 4429 quod
762 4363 826 4407 non
854 4345 959 4408 solum
989 4343 1171 4410 christianis
1202 4344 1404 4430 temporibus
1428 4367 1447 4410 a
1471 4345 1654 4411 christianis
1678 4347 1938 4433 imperatoribus,
1961 4343 2020 4410 sed
2038 4373 2064 4414 so

503 4572 531 4641 p)
550 4574 586 4624 ita
604 4572 634 4638 13
657 4573 828 4627 Hildebaldus
845 4575 944 4641 reliqm.
1082 4573 1110 4641 q)
1128 4575 1262 4628 Richolius
1279 4575 1305 4628 o.
1443 4575 1467 4643 r)
1484 4579 1670 4630 monacharum
1690 4575 1713 4630 1.
1844 4577 1867 4643 ιι)
1886 4595 1935 4629 orn.
1953 4574 1978 4629 4.
1996 4576 2020 4631 5.

395 4659 416 4724 t)
435 4666 539 4727 possent
556 4659 581 4712 o.
691 4659 719 4726 ιι)
738 4679 787 4712 ora.
805 4659 881 4715 2-5.
905 4669 929 4714 et
948 4660 1023 4712 Oonc.
1042 4659 1112 4727 Meg.
1130 4659 1190 4714 813.
1299 4662 1328 4729 v)
1346 4663 1441 4716 auibus
1458 4662 1482 4715 1.
1590 4663 1625 4728 w)
1652 4666 1683 4715 de
1708 4663 1831 4715 tuniculis
1850 4681 1977 4730 nepes-scr.
1996 4662 2021 4714 1.

395 4744 423 4809 x)
442 4762 530 4797 omnes
608 4747 710 4799 eiecerit
733 4747 761 4798 ia
779 4747 834 4798 loco
851 4764 913 4798 roso
932 4745 957 4798 1.
999 4810 1001 4816 Ι
1060 4746 1089 4814 y)
1107 4765 1155 4801 ons.
1173 4746 1250 4802 2-6.
1356 4748 1382 4819 a)
1400 4751 1500 4804 diverso
1518 4752 1709 4804 calumniantur
1722 4749 1746 4804 2.
1759 4749 1789 4815 33
1816 4751 1923 4802 diversis
1940 4750 2021 4801 modis

395 4829 487 4898 (modis
505 4850 554 4884 om.
567 4831 602 4899 5.)
620 4833 733 4885 celnmn.
750 4830 775 4885 4.
792 4833 822 4899 ὃς
850 4836 1006 4902 franguntur
1023 4834 1048 4887 6.
1153 4834 1180 4901 ιι)
1198 4837 1326 4888 habuerat
1342 4833 1368 4889 2.
1386 4835 1416 4900 3;
1442 4837 1648 4890 habueritne.
1751 4836 1780 4900 b)
1798 4838 1826 4888 ia
1843 4836 1898 4887 loco
1915 4852 1977 4886 raro
1996 4834 2020 4886 1.

394 4914 420 4985 c)
439 4919 573 4971 eeclesiam
592 4917 617 4972 2.
630 4916 654 4970 3.
667 4917 691 4970 5.
798 4917 825 4985 d)
844 4921 939 4986 quain
957 4920 1019 4972 odd
1037 4919 1062 4973 4.
1081 4920 1111 4985 a,
1133 4922 1161 4972 in
1179 4921 1242 4974 odd.
1260 4919 1285 4974 2.
1297 4921 1322 4975 3.
2038 4933 2064 4973 ss

500 5119 544 5187 15)
566 5117 735 5174 Coloniam
840 5120 883 5188 16)
902 5121 1085 5189 Mogasciaas.
1191 5123 1234 5192 11)
1254 5121 1310 5189 Ofr.
1331 5121 1409 5179 Corae.
1429 5121 1504 5193 Moy.
1522 5123 1582 5191 813,
1605 5123 1622 5178 l.
1639 5138 1660 5177 c.
1677 5123 1725 5178 ool.
1743 5123 1793 5177 64:
1820 5141 1867 5179 scu
1885 5124 2020 5179 laicorum

396 5225 454 5278 tres
473 5222 565 5277 iacere
583 5225 697 5276 turmas.
802 5223 846 5290 18)
865 5224 1094 5296 Pastoralemque
1111 5224 1214 5280 librum
1234 5225 1362 5296 Gregorii
1379 5225 1440 5279 add.
1463 5225 1539 5281 Oonc.
1558 5225 1631 5294 Moy.
1649 5225 1710 5294 813,
1730 5226 1747 5280 l.
1765 5241 1786 5281 c.
1879 5228 1921 5294 19)
1942 5228 2020 5283 Ocno.

396 5326 551 5396 Mog.818,
575 5327 592 5381 l.
611 5342 632 5382 c.
655 5327 702 5382 ool.
722 5326 764 5382 65.
784 5326 885 5395 pergit:
918 5327 951 5381 In
977 5329 1062 5383 tertia
1086 5328 1207 5399 denique
1230 5332 1323 5383 turma
1345 5328 1478 5384 sederunt
1500 5330 1615 5384 comites
1640 5332 1669 5383 et
1691 5329 1797 5384 iudices
1819 5329 1849 5384 in
1872 5331 2021 5385 mundanis

398 5429 508 5501 legibus
526 5429 710 5494 decertantes,
731 5429 809 5499 vulgi
827 5430 951 5485 iustitias
969 5432 1162 5501 perquirentes
1187 5431 1367 5501 omniumque
1390 5431 1599 5486 advenientium
1624 5448 1721 5486 musas
1746 5431 1898 5502 diligenter
1916 5433 2020 5487 exarci-

395 5535 504 5598 nantcs,
522 5532 620 5599 modis,
640 5532 742 5601 quibus
760 5536 900 5603 poterant,
919 5533 1044 5589 iustitias
1064 5535 1255 5590 terminantes.
1351 5537 1396 5604 20)
1417 5537 1440 5590 1.
1460 5535 1533 5591 Patr.
1551 5536 1577 5604 2,
1590 5537 1700 5591 11-19.
1804 5537 1849 5606 21)
1869 5540 1893 5592 1.
1909 5537 2019 5594 timoth.
2039 5551 2065 5591 so

394 5637 420 5705 4,
435 5637 528 5703 16—5,
538 5637 563 5690 2.
651 5637 696 5706 22)
715 5635 783 5692 Lac.
803 5638 843 5704 10,
858 5638 908 5704 16,·
925 5637 1024 5692 Maca.
1045 5639 1085 5706 10,
1098 5639 1140 5693 40.
1227 5637 1273 5704 23)
1293 5637 1394 5693 Ebroe.
1414 5638 1454 5706 13,
1468 5638 1509 5692 17.
1591 5639 1636 5706 24)
1655 5638 1721 5694 sui.
1740 5640 1819 5706 oss.
1896 5641 1943 5709 25)
1961 5639 2019 5695 Inb.

394 5739 420 5808 2,
435 5740 545 5795 13-15.
