<?xml version="1.0" encoding="UTF-8"?>
<!DOCTYPE html PUBLIC "-//W3C//DTD XHTML 1.0 Transitional//EN"
    "http://www.w3.org/TR/xhtml1/DTD/xhtml1-transitional.dtd">
<html xmlns="http://www.w3.org/1999/xhtml" xml:lang="en" lang="en">
 <head>
  <title>
</title>
<meta http-equiv="Content-Type" content="text/html;charset=utf-8" />
  <meta name='ocr-system' content='tesseract 3.04.00' />
  <meta name='ocr-capabilities' content='ocr_page ocr_carea ocr_par ocr_line ocrx_word'/>
</head>
<body>
  <div class='ocr_page' id='page_1' title='image "./monumentagerman07mittgoog_0110.png"; bbox 0 0 4634 6436; ppageno 0'>
   <div class='ocr_carea' id='block_1_1' title="bbox 761 466 2003 537">
    <p class='ocr_par' dir='ltr' id='par_1_1' title="bbox 761 466 2003 537">
     <span class='ocr_line' id='line_1_1' title="bbox 761 466 2003 537; baseline 0.014 -15"><span class='ocrx_word' id='word_1_1' title='bbox 761 466 1006 525; x_wconf 68' lang='lat' dir='ltr'><strong><em>camputtam</em></strong></span> <span class='ocrx_word' id='word_1_2' title='bbox 1025 469 1239 526; x_wconf 80' lang='lat' dir='ltr'><strong><em>HLO&#39;PHARH.</em></strong></span> <span class='ocrx_word' id='word_1_3' title='bbox 1258 501 1291 510; x_wconf 90' lang='lat'>-</span> <span class='ocrx_word' id='word_1_4' title='bbox 1310 470 1359 524; x_wconf 86' lang='lat' dir='ltr'><strong><em>Nr.</em></strong></span> <span class='ocrx_word' id='word_1_5' title='bbox 1372 470 1431 525; x_wconf 79' lang='lat'><strong><em>204.</em></strong></span> <span class='ocrx_word' id='word_1_6' title='bbox 1866 476 1908 537; x_wconf 84' lang='grc'><strong>69</strong></span> <span class='ocrx_word' id='word_1_7' title='bbox 2001 493 2003 496; x_wconf 83' lang='grc'><strong>’</strong></span> 
     </span>
    </p>
   </div>
   <div class='ocr_carea' id='block_1_2' title="bbox 239 641 1983 1966">
    <p class='ocr_par' dir='ltr' id='par_1_2' title="bbox 239 641 1983 1966">
     <span class='ocr_line' id='line_1_2' title="bbox 280 641 1983 726; baseline 0.005 -22"><span class='ocrx_word' id='word_1_8' title='bbox 280 646 319 704; x_wconf 84' lang='lat' dir='ltr'><strong><em>at</em></strong></span> <span class='ocrx_word' id='word_1_9' title='bbox 345 641 383 704; x_wconf 91' lang='lat' dir='ltr'><strong><em>de</em></strong></span> <span class='ocrx_word' id='word_1_10' title='bbox 409 641 465 704; x_wconf 84' lang='lat' dir='ltr'><strong><em>boc</em></strong></span> <span class='ocrx_word' id='word_1_11' title='bbox 492 660 614 721; x_wconf 81' lang='lat' dir='ltr'><strong><em>quoque</em></strong></span> <span class='ocrx_word' id='word_1_12' title='bbox 635 641 823 705; x_wconf 82' lang='lat' dir='ltr'><strong><em>Marsaensi</em></strong></span> <span class='ocrx_word' id='word_1_13' title='bbox 849 647 1001 706; x_wconf 84' lang='lat' dir='ltr'><strong><em>couoeata</em></strong></span> <span class='ocrx_word' id='word_1_14' title='bbox 1027 644 1196 710; x_wconf 81' lang='lat' dir='ltr'><strong><em>annalium</em></strong></span> <span class='ocrx_word' id='word_1_15' title='bbox 1218 645 1312 710; x_wconf 77' lang='lat' dir='ltr'><strong><em>caba</em></strong></span> <span class='ocrx_word' id='word_1_16' title='bbox 1333 645 1420 709; x_wconf 90' lang='lat' dir='ltr'><strong><em>dicta</em></strong></span> <span class='ocrx_word' id='word_1_17' title='bbox 1441 643 1551 708; x_wconf 83' lang='lat' dir='ltr'><strong><em>baberi</em></strong></span> <span class='ocrx_word' id='word_1_18' title='bbox 1571 644 1697 724; x_wconf 78' lang='lat' dir='ltr'><em>possint</em></span> <span class='ocrx_word' id='word_1_19' title='bbox 1719 643 1792 726; x_wconf 75' lang='lat' dir='ltr'><strong><em>(cfr.</em></strong></span> <span class='ocrx_word' id='word_1_20' title='bbox 1815 644 1906 725; x_wconf 75' lang='lat' dir='ltr'><strong><em>infra</em></strong></span> <span class='ocrx_word' id='word_1_21' title='bbox 1924 659 1983 713; x_wconf 81' lang='grc'><strong>841.</strong></span> 
     </span>
     <span class='ocr_line' id='line_1_3' title="bbox 280 743 1912 830; baseline 0.002 -22"><span class='ocrx_word' id='word_1_22' title='bbox 280 765 332 808; x_wconf 86' lang='lat' dir='ltr'><strong><em>ur.</em></strong></span> <span class='ocrx_word' id='word_1_23' title='bbox 353 747 425 808; x_wconf 87' lang='grc'><strong>887.</strong></span> <span class='ocrx_word' id='word_1_24' title='bbox 454 745 491 808; x_wconf 84' lang='lat' dir='ltr'><strong><em>ia</em></strong></span> <span class='ocrx_word' id='word_1_25' title='bbox 516 744 721 825; x_wconf 73' lang='lat' dir='ltr'><strong><em>praefatione</em></strong></span> <span class='ocrx_word' id='word_1_26' title='bbox 750 746 842 824; x_wconf 88' lang='lat' dir='ltr'><strong><em>mea).</em></strong></span> <span class='ocrx_word' id='word_1_27' title='bbox 890 743 952 810; x_wconf 82' lang='lat' dir='ltr'><strong><em>Sed</em></strong></span> <span class='ocrx_word' id='word_1_28' title='bbox 981 751 1046 810; x_wconf 83' lang='lat' dir='ltr'><strong><em>tara</em></strong></span> <span class='ocrx_word' id='word_1_29' title='bbox 1072 748 1288 826; x_wconf 84' lang='lat' dir='ltr'><strong><em>Marsaeasis,</em></strong></span> <span class='ocrx_word' id='word_1_30' title='bbox 1323 769 1419 830; x_wconf 81' lang='lat' dir='ltr'><strong><em>qaam</em></strong></span> <span class='ocrx_word' id='word_1_31' title='bbox 1443 748 1539 828; x_wconf 65' lang='lat' dir='ltr'><strong><em>quior</em></strong></span> <span class='ocrx_word' id='word_1_32' title='bbox 1569 752 1738 812; x_wconf 83' lang='lat' dir='ltr'><strong><em>conoeutas</em></strong></span> <span class='ocrx_word' id='word_1_33' title='bbox 1766 769 1912 812; x_wconf 84' lang='lat' dir='ltr'><strong><em>successa</em></strong></span> 
     </span>
     <span class='ocr_line' id='line_1_4' title="bbox 281 846 1910 933; baseline 0.003 -24"><span class='ocrx_word' id='word_1_34' title='bbox 281 846 397 924; x_wconf 81' lang='lat' dir='ltr'><strong><em>caruit,</em></strong></span> <span class='ocrx_word' id='word_1_35' title='bbox 420 847 471 909; x_wconf 87' lang='lat' dir='ltr'><strong><em>uti</em></strong></span> <span class='ocrx_word' id='word_1_36' title='bbox 492 868 508 910; x_wconf 94' lang='lat' dir='ltr'><strong><em>e</em></strong></span> <span class='ocrx_word' id='word_1_37' title='bbox 529 846 617 910; x_wconf 88' lang='lat' dir='ltr'><strong><em>tertii</em></strong></span> <span class='ocrx_word' id='word_1_38' title='bbox 639 852 810 912; x_wconf 82' lang='lat' dir='ltr'><strong><em>concentus</em></strong></span> <span class='ocrx_word' id='word_1_39' title='bbox 832 847 906 912; x_wconf 89' lang='lat' dir='ltr'><strong><em>item</em></strong></span> <span class='ocrx_word' id='word_1_40' title='bbox 921 849 1079 914; x_wconf 87' lang='lat' dir='ltr'><strong><em>Marsuae</em></strong></span> <span class='ocrx_word' id='word_1_41' title='bbox 1094 871 1180 916; x_wconf 84' lang='lat' dir='ltr'><strong><em>auno</em></strong></span> <span class='ocrx_word' id='word_1_42' title='bbox 1196 855 1268 917; x_wconf 92' lang='grc'><strong>851.</strong></span> <span class='ocrx_word' id='word_1_43' title='bbox 1292 851 1394 916; x_wconf 88' lang='lat' dir='ltr'><strong><em>babiti</em></strong></span> <span class='ocrx_word' id='word_1_44' title='bbox 1407 849 1559 933; x_wconf 77' lang='lat' dir='ltr'><strong><em>capitrcbis</em></strong></span> <span class='ocrx_word' id='word_1_45' title='bbox 1574 855 1717 932; x_wconf 76' lang='lat' dir='ltr'><strong><em>apparet.</em></strong></span> <span class='ocrx_word' id='word_1_46' title='bbox 1751 850 1910 931; x_wconf 76' lang='lat' dir='ltr'><strong><em>Capitale,</em></strong></span> 
     </span>
     <span class='ocr_line' id='line_1_5' title="bbox 280 951 1912 1035; baseline 0.002 -21"><span class='ocrx_word' id='word_1_47' title='bbox 280 972 362 1032; x_wconf 83' lang='lat' dir='ltr'><strong><em>qaae</em></strong></span> <span class='ocrx_word' id='word_1_48' title='bbox 388 956 575 1031; x_wconf 81' lang='lat' dir='ltr'><strong><em>sequautur,</em></strong></span> <span class='ocrx_word' id='word_1_49' title='bbox 602 971 667 1015; x_wconf 81' lang='lat' dir='ltr'><strong><em>aaa</em></strong></span> <span class='ocrx_word' id='word_1_50' title='bbox 689 956 756 1015; x_wconf 86' lang='lat' dir='ltr'><strong><em>tam</em></strong></span> <span class='ocrx_word' id='word_1_51' title='bbox 777 972 799 1014; x_wconf 94' lang='lat' dir='ltr'><strong><em>a</em></strong></span> <span class='ocrx_word' id='word_1_52' title='bbox 819 951 946 1032; x_wconf 74' lang='lat' dir='ltr'><strong><em>repibas</em></strong></span> <span class='ocrx_word' id='word_1_53' title='bbox 967 957 1105 1032; x_wconf 85' lang='lat' dir='ltr'><strong><em>statuta,</em></strong></span> <span class='ocrx_word' id='word_1_54' title='bbox 1134 975 1232 1035; x_wconf 83' lang='lat' dir='ltr'><strong><em>quam</em></strong></span> <span class='ocrx_word' id='word_1_55' title='bbox 1254 976 1276 1018; x_wconf 94' lang='lat' dir='ltr'><strong><em>a</em></strong></span> <span class='ocrx_word' id='word_1_56' title='bbox 1295 954 1482 1035; x_wconf 76' lang='lat' dir='ltr'><strong><em>proceribus</em></strong></span> <span class='ocrx_word' id='word_1_57' title='bbox 1503 952 1550 1017; x_wconf 88' lang='lat' dir='ltr'><strong><em>uel</em></strong></span> <span class='ocrx_word' id='word_1_58' title='bbox 1564 954 1733 1035; x_wconf 77' lang='lat' dir='ltr'><strong><em>proposita</em></strong></span> <span class='ocrx_word' id='word_1_59' title='bbox 1753 958 1845 1032; x_wconf 84' lang='lat' dir='ltr'><strong><em>suat,</em></strong></span> <span class='ocrx_word' id='word_1_60' title='bbox 1874 959 1912 1018; x_wconf 85' lang='lat' dir='ltr'><strong><em>ut</em></strong></span> 
     </span>
     <span class='ocr_line' id='line_1_6' title="bbox 249 1053 1912 1139; baseline 0.002 -21"><span class='ocrx_word' id='word_1_61' title='bbox 249 1055 319 1118; x_wconf 75' lang='lat' dir='ltr'><strong><em>ede</em></strong></span> <span class='ocrx_word' id='word_1_62' title='bbox 339 1055 383 1118; x_wconf 89' lang='lat' dir='ltr'><strong><em>iis</em></strong></span> <span class='ocrx_word' id='word_1_63' title='bbox 404 1055 488 1118; x_wconf 82' lang='lat' dir='ltr'><strong><em>inter</em></strong></span> <span class='ocrx_word' id='word_1_64' title='bbox 505 1054 625 1135; x_wconf 74' lang='lat' dir='ltr'><strong><em>fratres</em></strong></span> <span class='ocrx_word' id='word_1_65' title='bbox 647 1060 801 1137; x_wconf 79' lang='lat' dir='ltr'><strong><em>operetur,</em></strong></span> <span class='ocrx_word' id='word_1_66' title='bbox 824 1053 871 1120; x_wconf 86' lang='lat' dir='ltr'><strong><em>oei</em></strong></span> <span class='ocrx_word' id='word_1_67' title='bbox 892 1060 1004 1120; x_wconf 77' lang='lat' dir='ltr'><strong><em>rotata</em></strong></span> <span class='ocrx_word' id='word_1_68' title='bbox 1025 1058 1198 1122; x_wconf 81' lang='lat' dir='ltr'><strong><em>secuudum</em></strong></span> <span class='ocrx_word' id='word_1_69' title='bbox 1220 1079 1266 1136; x_wconf 92' lang='lat' dir='ltr'><strong><em>ea,</em></strong></span> <span class='ocrx_word' id='word_1_70' title='bbox 1289 1078 1371 1138; x_wconf 83' lang='lat' dir='ltr'><strong><em>quae</em></strong></span> <span class='ocrx_word' id='word_1_71' title='bbox 1392 1059 1476 1122; x_wconf 84' lang='lat' dir='ltr'><strong><em>iuter</em></strong></span> <span class='ocrx_word' id='word_1_72' title='bbox 1489 1058 1607 1139; x_wconf 75' lang='lat' dir='ltr'><strong><em>fratres</em></strong></span> <span class='ocrx_word' id='word_1_73' title='bbox 1621 1062 1718 1121; x_wconf 81' lang='lat' dir='ltr'><strong><em>antea</em></strong></span> <span class='ocrx_word' id='word_1_74' title='bbox 1732 1061 1805 1121; x_wconf 88' lang='lat' dir='ltr'><strong><em>acta</em></strong></span> <span class='ocrx_word' id='word_1_75' title='bbox 1820 1063 1912 1122; x_wconf 85' lang='lat' dir='ltr'><strong><em>eraat</em></strong></span> 
     </span>
     <span class='ocr_line' id='line_1_7' title="bbox 280 1157 1911 1246; baseline 0.004 -25"><span class='ocrx_word' id='word_1_76' title='bbox 280 1159 512 1242; x_wconf 80' lang='lat' dir='ltr'><strong><em>(Adnuntiatio</em></strong></span> <span class='ocrx_word' id='word_1_77' title='bbox 534 1157 721 1223; x_wconf 85' lang='lat' dir='ltr'><strong><em>Hlotbarii:</em></strong></span> <span class='ocrx_word' id='word_1_78' title='bbox 754 1165 790 1223; x_wconf 92' lang='lat' dir='ltr'><strong><em>ut</em></strong></span> <span class='ocrx_word' id='word_1_79' title='bbox 812 1180 871 1223; x_wconf 91' lang='lat' dir='ltr'><strong><em>nos</em></strong></span> <span class='ocrx_word' id='word_1_80' title='bbox 895 1161 1176 1246; x_wconf 88' lang='lat' dir='ltr'><strong><em>coniungeremus,</em></strong></span> <span class='ocrx_word' id='word_1_81' title='bbox 1206 1163 1290 1226; x_wconf 92' lang='lat' dir='ltr'><strong><em>sicut</em></strong></span> <span class='ocrx_word' id='word_1_82' title='bbox 1313 1184 1397 1227; x_wconf 89' lang='lat' dir='ltr'><strong><em>nunc</em></strong></span> <span class='ocrx_word' id='word_1_83' title='bbox 1421 1163 1584 1242; x_wconf 80' lang='lat' dir='ltr'>fecimus),</span> <span class='ocrx_word' id='word_1_84' title='bbox 1622 1161 1911 1227; x_wconf 77' lang='lat' dir='ltr'><strong><em>‘Adnuntiatioues’</em></strong></span> 
     </span>
     <span class='ocr_line' id='line_1_8' title="bbox 280 1265 1911 1348; baseline 0.002 -23"><span class='ocrx_word' id='word_1_85' title='bbox 280 1267 402 1339; x_wconf 78' lang='lat' dir='ltr'><strong><em>autea,</em></strong></span> <span class='ocrx_word' id='word_1_86' title='bbox 435 1283 517 1344; x_wconf 83' lang='lat' dir='ltr'><strong><em>quae</em></strong></span> <span class='ocrx_word' id='word_1_87' title='bbox 543 1269 733 1344; x_wconf 81' lang='lat' dir='ltr'><strong><em>sequautur,</em></strong></span> <span class='ocrx_word' id='word_1_88' title='bbox 763 1285 832 1327; x_wconf 88' lang='lat' dir='ltr'><strong><em>cere</em></strong></span> <span class='ocrx_word' id='word_1_89' title='bbox 853 1284 875 1326; x_wconf 94' lang='lat' dir='ltr'><strong><em>a</em></strong></span> <span class='ocrx_word' id='word_1_90' title='bbox 897 1265 1022 1346; x_wconf 80' lang='lat' dir='ltr'><strong><em>repibus</em></strong></span> <span class='ocrx_word' id='word_1_91' title='bbox 1050 1265 1186 1348; x_wconf 69' lang='lat' dir='ltr'><strong><em>siropadis</em></strong></span> <span class='ocrx_word' id='word_1_92' title='bbox 1212 1265 1357 1348; x_wconf 74' lang='lat' dir='ltr'><strong><em>sirtprbce</em></strong></span> <span class='ocrx_word' id='word_1_93' title='bbox 1378 1265 1588 1346; x_wconf 78' lang='lat' dir='ltr'><strong><em>primoribus,</em></strong></span> <span class='ocrx_word' id='word_1_94' title='bbox 1622 1266 1679 1346; x_wconf 82' lang='lat' dir='ltr'><strong><em>qui</em></strong></span> <span class='ocrx_word' id='word_1_95' title='bbox 1701 1265 1738 1330; x_wconf 87' lang='lat' dir='ltr'><strong><em>ia</em></strong></span> <span class='ocrx_word' id='word_1_96' title='bbox 1759 1269 1911 1329; x_wconf 83' lang='lat' dir='ltr'><strong><em>coaocata</em></strong></span> 
     </span>
     <span class='ocr_line' id='line_1_9' title="bbox 281 1365 1911 1450; baseline 0.003 -21"><span class='ocrx_word' id='word_1_97' title='bbox 281 1366 430 1444; x_wconf 85' lang='lat' dir='ltr'><strong><em>aderaut,</em></strong></span> <span class='ocrx_word' id='word_1_98' title='bbox 457 1366 608 1430; x_wconf 71' lang='lat' dir='ltr'><strong><em>recitatae</em></strong></span> <span class='ocrx_word' id='word_1_99' title='bbox 630 1371 707 1430; x_wconf 85' lang='lat' dir='ltr'><strong><em>suat</em></strong></span> <span class='ocrx_word' id='word_1_100' title='bbox 728 1365 857 1449; x_wconf 87' lang='lat' dir='ltr'><strong><em>(sciatis</em></strong></span> <span class='ocrx_word' id='word_1_101' title='bbox 881 1388 965 1450; x_wconf 74' lang='lat' dir='ltr'><strong><em>repes</em></strong></span> <span class='ocrx_word' id='word_1_102' title='bbox 987 1389 1106 1449; x_wconf 80' lang='lat' dir='ltr'><strong><em>semper</em></strong></span> <span class='ocrx_word' id='word_1_103' title='bbox 1128 1370 1255 1447; x_wconf 84' lang='lat' dir='ltr'><strong><em>dicuat,</em></strong></span> <span class='ocrx_word' id='word_1_104' title='bbox 1278 1375 1307 1434; x_wconf 84' lang='lat' dir='ltr'><strong><em>ct</em></strong></span> <span class='ocrx_word' id='word_1_105' title='bbox 1329 1369 1473 1434; x_wconf 78' lang='lat' dir='ltr'><strong><em>Karobcs</em></strong></span> <span class='ocrx_word' id='word_1_106' title='bbox 1494 1370 1531 1432; x_wconf 86' lang='lat' dir='ltr'><strong><em>ia</em></strong></span> <span class='ocrx_word' id='word_1_107' title='bbox 1553 1369 1812 1433; x_wconf 78' lang='lat' dir='ltr'><strong><em>adaaatratioais</em></strong></span> <span class='ocrx_word' id='word_1_108' title='bbox 1832 1391 1911 1434; x_wconf 86' lang='lat' dir='ltr'><strong><em>suae</em></strong></span> 
     </span>
     <span class='ocr_line' id='line_1_10' title="bbox 280 1470 1911 1558; baseline 0.002 -26"><span class='ocrx_word' id='word_1_109' title='bbox 280 1471 383 1551; x_wconf 74' lang='lat' dir='ltr'><strong><em>capite</em></strong></span> <span class='ocrx_word' id='word_1_110' title='bbox 399 1471 525 1550; x_wconf 79' lang='lat' dir='ltr'><strong><em>primo:</em></strong></span> <span class='ocrx_word' id='word_1_111' title='bbox 555 1471 610 1534; x_wconf 95' lang='lat' dir='ltr'><strong><em>ubi</em></strong></span> <span class='ocrx_word' id='word_1_112' title='bbox 634 1470 675 1535; x_wconf 91' lang='lat' dir='ltr'><strong><em>de</em></strong></span> <span class='ocrx_word' id='word_1_113' title='bbox 699 1471 785 1551; x_wconf 89' lang='lat' dir='ltr'><strong><em>istis,</em></strong></span> <span class='ocrx_word' id='word_1_114' title='bbox 809 1492 893 1556; x_wconf 89' lang='lat' dir='ltr'><strong><em>quae</em></strong></span> <span class='ocrx_word' id='word_1_115' title='bbox 916 1471 983 1536; x_wconf 94' lang='lat' dir='ltr'><strong><em>illi</em></strong></span> <span class='ocrx_word' id='word_1_116' title='bbox 1005 1471 1129 1556; x_wconf 84' lang='lat' dir='ltr'><strong><em>[dilecti</em></strong></span> <span class='ocrx_word' id='word_1_117' title='bbox 1148 1473 1270 1554; x_wconf 74' lang='lat' dir='ltr'><strong><em>fratres</em></strong></span> <span class='ocrx_word' id='word_1_118' title='bbox 1288 1473 1408 1558; x_wconf 75' lang='lat' dir='ltr'><strong><em>austri]</em></strong></span> <span class='ocrx_word' id='word_1_119' title='bbox 1430 1473 1542 1537; x_wconf 91' lang='lat' dir='ltr'><strong><em>modo</em></strong></span> <span class='ocrx_word' id='word_1_120' title='bbox 1566 1472 1707 1556; x_wconf 84' lang='lat' dir='ltr'><strong><em>dixere).</em></strong></span> <span class='ocrx_word' id='word_1_121' title='bbox 1746 1471 1911 1536; x_wconf 79' lang='lat' dir='ltr'><strong><em>Caeterum</em></strong></span> 
     </span>
     <span class='ocr_line' id='line_1_11' title="bbox 239 1573 1911 1659; baseline 0 -21"><span class='ocrx_word' id='word_1_122' title='bbox 239 1579 451 1639; x_wconf 72' lang='lat' dir='ltr'><strong><em>inconventus</em></strong></span> <span class='ocrx_word' id='word_1_123' title='bbox 479 1573 543 1650; x_wconf 85' lang='lat' dir='ltr'><strong><em>bic,</em></strong></span> <span class='ocrx_word' id='word_1_124' title='bbox 576 1574 627 1637; x_wconf 83' lang='lat' dir='ltr'><strong><em>ati</em></strong></span> <span class='ocrx_word' id='word_1_125' title='bbox 654 1574 720 1638; x_wconf 86' lang='lat' dir='ltr'><strong><em>iam</em></strong></span> <span class='ocrx_word' id='word_1_126' title='bbox 748 1575 871 1652; x_wconf 77' lang='lat' dir='ltr'><strong><em>morsui,</em></strong></span> <span class='ocrx_word' id='word_1_127' title='bbox 899 1576 1104 1655; x_wconf 83' lang='lat' dir='ltr'><strong><em>potissimam</em></strong></span> <span class='ocrx_word' id='word_1_128' title='bbox 1133 1577 1178 1640; x_wconf 89' lang='lat' dir='ltr'><strong><em>ad</em></strong></span> <span class='ocrx_word' id='word_1_129' title='bbox 1202 1577 1320 1641; x_wconf 87' lang='lat' dir='ltr'><strong><em>Karoli</em></strong></span> <span class='ocrx_word' id='word_1_130' title='bbox 1346 1598 1476 1659; x_wconf 64' lang='lat' dir='ltr'><strong><em>reguum</em></strong></span> <span class='ocrx_word' id='word_1_131' title='bbox 1502 1573 1726 1640; x_wconf 85' lang='lat' dir='ltr'><strong><em>stabiliendum</em></strong></span> <span class='ocrx_word' id='word_1_132' title='bbox 1751 1576 1911 1656; x_wconf 74' lang='lat' dir='ltr'><strong><em>spectabat</em></strong></span> 
     </span>
     <span class='ocr_line' id='line_1_12' title="bbox 279 1675 1911 1762; baseline 0.003 -23"><span class='ocrx_word' id='word_1_133' title='bbox 279 1675 400 1757; x_wconf 84' lang='lat' dir='ltr'><strong><em>(Illud.</em></strong></span> <span class='ocrx_word' id='word_1_134' title='bbox 417 1676 623 1740; x_wconf 76' lang='lat' dir='ltr'><strong><em>adnuntiatio</em></strong></span> <span class='ocrx_word' id='word_1_135' title='bbox 638 1699 663 1740; x_wconf 93' lang='lat' dir='ltr'><strong><em>c.</em></strong></span> <span class='ocrx_word' id='word_1_136' title='bbox 680 1683 706 1741; x_wconf 94' lang='grc'><strong><em>1.</em></strong></span> <span class='ocrx_word' id='word_1_137' title='bbox 719 1681 764 1761; x_wconf 85' lang='grc'><strong><em>4),</em></strong></span> <span class='ocrx_word' id='word_1_138' title='bbox 786 1683 815 1740; x_wconf 93' lang='lat' dir='ltr'><strong><em>ct</em></strong></span> <span class='ocrx_word' id='word_1_139' title='bbox 829 1677 894 1742; x_wconf 85' lang='lat' dir='ltr'><strong><em>alio</em></strong></span> <span class='ocrx_word' id='word_1_140' title='bbox 909 1685 1061 1743; x_wconf 77' lang='lat' dir='ltr'><strong><em>conuenta</em></strong></span> <span class='ocrx_word' id='word_1_141' title='bbox 1076 1680 1112 1744; x_wconf 85' lang='lat' dir='ltr'><strong><em>ia</em></strong></span> <span class='ocrx_word' id='word_1_142' title='bbox 1126 1681 1231 1761; x_wconf 85' lang='lat' dir='ltr'><strong><em>ipsius</em></strong></span> <span class='ocrx_word' id='word_1_143' title='bbox 1245 1682 1327 1762; x_wconf 75' lang='lat' dir='ltr'><strong><em>repis</em></strong></span> <span class='ocrx_word' id='word_1_144' title='bbox 1341 1701 1481 1762; x_wconf 76' lang='lat' dir='ltr'><strong><em>repaaru,</em></strong></span> <span class='ocrx_word' id='word_1_145' title='bbox 1498 1679 1644 1744; x_wconf 85' lang='lat' dir='ltr'><strong><em>Parisios</em></strong></span> <span class='ocrx_word' id='word_1_146' title='bbox 1657 1678 1784 1756; x_wconf 89' lang='lat' dir='ltr'><strong><em>scilicet,</em></strong></span> <span class='ocrx_word' id='word_1_147' title='bbox 1807 1700 1911 1744; x_wconf 80' lang='lat' dir='ltr'><strong><em>mertsc</em></strong></span> 
     </span>
     <span class='ocr_line' id='line_1_13' title="bbox 279 1780 1910 1864; baseline 0.001 -20"><span class='ocrx_word' id='word_1_148' title='bbox 279 1781 377 1844; x_wconf 84' lang='lat' dir='ltr'><strong><em>larcio</em></strong></span> <span class='ocrx_word' id='word_1_149' title='bbox 403 1780 541 1844; x_wconf 75' lang='lat' dir='ltr'><strong><em>circadem</em></strong></span> <span class='ocrx_word' id='word_1_150' title='bbox 569 1781 651 1844; x_wconf 84' lang='lat' dir='ltr'><strong><em>artai</em></strong></span> <span class='ocrx_word' id='word_1_151' title='bbox 679 1781 799 1845; x_wconf 78' lang='lat' dir='ltr'><strong><em>indicto</em></strong></span> <span class='ocrx_word' id='word_1_152' title='bbox 828 1782 873 1845; x_wconf 89' lang='lat' dir='ltr'><strong><em>ad</em></strong></span> <span class='ocrx_word' id='word_1_153' title='bbox 894 1781 1037 1861; x_wconf 81' lang='lat' dir='ltr'><strong><em>effectam</em></strong></span> <span class='ocrx_word' id='word_1_154' title='bbox 1053 1785 1204 1864; x_wconf 84' lang='lat' dir='ltr'><strong><em>perduci,</em></strong></span> <span class='ocrx_word' id='word_1_155' title='bbox 1235 1790 1272 1849; x_wconf 86' lang='lat' dir='ltr'><strong><em>at</em></strong></span> <span class='ocrx_word' id='word_1_156' title='bbox 1294 1784 1439 1849; x_wconf 86' lang='lat' dir='ltr'><strong><em>Karalus</em></strong></span> <span class='ocrx_word' id='word_1_157' title='bbox 1460 1784 1553 1862; x_wconf 86' lang='lat' dir='ltr'><strong><em>dicit,</em></strong></span> <span class='ocrx_word' id='word_1_158' title='bbox 1590 1782 1726 1848; x_wconf 81' lang='lat' dir='ltr'><strong><em>debebat.</em></strong></span> <span class='ocrx_word' id='word_1_159' title='bbox 1771 1781 1833 1848; x_wconf 82' lang='lat' dir='ltr'><strong><em>Sed</em></strong></span> <span class='ocrx_word' id='word_1_160' title='bbox 1858 1783 1910 1846; x_wconf 87' lang='lat' dir='ltr'><strong><em>bic</em></strong></span> 
     </span>
     <span class='ocr_line' id='line_1_14' title="bbox 280 1883 1910 1966; baseline 0.002 -19"><span class='ocrx_word' id='word_1_161' title='bbox 280 1883 477 1947; x_wconf 86' lang='lat' dir='ltr'><strong><em>Parisieusis</em></strong></span> <span class='ocrx_word' id='word_1_162' title='bbox 506 1884 605 1948; x_wconf 80' lang='lat' dir='ltr'><strong><em>tricem</em></strong></span> <span class='ocrx_word' id='word_1_163' title='bbox 634 1883 776 1964; x_wconf 82' lang='lat' dir='ltr'><strong><em>fratrum</em></strong></span> <span class='ocrx_word' id='word_1_164' title='bbox 806 1890 974 1949; x_wconf 83' lang='lat' dir='ltr'><strong><em>coaocatus</em></strong></span> <span class='ocrx_word' id='word_1_165' title='bbox 996 1892 1110 1966; x_wconf 80' lang='lat' dir='ltr'><strong><em>postea</em></strong></span> <span class='ocrx_word' id='word_1_166' title='bbox 1142 1907 1207 1951; x_wconf 81' lang='lat' dir='ltr'><strong><em>aaa</em></strong></span> <span class='ocrx_word' id='word_1_167' title='bbox 1239 1887 1368 1952; x_wconf 74' lang='lat' dir='ltr'><strong><em>liabitas</em></strong></span> <span class='ocrx_word' id='word_1_168' title='bbox 1397 1893 1457 1965; x_wconf 89' lang='lat' dir='ltr'><strong><em>cst,</em></strong></span> <span class='ocrx_word' id='word_1_169' title='bbox 1492 1908 1564 1951; x_wconf 86' lang='lat' dir='ltr'><strong><em>cam</em></strong></span> <span class='ocrx_word' id='word_1_170' title='bbox 1587 1891 1661 1966; x_wconf 81' lang='lat' dir='ltr'><strong><em>post</em></strong></span> <span class='ocrx_word' id='word_1_171' title='bbox 1687 1885 1910 1950; x_wconf 83' lang='lat' dir='ltr'><strong><em>Marsueasem</em></strong></span> 
     </span>
    </p>
   </div>
   <div class='ocr_carea' id='block_1_3' title="bbox 235 1987 1806 2180">
    <p class='ocr_par' dir='ltr' id='par_1_3' title="bbox 235 1987 1806 2180">
     <span class='ocr_line' id='line_1_15' title="bbox 279 1987 1462 2075; baseline 0.004 -25"><span class='ocrx_word' id='word_1_172' title='bbox 279 1989 383 2051; x_wconf 85' lang='lat' dir='ltr'><strong><em>maior</em></strong></span> <span class='ocrx_word' id='word_1_173' title='bbox 404 1987 499 2051; x_wconf 90' lang='lat' dir='ltr'><strong><em>etiam</em></strong></span> <span class='ocrx_word' id='word_1_174' title='bbox 523 1987 683 2052; x_wconf 80' lang='lat' dir='ltr'><strong><em>discordia</em></strong></span> <span class='ocrx_word' id='word_1_175' title='bbox 705 1989 789 2052; x_wconf 86' lang='lat' dir='ltr'><strong><em>iatcr</em></strong></span> <span class='ocrx_word' id='word_1_176' title='bbox 811 1987 852 2052; x_wconf 89' lang='lat' dir='ltr'><em>H</em></span> <span class='ocrx_word' id='word_1_177' title='bbox 853 1989 1025 2054; x_wconf 79' lang='lat' dir='ltr'><strong><em>lothariam</em></strong></span> <span class='ocrx_word' id='word_1_178' title='bbox 1046 1996 1076 2055; x_wconf 93' lang='lat' dir='ltr'><strong><em>et</em></strong></span> <span class='ocrx_word' id='word_1_179' title='bbox 1098 1991 1257 2057; x_wconf 86' lang='lat' dir='ltr'><strong><em>Karolam</em></strong></span> <span class='ocrx_word' id='word_1_180' title='bbox 1278 1998 1462 2075; x_wconf 73' lang='lat' dir='ltr'><strong><em>resurgeret.</em></strong></span> 
     </span>
     <span class='ocr_line' id='line_1_16' title="bbox 235 2093 1806 2180; baseline 0.003 -26"><span class='ocrx_word' id='word_1_181' title='bbox 235 2115 261 2154; x_wconf 80' lang='lat' dir='ltr'><strong><em>rs</em></strong></span> <span class='ocrx_word' id='word_1_182' title='bbox 1397 2095 1456 2180; x_wconf 90' lang='lat' dir='ltr'><strong><em>(B.</em></strong></span> <span class='ocrx_word' id='word_1_183' title='bbox 1472 2096 1520 2178; x_wconf 93' lang='lat' dir='ltr'><strong><em>II,</em></strong></span> <span class='ocrx_word' id='word_1_184' title='bbox 1538 2100 1596 2172; x_wconf 83' lang='grc'><strong><em>41;</em></strong></span> <span class='ocrx_word' id='word_1_185' title='bbox 1617 2093 1656 2160; x_wconf 92' lang='lat' dir='ltr'><strong><em>P.</em></strong></span> <span class='ocrx_word' id='word_1_186' title='bbox 1673 2095 1701 2172; x_wconf 92' lang='lat' dir='ltr'><strong><em>I,</em></strong></span> <span class='ocrx_word' id='word_1_187' title='bbox 1718 2095 1806 2178; x_wconf 84' lang='lat'><strong><em>393.)</em></strong></span> 
     </span>
    </p>
   </div>
   <div class='ocr_carea' id='block_1_4' title="bbox 230 2231 1909 4748">
    <p class='ocr_par' dir='ltr' id='par_1_4' title="bbox 281 2231 1909 2575">
     <span class='ocr_line' id='line_1_17' title="bbox 392 2231 1909 2368; baseline 0.001 -24"><span class='ocrx_word' id='word_1_188' title='bbox 392 2285 419 2347; x_wconf 95' lang='grc'><strong><em>1.</em></strong></span> <span class='ocrx_word' id='word_1_189' title='bbox 452 2231 531 2347; x_wconf 77' lang='lat' dir='ltr'><strong><em>Do¹</em></strong></span> <span class='ocrx_word' id='word_1_190' title='bbox 562 2302 643 2367; x_wconf 89' lang='lat' dir='ltr'><strong><em>pace</em></strong></span> <span class='ocrx_word' id='word_1_191' title='bbox 674 2251 708 2346; x_wconf 84' lang='lat' dir='ltr'><strong><em>et</em></strong></span> <span class='ocrx_word' id='word_1_192' title='bbox 734 2281 906 2347; x_wconf 87' lang='lat' dir='ltr'><strong><em>concordia</em></strong></span> <span class='ocrx_word' id='word_1_193' title='bbox 934 2287 1031 2366; x_wconf 89' lang='lat' dir='ltr'><strong><em>atque</em></strong></span> <span class='ocrx_word' id='word_1_194' title='bbox 1055 2281 1270 2346; x_wconf 81' lang='lat' dir='ltr'><strong><em>unanimitate</em></strong></span> <span class='ocrx_word' id='word_1_195' title='bbox 1301 2283 1397 2347; x_wconf 90' lang='lat' dir='ltr'><strong><em>trium</em></strong></span> <span class='ocrx_word' id='word_1_196' title='bbox 1426 2283 1561 2347; x_wconf 84' lang='lat' dir='ltr'><strong><em>fratrum</em></strong></span> <span class='ocrx_word' id='word_1_197' title='bbox 1594 2290 1627 2347; x_wconf 87' lang='lat' dir='ltr'><strong><em>et</em></strong></span> <span class='ocrx_word' id='word_1_198' title='bbox 1659 2293 1794 2368; x_wconf 80' lang='lat' dir='ltr'><strong><em>regum·</em></strong></span> <span class='ocrx_word' id='word_1_199' title='bbox 1824 2284 1909 2348; x_wconf 87' lang='lat' dir='ltr'><strong><em>inter</em></strong></span> 
     </span>
     <span class='ocr_line' id='line_1_18' title="bbox 281 2382 1908 2472; baseline 0.002 -24"><span class='ocrx_word' id='word_1_200' title='bbox 281 2406 333 2466; x_wconf 86' lang='lat' dir='ltr'><strong><em>se,</em></strong></span> <span class='ocrx_word' id='word_1_201' title='bbox 363 2391 396 2449; x_wconf 94' lang='lat' dir='ltr'><strong><em>et</em></strong></span> <span class='ocrx_word' id='word_1_202' title='bbox 419 2383 506 2470; x_wconf 90' lang='lat' dir='ltr'><strong><em>quod</em></strong></span> <span class='ocrx_word' id='word_1_203' title='bbox 529 2382 699 2448; x_wconf 87' lang='lat' dir='ltr'><strong><em>verissimo</em></strong></span> <span class='ocrx_word' id='word_1_204' title='bbox 728 2390 763 2449; x_wconf 90' lang='lat' dir='ltr'><strong><em>et</em></strong></span> <span class='ocrx_word' id='word_1_205' title='bbox 788 2404 853 2448; x_wconf 91' lang='lat' dir='ltr'><strong><em>non</em></strong></span> <span class='ocrx_word' id='word_1_206' title='bbox 876 2385 952 2449; x_wconf 90' lang='lat' dir='ltr'><strong><em>ficto</em></strong></span> <span class='ocrx_word' id='word_1_207' title='bbox 977 2386 1123 2449; x_wconf 85' lang='lat' dir='ltr'><strong><em>caritatis</em></strong></span> <span class='ocrx_word' id='word_1_208' title='bbox 1147 2385 1277 2449; x_wconf 90' lang='lat' dir='ltr'><strong><em>vinculo</em></strong></span> <span class='ocrx_word' id='word_1_209' title='bbox 1301 2386 1366 2450; x_wconf 91' lang='lat' dir='ltr'><strong><em>sint</em></strong></span> <span class='ocrx_word' id='word_1_210' title='bbox 1388 2387 1471 2451; x_wconf 91' lang='lat' dir='ltr'><strong><em>uniti</em></strong></span> <span class='ocrx_word' id='word_1_211' title='bbox 1499 2391 1533 2451; x_wconf 88' lang='lat' dir='ltr'><strong><em>et</em></strong></span> <span class='ocrx_word' id='word_1_212' title='bbox 1561 2393 1597 2451; x_wconf 92' lang='lat' dir='ltr'><strong><em>ut</em></strong></span> <span class='ocrx_word' id='word_1_213' title='bbox 1619 2387 1728 2451; x_wconf 89' lang='lat' dir='ltr'><strong><em>nullus</em></strong></span> <span class='ocrx_word' id='word_1_214' title='bbox 1751 2385 1908 2472; x_wconf 79' lang='lat' dir='ltr'><strong><em>deinceps</em></strong></span> 
     </span>
     <span class='ocr_line' id='line_1_19' title="bbox 281 2487 1229 2575; baseline 0.001 -24"><span class='ocrx_word' id='word_1_215' title='bbox 281 2487 509 2552; x_wconf 79' lang='lat' dir='ltr'><strong><em>scandalorum</em></strong></span> <span class='ocrx_word' id='word_1_216' title='bbox 533 2488 619 2552; x_wconf 89' lang='lat' dir='ltr'><strong><em>inter</em></strong></span> <span class='ocrx_word' id='word_1_217' title='bbox 642 2508 700 2553; x_wconf 92' lang='lat' dir='ltr'><strong><em>eos</em></strong></span> <span class='ocrx_word' id='word_1_218' title='bbox 723 2488 912 2552; x_wconf 84' lang='lat' dir='ltr'><strong><em>occasiones</em></strong></span> <span class='ocrx_word' id='word_1_219' title='bbox 936 2509 1048 2553; x_wconf 89' lang='lat' dir='ltr'><strong><em>serere</em></strong></span> <span class='ocrx_word' id='word_1_220' title='bbox 1071 2490 1185 2575; x_wconf 87' lang='lat' dir='ltr'><strong><em>possit.</em></strong></span> <span class='ocrx_word' id='word_1_221' title='bbox 1228 2511 1229 2516; x_wconf 49' lang='lat'>¹</span> 
     </span>
    </p>

    <p class='ocr_par' dir='ltr' id='par_1_5' title="bbox 390 2585 1907 2679">
     <span class='ocr_line' id='line_1_20' title="bbox 390 2585 1907 2679; baseline -0.001 -23"><span class='ocrx_word' id='word_1_222' title='bbox 390 2595 420 2659; x_wconf 89' lang='grc'><strong>8.</strong></span> <span class='ocrx_word' id='word_1_223' title='bbox 453 2585 516 2656; x_wconf 84' lang='lat' dir='ltr'><strong><em>Ut¹</em></strong></span> <span class='ocrx_word' id='word_1_224' title='bbox 542 2593 607 2679; x_wconf 92' lang='lat' dir='ltr'><strong><em>ipsi</em></strong></span> <span class='ocrx_word' id='word_1_225' title='bbox 629 2598 742 2656; x_wconf 90' lang='lat' dir='ltr'><strong><em>mutuo</em></strong></span> <span class='ocrx_word' id='word_1_226' title='bbox 767 2592 827 2656; x_wconf 90' lang='lat' dir='ltr'><strong><em>sibi</em></strong></span> <span class='ocrx_word' id='word_1_227' title='bbox 851 2592 1054 2657; x_wconf 86' lang='lat' dir='ltr'><strong><em>auxilientur</em></strong></span> <span class='ocrx_word' id='word_1_228' title='bbox 1076 2599 1110 2657; x_wconf 88' lang='lat' dir='ltr'><strong><em>et</em></strong></span> <span class='ocrx_word' id='word_1_229' title='bbox 1133 2599 1245 2657; x_wconf 89' lang='lat' dir='ltr'><strong><em>contra</em></strong></span> <span class='ocrx_word' id='word_1_230' title='bbox 1268 2591 1332 2656; x_wconf 88' lang='lat' dir='ltr'><strong><em>Dei</em></strong></span> <span class='ocrx_word' id='word_1_231' title='bbox 1356 2599 1555 2677; x_wconf 86' lang='lat' dir='ltr'><strong><em>sanctaeque</em></strong></span> <span class='ocrx_word' id='word_1_232' title='bbox 1580 2593 1742 2658; x_wconf 89' lang='lat' dir='ltr'><strong><em>ecclesiae</em></strong></span> <span class='ocrx_word' id='word_1_233' title='bbox 1770 2614 1808 2658; x_wconf 90' lang='lat' dir='ltr'><strong><em>ac</em></strong></span> <span class='ocrx_word' id='word_1_234' title='bbox 1832 2613 1907 2656; x_wconf 92' lang='lat' dir='ltr'><strong><em>suos</em></strong></span> 
     </span>
    </p>

    <p class='ocr_par' dir='ltr' id='par_1_6' title="bbox 233 2695 1443 2782">
     <span class='ocr_line' id='line_1_21' title="bbox 233 2695 1443 2782; baseline 0.002 -24"><span class='ocrx_word' id='word_1_235' title='bbox 233 2719 261 2759; x_wconf 82' lang='lat' dir='ltr'><strong><em>eo</em></strong></span> <span class='ocrx_word' id='word_1_236' title='bbox 280 2695 428 2760; x_wconf 90' lang='lat' dir='ltr'><strong><em>inimicos</em></strong></span> <span class='ocrx_word' id='word_1_237' title='bbox 452 2695 632 2761; x_wconf 85' lang='lat' dir='ltr'><strong><em>seeundum</em></strong></span> <span class='ocrx_word' id='word_1_238' title='bbox 654 2695 911 2782; x_wconf 72' lang='lat' dir='ltr'><strong><em>oportunitatem</em></strong></span> <span class='ocrx_word' id='word_1_239' title='bbox 935 2697 1093 2782; x_wconf 90' lang='lat' dir='ltr'><strong><em>temporis</em></strong></span> <span class='ocrx_word' id='word_1_240' title='bbox 1115 2696 1256 2761; x_wconf 82' lang='lat' dir='ltr'><strong><em>invicem</em></strong></span> <span class='ocrx_word' id='word_1_241' title='bbox 1279 2695 1443 2761; x_wconf 86' lang='lat' dir='ltr'><strong><em>adiuvent.</em></strong></span> 
     </span>
    </p>

    <p class='ocr_par' dir='ltr' id='par_1_7' title="bbox 278 2799 1906 2990">
     <span class='ocr_line' id='line_1_22' title="bbox 387 2799 1906 2886; baseline -0.002 -21"><span class='ocrx_word' id='word_1_242' title='bbox 387 2803 416 2866; x_wconf 85' lang='lat'><strong><em>3.</em></strong></span> <span class='ocrx_word' id='word_1_243' title='bbox 450 2799 496 2864; x_wconf 92' lang='lat' dir='ltr'><strong><em>Ut</em></strong></span> <span class='ocrx_word' id='word_1_244' title='bbox 516 2820 613 2865; x_wconf 90' lang='lat' dir='ltr'><strong><em>nemo</em></strong></span> <span class='ocrx_word' id='word_1_245' title='bbox 630 2819 687 2886; x_wconf 88' lang='lat' dir='ltr'><strong><em>per</em></strong></span> <span class='ocrx_word' id='word_1_246' title='bbox 703 2799 882 2884; x_wconf 90' lang='lat' dir='ltr'><strong><em>quamlibet</em></strong></span> <span class='ocrx_word' id='word_1_247' title='bbox 898 2799 1110 2886; x_wconf 88' lang='lat' dir='ltr'><strong><em>cupiditatem</em></strong></span> <span class='ocrx_word' id='word_1_248' title='bbox 1128 2800 1220 2884; x_wconf 90' lang='lat' dir='ltr'><strong><em>leges</em></strong></span> <span class='ocrx_word' id='word_1_249' title='bbox 1237 2799 1328 2885; x_wconf 88' lang='lat' dir='ltr'><strong><em>pacis</em></strong></span> <span class='ocrx_word' id='word_1_250' title='bbox 1343 2801 1376 2864; x_wconf 91' lang='lat' dir='ltr'><strong><em>in</em></strong></span> <span class='ocrx_word' id='word_1_251' title='bbox 1393 2799 1569 2864; x_wconf 85' lang='lat' dir='ltr'><strong><em>cuiuslibet</em></strong></span> <span class='ocrx_word' id='word_1_252' title='bbox 1585 2820 1697 2864; x_wconf 90' lang='lat' dir='ltr'><strong><em>eorum</em></strong></span> <span class='ocrx_word' id='word_1_253' title='bbox 1712 2820 1813 2883; x_wconf 90' lang='lat' dir='ltr'><strong><em>regno</em></strong></span> <span class='ocrx_word' id='word_1_254' title='bbox 1829 2819 1906 2862; x_wconf 85' lang='lat' dir='ltr'><strong><em>eon—</em></strong></span> 
     </span>
     <span class='ocr_line' id='line_1_23' title="bbox 278 2901 1906 2990; baseline -0.002 -20"><span class='ocrx_word' id='word_1_255' title='bbox 278 2904 423 2970; x_wconf 71' lang='lat' dir='ltr'><strong><em>vellerel&#39;</em></strong></span> <span class='ocrx_word' id='word_1_256' title='bbox 444 2910 648 2990; x_wconf 80' lang='lat' dir='ltr'><strong><em>praesumat:</em></strong></span> <span class='ocrx_word' id='word_1_257' title='bbox 678 2901 794 2988; x_wconf 92' lang='lat' dir='ltr'><strong><em>quodsi</em></strong></span> <span class='ocrx_word' id='word_1_258' title='bbox 812 2902 921 2968; x_wconf 83' lang='lat' dir='ltr'><strong><em>tacere</em></strong></span> <span class='ocrx_word' id='word_1_259' title='bbox 937 2905 1204 2990; x_wconf 83' lang='lat' dir='ltr'><strong><em>praesumpserit,</em></strong></span> <span class='ocrx_word' id='word_1_260' title='bbox 1229 2924 1433 2968; x_wconf 89' lang='lat' dir='ltr'><strong><em>communem</em></strong></span> <span class='ocrx_word' id='word_1_261' title='bbox 1455 2902 1495 2967; x_wconf 88' lang='lat' dir='ltr'><strong><em>ab</em></strong></span> <span class='ocrx_word' id='word_1_262' title='bbox 1518 2902 1566 2967; x_wconf 91' lang='lat' dir='ltr'><strong><em>eis</em></strong></span> <span class='ocrx_word' id='word_1_263' title='bbox 1581 2903 1738 2967; x_wconf 89' lang='lat' dir='ltr'><strong><em>ultionem</em></strong></span> <span class='ocrx_word' id='word_1_264' title='bbox 1753 2903 1906 2967; x_wconf 87' lang='lat' dir='ltr'><strong><em>incurrat.</em></strong></span> 
     </span>
    </p>

    <p class='ocr_par' dir='ltr' id='par_1_8' title="bbox 279 3004 1906 3196">
     <span class='ocr_line' id='line_1_24' title="bbox 387 3004 1906 3092; baseline -0.003 -22"><span class='ocrx_word' id='word_1_265' title='bbox 387 3011 416 3073; x_wconf 79' lang='lat' dir='ltr'><strong><em>l.</em></strong></span> <span class='ocrx_word' id='word_1_266' title='bbox 451 3007 498 3071; x_wconf 91' lang='lat' dir='ltr'><strong><em>Ut</em></strong></span> <span class='ocrx_word' id='word_1_267' title='bbox 527 3006 690 3071; x_wconf 85' lang='lat' dir='ltr'><strong><em>eeclesiae</em></strong></span> <span class='ocrx_word' id='word_1_268' title='bbox 718 3005 860 3070; x_wconf 82' lang='lat' dir='ltr'><strong><em>Christi⁰</em></strong></span> <span class='ocrx_word' id='word_1_269' title='bbox 890 3027 950 3090; x_wconf 90' lang='lat' dir='ltr'><strong><em>per</em></strong></span> <span class='ocrx_word' id='word_1_270' title='bbox 981 3027 1076 3070; x_wconf 89' lang='lat' dir='ltr'><strong><em>omne</em></strong></span> <span class='ocrx_word' id='word_1_271' title='bbox 1108 3027 1222 3072; x_wconf 85' lang='lat' dir='ltr'><strong><em>eorum</em></strong></span> <span class='ocrx_word' id='word_1_272' title='bbox 1254 3027 1390 3091; x_wconf 89' lang='lat' dir='ltr'><strong><em>regnum</em></strong></span> <span class='ocrx_word' id='word_1_273' title='bbox 1422 3006 1594 3092; x_wconf 88' lang='lat' dir='ltr'><strong><em>pristinam</em></strong></span> <span class='ocrx_word' id='word_1_274' title='bbox 1625 3005 1817 3090; x_wconf 88' lang='lat' dir='ltr'><strong><em>dignitatem</em></strong></span> <span class='ocrx_word' id='word_1_275' title='bbox 1847 3004 1906 3068; x_wconf 92' lang='lat' dir='ltr'><strong><em>ho-</em></strong></span> 
     </span>
     <span class='ocr_line' id='line_1_25' title="bbox 279 3099 1906 3196; baseline -0.001 -22"><span class='ocrx_word' id='word_1_276' title='bbox 279 3131 459 3196; x_wconf 89' lang='lat' dir='ltr'><strong><em>noremque</em></strong></span> <span class='ocrx_word' id='word_1_277' title='bbox 476 3099 676 3184; x_wconf 79' lang='lat' dir='ltr'><strong><em>retineant²;</em></strong></span> <span class='ocrx_word' id='word_1_278' title='bbox 700 3115 734 3174; x_wconf 89' lang='lat' dir='ltr'><strong><em>et</em></strong></span> <span class='ocrx_word' id='word_1_279' title='bbox 749 3107 902 3194; x_wconf 91' lang='lat' dir='ltr'><strong><em>quicquid</em></strong></span> <span class='ocrx_word' id='word_1_280' title='bbox 918 3109 1095 3195; x_wconf 86' lang='lat' dir='ltr'><strong><em>superstite</em></strong></span> <span class='ocrx_word' id='word_1_281' title='bbox 1111 3108 1230 3174; x_wconf 91' lang='lat' dir='ltr'><strong><em>domno</em></strong></span> <span class='ocrx_word' id='word_1_282' title='bbox 1247 3109 1442 3174; x_wconf 87' lang='lat' dir='ltr'><strong><em>Hludowico</em></strong></span> <span class='ocrx_word' id='word_1_283' title='bbox 1459 3110 1656 3194; x_wconf 90' lang='lat' dir='ltr'><strong><em>imperatore</em></strong></span> <span class='ocrx_word' id='word_1_284' title='bbox 1671 3109 1742 3173; x_wconf 90' lang='lat' dir='ltr'><strong><em>iure</em></strong></span> <span class='ocrx_word' id='word_1_285' title='bbox 1758 3108 1906 3193; x_wconf 88' lang='lat' dir='ltr'><strong><em>legitimo</em></strong></span> 
     </span>
    </p>

    <p class='ocr_par' dir='ltr' id='par_1_9' title="bbox 233 3205 1209 3301">
     <span class='ocr_line' id='line_1_26' title="bbox 233 3205 1209 3301; baseline 0.001 -25"><span class='ocrx_word' id='word_1_286' title='bbox 233 3237 261 3276; x_wconf 76' lang='lat' dir='ltr'><strong><em>es</em></strong></span> <span class='ocrx_word' id='word_1_287' title='bbox 280 3215 510 3301; x_wconf 90' lang='lat' dir='ltr'><strong><em>possederunt,</em></strong></span> <span class='ocrx_word' id='word_1_288' title='bbox 533 3212 658 3299; x_wconf 87' lang='lat' dir='ltr'><strong><em>absque</em></strong></span> <span class='ocrx_word' id='word_1_289' title='bbox 681 3213 749 3278; x_wconf 91' lang='lat' dir='ltr'><strong><em>ulla</em></strong></span> <span class='ocrx_word' id='word_1_290' title='bbox 771 3212 995 3278; x_wconf 88' lang='lat' dir='ltr'><strong><em>deminutione</em></strong></span> <span class='ocrx_word' id='word_1_291' title='bbox 1019 3205 1209 3298; x_wconf 81' lang='lat' dir='ltr'><strong><em>recipiant3.</em></strong></span> 
     </span>
    </p>

    <p class='ocr_par' dir='ltr' id='par_1_10' title="bbox 278 3314 1907 3609">
     <span class='ocr_line' id='line_1_27' title="bbox 388 3314 1907 3402; baseline -0.002 -21"><span class='ocrx_word' id='word_1_292' title='bbox 388 3322 417 3382; x_wconf 83' lang='lat'><strong><em>5.</em></strong></span> <span class='ocrx_word' id='word_1_293' title='bbox 452 3315 498 3381; x_wconf 92' lang='lat' dir='ltr'><strong><em>Ut</em></strong></span> <span class='ocrx_word' id='word_1_294' title='bbox 520 3316 659 3400; x_wconf 91' lang='lat' dir='ltr'><strong><em>singulis</em></strong></span> <span class='ocrx_word' id='word_1_295' title='bbox 680 3337 791 3381; x_wconf 87' lang='lat' dir='ltr'><strong><em>eorum</em></strong></span> <span class='ocrx_word' id='word_1_296' title='bbox 808 3314 959 3379; x_wconf 90' lang='lat' dir='ltr'><strong><em>fidelibus</em></strong></span> <span class='ocrx_word' id='word_1_297' title='bbox 980 3315 1056 3379; x_wconf 89' lang='lat' dir='ltr'><strong><em>talis</em></strong></span> <span class='ocrx_word' id='word_1_298' title='bbox 1078 3315 1134 3381; x_wconf 83' lang='lat' dir='ltr'><strong><em>lex</em></strong></span> <span class='ocrx_word' id='word_1_299' title='bbox 1151 3321 1372 3396; x_wconf 80' lang='lat' dir='ltr'><strong><em>conservetur,</em></strong></span> <span class='ocrx_word' id='word_1_300' title='bbox 1397 3315 1527 3401; x_wconf 88' lang='lat' dir='ltr'><strong><em>qualem</em></strong></span> <span class='ocrx_word' id='word_1_301' title='bbox 1544 3315 1745 3402; x_wconf 89' lang='lat' dir='ltr'><strong><em>temporibus</em></strong></span> <span class='ocrx_word' id='word_1_302' title='bbox 1762 3315 1907 3402; x_wconf 88' lang='lat' dir='ltr'><strong><em>priorum</em></strong></span> 
     </span>
     <span class='ocr_line' id='line_1_28' title="bbox 278 3417 1906 3507; baseline -0.003 -21"><span class='ocrx_word' id='word_1_303' title='bbox 278 3442 392 3507; x_wconf 91' lang='lat' dir='ltr'><strong><em>regum</em></strong></span> <span class='ocrx_word' id='word_1_304' title='bbox 421 3427 455 3485; x_wconf 91' lang='lat' dir='ltr'><strong><em>et</em></strong></span> <span class='ocrx_word' id='word_1_305' title='bbox 481 3419 657 3506; x_wconf 89' lang='lat' dir='ltr'><strong><em>praecipuo</em></strong></span> <span class='ocrx_word' id='word_1_306' title='bbox 687 3420 738 3484; x_wconf 87' lang='lat' dir='ltr'><strong><em>avi</em></strong></span> <span class='ocrx_word' id='word_1_307' title='bbox 761 3419 929 3505; x_wconf 89' lang='lat' dir='ltr'><strong><em>patrisque</em></strong></span> <span class='ocrx_word' id='word_1_308' title='bbox 954 3439 1065 3483; x_wconf 87' lang='lat' dir='ltr'><strong><em>eorum</em></strong></span> <span class='ocrx_word' id='word_1_309' title='bbox 1088 3417 1245 3483; x_wconf 86' lang='lat' dir='ltr'><strong><em>habuisse</em></strong></span> <span class='ocrx_word' id='word_1_310' title='bbox 1274 3426 1467 3497; x_wconf 87' lang='lat' dir='ltr'><strong><em>noscuntur,</em></strong></span> <span class='ocrx_word' id='word_1_311' title='bbox 1499 3419 1526 3482; x_wconf 93' lang='lat' dir='ltr'><strong><em>si</em></strong></span> <span class='ocrx_word' id='word_1_312' title='bbox 1550 3425 1660 3484; x_wconf 90' lang='lat' dir='ltr'><strong><em>tamen</em></strong></span> <span class='ocrx_word' id='word_1_313' title='bbox 1689 3425 1723 3484; x_wconf 89' lang='lat' dir='ltr'><strong><em>et</em></strong></span> <span class='ocrx_word' id='word_1_314' title='bbox 1753 3418 1817 3505; x_wconf 91' lang='lat' dir='ltr'><strong><em>ipsi</em></strong></span> <span class='ocrx_word' id='word_1_315' title='bbox 1838 3418 1906 3504; x_wconf 89' lang='lat' dir='ltr'><strong><em>pri·</em></strong></span> 
     </span>
     <span class='ocr_line' id='line_1_29' title="bbox 278 3523 963 3609; baseline -0.007 -20"><span class='ocrx_word' id='word_1_316' title='bbox 278 3525 398 3590; x_wconf 90' lang='lat' dir='ltr'><strong><em>stiuam</em></strong></span> <span class='ocrx_word' id='word_1_317' title='bbox 421 3523 520 3589; x_wconf 87' lang='lat' dir='ltr'><strong><em>fidem</em></strong></span> <span class='ocrx_word' id='word_1_318' title='bbox 543 3543 622 3608; x_wconf 84' lang='lat' dir='ltr'><strong><em>erga</em></strong></span> <span class='ocrx_word' id='word_1_319' title='bbox 648 3523 733 3609; x_wconf 91' lang='lat' dir='ltr'><strong><em>ipsos</em></strong></span> <span class='ocrx_word' id='word_1_320' title='bbox 758 3528 963 3586; x_wconf 83' lang='lat' dir='ltr'><strong><em>conservent.</em></strong></span> 
     </span>
    </p>

    <p class='ocr_par' dir='ltr' id='par_1_11' title="bbox 387 3624 1905 3712">
     <span class='ocr_line' id='line_1_30' title="bbox 387 3624 1905 3712; baseline -0.003 -21"><span class='ocrx_word' id='word_1_321' title='bbox 387 3630 417 3693; x_wconf 97' lang='grc'><strong>6.</strong></span> <span class='ocrx_word' id='word_1_322' title='bbox 451 3625 497 3690; x_wconf 91' lang='lat' dir='ltr'><strong><em>Ut</em></strong></span> <span class='ocrx_word' id='word_1_323' title='bbox 519 3626 654 3712; x_wconf 87' lang='lat' dir='ltr'><strong><em>rapinae</em></strong></span> <span class='ocrx_word' id='word_1_324' title='bbox 679 3632 712 3690; x_wconf 91' lang='lat' dir='ltr'><strong><em>et</em></strong></span> <span class='ocrx_word' id='word_1_325' title='bbox 728 3624 1009 3711; x_wconf 86' lang='lat' dir='ltr'><strong><em>depraedationes,</em></strong></span> <span class='ocrx_word' id='word_1_326' title='bbox 1033 3645 1117 3710; x_wconf 88' lang='lat' dir='ltr'><strong><em>quae</em></strong></span> <span class='ocrx_word' id='word_1_327' title='bbox 1135 3625 1228 3710; x_wconf 90' lang='lat' dir='ltr'><strong><em>quasi</em></strong></span> <span class='ocrx_word' id='word_1_328' title='bbox 1250 3626 1319 3689; x_wconf 91' lang='lat' dir='ltr'><strong><em>iure</em></strong></span> <span class='ocrx_word' id='word_1_329' title='bbox 1340 3625 1489 3709; x_wconf 89' lang='lat' dir='ltr'><strong><em>legitimo</em></strong></span> <span class='ocrx_word' id='word_1_330' title='bbox 1506 3624 1666 3692; x_wconf 90' lang='lat' dir='ltr'><strong><em>hactenus</em></strong></span> <span class='ocrx_word' id='word_1_331' title='bbox 1688 3626 1796 3691; x_wconf 86' lang='lat' dir='ltr'><strong><em>factae</em></strong></span> <span class='ocrx_word' id='word_1_332' title='bbox 1820 3631 1905 3702; x_wconf 83' lang='lat' dir='ltr'><strong><em>sunt,</em></strong></span> 
     </span>
    </p>

    <p class='ocr_par' dir='ltr' id='par_1_12' title="bbox 231 3727 1904 3818">
     <span class='ocr_line' id='line_1_31' title="bbox 231 3727 1904 3818; baseline -0.002 -25"><span class='ocrx_word' id='word_1_333' title='bbox 231 3754 259 3793; x_wconf 78' lang='lat' dir='ltr'><strong><em>eo</em></strong></span> <span class='ocrx_word' id='word_1_334' title='bbox 278 3732 409 3818; x_wconf 88' lang='lat' dir='ltr'><strong><em>penitus</em></strong></span> <span class='ocrx_word' id='word_1_335' title='bbox 437 3729 686 3809; x_wconf 80' lang='lat' dir='ltr'><strong><em>interdicantur,</em></strong></span> <span class='ocrx_word' id='word_1_336' title='bbox 718 3735 752 3793; x_wconf 91' lang='lat' dir='ltr'><strong><em>et</em></strong></span> <span class='ocrx_word' id='word_1_337' title='bbox 778 3749 874 3792; x_wconf 89' lang='lat' dir='ltr'><strong><em>nemo</em></strong></span> <span class='ocrx_word' id='word_1_338' title='bbox 897 3749 932 3793; x_wconf 91' lang='lat' dir='ltr'><strong><em>se</em></strong></span> <span class='ocrx_word' id='word_1_339' title='bbox 955 3727 1087 3814; x_wconf 91' lang='lat' dir='ltr'><strong><em>impune</em></strong></span> <span class='ocrx_word' id='word_1_340' title='bbox 1110 3727 1293 3813; x_wconf 88' lang='lat' dir='ltr'><strong><em>posthaec</em></strong></span> <span class='ocrx_word' id='word_1_341' title='bbox 1318 3750 1374 3793; x_wconf 90' lang='lat' dir='ltr'><strong><em>eas</em></strong></span> <span class='ocrx_word' id='word_1_342' title='bbox 1398 3750 1609 3815; x_wconf 88' lang='lat' dir='ltr'><strong><em>praesumere</em></strong></span> <span class='ocrx_word' id='word_1_343' title='bbox 1632 3751 1730 3815; x_wconf 88' lang='lat' dir='ltr'><strong><em>posse</em></strong></span> <span class='ocrx_word' id='word_1_344' title='bbox 1754 3727 1904 3793; x_wconf 87' lang='lat' dir='ltr'><strong><em>confidat.</em></strong></span> 
     </span>
    </p>

    <p class='ocr_par' dir='ltr' id='par_1_13' title="bbox 275 3823 1904 4230">
     <span class='ocr_line' id='line_1_32' title="bbox 387 3823 1903 3919; baseline -0.001 -23"><span class='ocrx_word' id='word_1_345' title='bbox 387 3836 416 3898; x_wconf 79' lang='lat'><strong><em>7.</em></strong></span> <span class='ocrx_word' id='word_1_346' title='bbox 450 3834 496 3898; x_wconf 92' lang='lat' dir='ltr'><strong><em>Ut</em></strong></span> <span class='ocrx_word' id='word_1_347' title='bbox 518 3834 550 3897; x_wconf 92' lang='lat' dir='ltr'><strong><em>in</em></strong></span> <span class='ocrx_word' id='word_1_348' title='bbox 575 3833 712 3917; x_wconf 90' lang='lat' dir='ltr'><strong><em>singulis</em></strong></span> <span class='ocrx_word' id='word_1_349' title='bbox 735 3831 882 3919; x_wconf 86' lang='lat' dir='ltr'><strong><em>partibus</em></strong></span> <span class='ocrx_word' id='word_1_350' title='bbox 904 3832 997 3916; x_wconf 90' lang='lat' dir='ltr'><strong><em>regni</em></strong></span> <span class='ocrx_word' id='word_1_351' title='bbox 1021 3831 1112 3896; x_wconf 89' lang='lat' dir='ltr'><strong><em>missi</em></strong></span> <span class='ocrx_word' id='word_1_352' title='bbox 1134 3831 1243 3896; x_wconf 91' lang='lat' dir='ltr'><strong><em>idonei</em></strong></span> <span class='ocrx_word' id='word_1_353' title='bbox 1268 3823 1538 3915; x_wconf 73' lang='lat' dir='ltr'><strong><em>constituantur4,</em></strong></span> <span class='ocrx_word' id='word_1_354' title='bbox 1569 3833 1624 3918; x_wconf 94' lang='lat' dir='ltr'><strong><em>qui</em></strong></span> <span class='ocrx_word' id='word_1_355' title='bbox 1647 3833 1799 3918; x_wconf 90' lang='lat' dir='ltr'><strong><em>querelas</em></strong></span> <span class='ocrx_word' id='word_1_356' title='bbox 1821 3851 1903 3918; x_wconf 88' lang='lat' dir='ltr'><strong><em>pau·</em></strong></span> 
     </span>
     <span class='ocr_line' id='line_1_33' title="bbox 275 3930 1904 4025; baseline -0.003 -21"><span class='ocrx_word' id='word_1_357' title='bbox 275 3930 412 4025; x_wconf 75' lang='lat' dir='ltr'><strong><em>perum5</em></strong></span> <span class='ocrx_word' id='word_1_358' title='bbox 442 3944 475 4002; x_wconf 90' lang='lat' dir='ltr'><strong><em>et</em></strong></span> <span class='ocrx_word' id='word_1_359' title='bbox 503 3938 734 4024; x_wconf 89' lang='lat' dir='ltr'><strong><em>oppressiones</em></strong></span> <span class='ocrx_word' id='word_1_360' title='bbox 768 3937 836 4001; x_wconf 84' lang='lat' dir='ltr'><strong><em>sive</em></strong></span> <span class='ocrx_word' id='word_1_361' title='bbox 867 3955 1143 4022; x_wconf 88' lang='lat' dir='ltr'><strong><em>quorumcumque</em></strong></span> <span class='ocrx_word' id='word_1_362' title='bbox 1175 3955 1292 4000; x_wconf 88' lang='lat' dir='ltr'><strong><em>causas</em></strong></span> <span class='ocrx_word' id='word_1_363' title='bbox 1325 3938 1512 4002; x_wconf 86' lang='lat' dir='ltr'><strong><em>examinare</em></strong></span> <span class='ocrx_word' id='word_1_364' title='bbox 1547 3944 1580 4001; x_wconf 89' lang='lat' dir='ltr'><strong><em>et</em></strong></span> <span class='ocrx_word' id='word_1_365' title='bbox 1610 3935 1789 4001; x_wconf 90' lang='lat' dir='ltr'><strong><em>secundum</em></strong></span> <span class='ocrx_word' id='word_1_366' title='bbox 1819 3936 1904 4019; x_wconf 88' lang='lat' dir='ltr'><strong><em>legis</em></strong></span> 
     </span>
     <span class='ocr_line' id='line_1_34' title="bbox 275 4031 1903 4128; baseline -0.004 -22"><span class='ocrx_word' id='word_1_367' title='bbox 275 4042 474 4128; x_wconf 89' lang='lat' dir='ltr'><strong><em>aequitatem</em></strong></span> <span class='ocrx_word' id='word_1_368' title='bbox 492 4043 624 4106; x_wconf 84' lang='lat' dir='ltr'><strong><em>valeant</em></strong></span> <span class='ocrx_word' id='word_1_369' title='bbox 647 4031 813 4104; x_wconf 83' lang='lat' dir='ltr'><strong><em>definire⁶.</em></strong></span> <span class='ocrx_word' id='word_1_370' title='bbox 848 4038 892 4102; x_wconf 80' lang='lat' dir='ltr'><strong><em>llt</em></strong></span> <span class='ocrx_word' id='word_1_371' title='bbox 915 4039 941 4102; x_wconf 91' lang='lat' dir='ltr'><strong><em>si</em></strong></span> <span class='ocrx_word' id='word_1_372' title='bbox 966 4037 1007 4103; x_wconf 90' lang='lat' dir='ltr'><strong><em>ab</em></strong></span> <span class='ocrx_word' id='word_1_373' title='bbox 1030 4060 1095 4103; x_wconf 93' lang='lat' dir='ltr'><strong><em>uno</em></strong></span> <span class='ocrx_word' id='word_1_374' title='bbox 1117 4039 1150 4103; x_wconf 91' lang='lat' dir='ltr'><strong><em>in</em></strong></span> <span class='ocrx_word' id='word_1_375' title='bbox 1174 4038 1264 4102; x_wconf 86' lang='lat' dir='ltr'><strong><em>aliud</em></strong></span> <span class='ocrx_word' id='word_1_376' title='bbox 1285 4060 1422 4124; x_wconf 89' lang='lat' dir='ltr'><strong><em>regnum</em></strong></span> <span class='ocrx_word' id='word_1_377' title='bbox 1438 4039 1622 4105; x_wconf 91' lang='lat' dir='ltr'><strong><em>huiusmodi</em></strong></span> <span class='ocrx_word' id='word_1_378' title='bbox 1639 4043 1903 4125; x_wconf 89' lang='lat' dir='ltr'><strong><em>praesumptores</em></strong></span> 
     </span>
     <span class='ocr_line' id='line_1_35' title="bbox 276 4134 1013 4230; baseline -0.003 -21"><span class='ocrx_word' id='word_1_379' title='bbox 276 4145 493 4230; x_wconf 86' lang='lat' dir='ltr'><strong><em>confugerint,</em></strong></span> <span class='ocrx_word' id='word_1_380' title='bbox 515 4145 560 4209; x_wconf 93' lang='lat' dir='ltr'><strong><em>ibi</em></strong></span> <span class='ocrx_word' id='word_1_381' title='bbox 585 4144 736 4208; x_wconf 88' lang='lat' dir='ltr'><strong><em>similiter</em></strong></span> <span class='ocrx_word' id='word_1_382' title='bbox 759 4134 1013 4229; x_wconf 68' lang='lat' dir='ltr'><strong><em>opprimanturl.</em></strong></span> 
     </span>
    </p>

    <p class='ocr_par' dir='ltr' id='par_1_14' title="bbox 230 4243 1905 4439">
     <span class='ocr_line' id='line_1_36' title="bbox 230 4243 1905 4331; baseline -0.002 -21"><span class='ocrx_word' id='word_1_383' title='bbox 230 4271 257 4311; x_wconf 81' lang='lat' dir='ltr'><strong><em>ss</em></strong></span> <span class='ocrx_word' id='word_1_384' title='bbox 385 4252 414 4315; x_wconf 89' lang='lat'><strong><em>8.</em></strong></span> <span class='ocrx_word' id='word_1_385' title='bbox 448 4249 493 4313; x_wconf 92' lang='lat' dir='ltr'><strong><em>Ut</em></strong></span> <span class='ocrx_word' id='word_1_386' title='bbox 517 4248 626 4312; x_wconf 91' lang='lat' dir='ltr'><strong><em>nullus</em></strong></span> <span class='ocrx_word' id='word_1_387' title='bbox 649 4247 683 4310; x_wconf 89' lang='lat' dir='ltr'><strong><em>in</em></strong></span> <span class='ocrx_word' id='word_1_388' title='bbox 707 4247 796 4311; x_wconf 91' lang='lat' dir='ltr'><strong><em>omni</em></strong></span> <span class='ocrx_word' id='word_1_389' title='bbox 819 4266 932 4309; x_wconf 89' lang='lat' dir='ltr'><strong><em>eorum</em></strong></span> <span class='ocrx_word' id='word_1_390' title='bbox 955 4266 1058 4330; x_wconf 88' lang='lat' dir='ltr'><strong><em>regno</em></strong></span> <span class='ocrx_word' id='word_1_391' title='bbox 1082 4244 1237 4331; x_wconf 89' lang='lat' dir='ltr'><strong><em>deinceps</em></strong></span> <span class='ocrx_word' id='word_1_392' title='bbox 1260 4251 1389 4331; x_wconf 88' lang='lat' dir='ltr'><strong><em>raptum</em></strong></span> <span class='ocrx_word' id='word_1_393' title='bbox 1411 4247 1521 4311; x_wconf 87' lang='lat' dir='ltr'><strong><em>facere</em></strong></span> <span class='ocrx_word' id='word_1_394' title='bbox 1544 4251 1747 4331; x_wconf 87' lang='lat' dir='ltr'><strong><em>praesumat,</em></strong></span> <span class='ocrx_word' id='word_1_395' title='bbox 1774 4249 1846 4324; x_wconf 89' lang='lat' dir='ltr'><strong><em>aut,</em></strong></span> <span class='ocrx_word' id='word_1_396' title='bbox 1876 4243 1905 4306; x_wconf 91' lang='lat' dir='ltr'><strong><em>si</em></strong></span> 
     </span>
     <span class='ocr_line' id='line_1_37' title="bbox 275 4351 759 4439; baseline -0.008 -21"><span class='ocrx_word' id='word_1_397' title='bbox 275 4353 402 4433; x_wconf 85' lang='lat' dir='ltr'><strong><em>fecerit,</em></strong></span> <span class='ocrx_word' id='word_1_398' title='bbox 424 4353 574 4438; x_wconf 87' lang='lat' dir='ltr'><strong><em>legaliter</em></strong></span> <span class='ocrx_word' id='word_1_399' title='bbox 597 4351 759 4439; x_wconf 88' lang='lat' dir='ltr'><strong><em>puniatur.</em></strong></span> 
     </span>
    </p>

    <p class='ocr_par' dir='ltr' id='par_1_15' title="bbox 275 4451 1909 4748">
     <span class='ocr_line' id='line_1_38' title="bbox 385 4451 1909 4540; baseline -0.005 -20"><span class='ocrx_word' id='word_1_400' title='bbox 385 4459 414 4520; x_wconf 83' lang='lat'><strong><em>9.</em></strong></span> <span class='ocrx_word' id='word_1_401' title='bbox 449 4455 495 4520; x_wconf 92' lang='lat' dir='ltr'><strong><em>Ut</em></strong></span> <span class='ocrx_word' id='word_1_402' title='bbox 525 4476 638 4540; x_wconf 89' lang='lat' dir='ltr'><strong><em>regum</em></strong></span> <span class='ocrx_word' id='word_1_403' title='bbox 669 4455 727 4518; x_wconf 91' lang='lat' dir='ltr'><strong><em>filii</em></strong></span> <span class='ocrx_word' id='word_1_404' title='bbox 757 4453 939 4538; x_wconf 84' lang='lat' dir='ltr'><strong><em>legitimam</em></strong></span> <span class='ocrx_word' id='word_1_405' title='bbox 969 4452 1186 4517; x_wconf 86' lang='lat' dir='ltr'><strong><em>hereditatem</em></strong></span> <span class='ocrx_word' id='word_1_406' title='bbox 1218 4453 1312 4538; x_wconf 90' lang='lat' dir='ltr'><strong><em>regni</em></strong></span> <span class='ocrx_word' id='word_1_407' title='bbox 1344 4452 1524 4518; x_wconf 90' lang='lat' dir='ltr'><strong><em>secundum</em></strong></span> <span class='ocrx_word' id='word_1_408' title='bbox 1553 4451 1704 4516; x_wconf 88' lang='lat' dir='ltr'><strong><em>definitas</em></strong></span> <span class='ocrx_word' id='word_1_409' title='bbox 1736 4451 1909 4537; x_wconf 51' lang='lat' dir='ltr'><strong><em>praesenti¹</em></strong></span> 
     </span>
     <span class='ocr_line' id='line_1_39' title="bbox 275 4549 1903 4648; baseline -0.006 -23"><span class='ocrx_word' id='word_1_410' title='bbox 275 4567 422 4647; x_wconf 87' lang='lat' dir='ltr'><strong><em>tempore</em></strong></span> <span class='ocrx_word' id='word_1_411' title='bbox 446 4561 612 4648; x_wconf 88' lang='lat' dir='ltr'><strong><em>portiones</em></strong></span> <span class='ocrx_word' id='word_1_412' title='bbox 635 4565 711 4646; x_wconf 90' lang='lat' dir='ltr'><strong><em>post</em></strong></span> <span class='ocrx_word' id='word_1_413' title='bbox 734 4579 791 4624; x_wconf 90' lang='lat' dir='ltr'><strong><em>eos</em></strong></span> <span class='ocrx_word' id='word_1_414' title='bbox 815 4549 1014 4630; x_wconf 76' lang='lat' dir='ltr'><strong><em>retineant⁸;</em></strong></span> <span class='ocrx_word' id='word_1_415' title='bbox 1038 4563 1072 4623; x_wconf 89' lang='lat' dir='ltr'><strong><em>et</em></strong></span> <span class='ocrx_word' id='word_1_416' title='bbox 1094 4558 1172 4635; x_wconf 89' lang='lat' dir='ltr'><strong><em>hoc,</em></strong></span> <span class='ocrx_word' id='word_1_417' title='bbox 1197 4559 1391 4643; x_wconf 89' lang='lat' dir='ltr'><strong><em>quicumque</em></strong></span> <span class='ocrx_word' id='word_1_418' title='bbox 1416 4577 1459 4621; x_wconf 85' lang='lat' dir='ltr'><strong><em>ex</em></strong></span> <span class='ocrx_word' id='word_1_419' title='bbox 1481 4556 1532 4621; x_wconf 90' lang='lat' dir='ltr'><strong><em>his</em></strong></span> <span class='ocrx_word' id='word_1_420' title='bbox 1556 4555 1711 4619; x_wconf 88' lang='lat' dir='ltr'><strong><em>fratribus</em></strong></span> <span class='ocrx_word' id='word_1_421' title='bbox 1735 4560 1903 4640; x_wconf 89' lang='lat' dir='ltr'><strong><em>superstes</em></strong></span> 
     </span>
     <span class='ocr_line' id='line_1_40' title="bbox 276 4650 1901 4748; baseline -0.005 -19"><span class='ocrx_word' id='word_1_422' title='bbox 276 4663 429 4729; x_wconf 87' lang='lat' dir='ltr'><strong><em>fratribus</em></strong></span> <span class='ocrx_word' id='word_1_423' title='bbox 451 4664 560 4746; x_wconf 84' lang='lat' dir='ltr'><strong><em>fuerit,</em></strong></span> <span class='ocrx_word' id='word_1_424' title='bbox 585 4663 779 4745; x_wconf 90' lang='lat' dir='ltr'><strong><em>consentiat,</em></strong></span> <span class='ocrx_word' id='word_1_425' title='bbox 803 4663 830 4726; x_wconf 90' lang='lat' dir='ltr'><strong><em>si</em></strong></span> <span class='ocrx_word' id='word_1_426' title='bbox 846 4669 956 4728; x_wconf 87' lang='lat' dir='ltr'><strong><em>tamen</em></strong></span> <span class='ocrx_word' id='word_1_427' title='bbox 973 4663 1035 4748; x_wconf 90' lang='lat' dir='ltr'><strong><em>ipsi</em></strong></span> <span class='ocrx_word' id='word_1_428' title='bbox 1052 4669 1189 4748; x_wconf 88' lang='lat' dir='ltr'><strong><em>nepotes</em></strong></span> <span class='ocrx_word' id='word_1_429' title='bbox 1204 4663 1329 4748; x_wconf 90' lang='lat' dir='ltr'><strong><em>patruis</em></strong></span> <span class='ocrx_word' id='word_1_430' title='bbox 1344 4650 1558 4728; x_wconf 84' lang='lat' dir='ltr'><strong><em>obedientes⁹</em></strong></span> <span class='ocrx_word' id='word_1_431' title='bbox 1575 4680 1649 4724; x_wconf 90' lang='lat' dir='ltr'><strong><em>esse</em></strong></span> <span class='ocrx_word' id='word_1_432' title='bbox 1666 4658 1901 4726; x_wconf 89' lang='lat' dir='ltr'><strong><em>consenserint.</em></strong></span> 
     </span>
    </p>
   </div>
   <div class='ocr_carea' id='block_1_5' title="bbox 230 4865 1083 4940">
    <p class='ocr_par' dir='ltr' id='par_1_16' title="bbox 230 4865 1083 4940">
     <span class='ocr_line' id='line_1_41' title="bbox 230 4865 1083 4940; baseline -0.006 -15"><span class='ocrx_word' id='word_1_433' title='bbox 230 4886 257 4925; x_wconf 76' lang='lat' dir='ltr'><strong><em>ou</em></strong></span> <span class='ocrx_word' id='word_1_434' title='bbox 379 4869 406 4936; x_wconf 84' lang='lat' dir='ltr'><strong><em>a)</em></strong></span> <span class='ocrx_word' id='word_1_435' title='bbox 424 4888 532 4940; x_wconf 86' lang='lat' dir='ltr'><strong><em>regnum</em></strong></span> <span class='ocrx_word' id='word_1_436' title='bbox 551 4870 574 4923; x_wconf 91' lang='lat'><strong><em>1.</em></strong></span> <span class='ocrx_word' id='word_1_437' title='bbox 662 4870 690 4935; x_wconf 82' lang='lat' dir='ltr'><strong><em>b)</em></strong></span> <span class='ocrx_word' id='word_1_438' title='bbox 709 4868 819 4921; x_wconf 86' lang='lat' dir='ltr'><strong><em>evellere</em></strong></span> <span class='ocrx_word' id='word_1_439' title='bbox 835 4865 861 4919; x_wconf 87' lang='grc'><strong>8.</strong></span> <span class='ocrx_word' id='word_1_440' title='bbox 949 4866 974 4934; x_wconf 87' lang='lat' dir='ltr'><strong><em>e)</em></strong></span> <span class='ocrx_word' id='word_1_441' title='bbox 992 4885 1040 4919; x_wconf 87' lang='lat' dir='ltr'><strong><em>om.</em></strong></span> <span class='ocrx_word' id='word_1_442' title='bbox 1058 4867 1083 4920; x_wconf 85' lang='grc'><strong>8.</strong></span> 
     </span>
    </p>
   </div>
   <div class='ocr_carea' id='block_1_6' title="bbox 228 5047 1904 5846">
    <p class='ocr_par' dir='ltr' id='par_1_17' title="bbox 228 5047 1904 5846">
     <span class='ocr_line' id='line_1_42' title="bbox 379 5047 1902 5121; baseline -0.005 -13"><span class='ocrx_word' id='word_1_443' title='bbox 379 5057 405 5120; x_wconf 94' lang='lat' dir='ltr'><strong><em>l)</em></strong></span> <span class='ocrx_word' id='word_1_444' title='bbox 425 5053 482 5121; x_wconf 81' lang='lat' dir='ltr'><strong><em>Cfr.</em></strong></span> <span class='ocrx_word' id='word_1_445' title='bbox 502 5052 608 5108; x_wconf 81' lang='lat' dir='ltr'><strong><em>Diuisio</em></strong></span> <span class='ocrx_word' id='word_1_446' title='bbox 620 5053 679 5121; x_wconf 88' lang='grc'><strong>806,</strong></span> <span class='ocrx_word' id='word_1_447' title='bbox 698 5051 795 5119; x_wconf 79' lang='lat' dir='ltr'><strong><em>toral,</em></strong></span> <span class='ocrx_word' id='word_1_448' title='bbox 810 5068 839 5120; x_wconf 82' lang='lat' dir='ltr'><strong><em>p.</em></strong></span> <span class='ocrx_word' id='word_1_449' title='bbox 854 5053 912 5120; x_wconf 86' lang='grc'><strong>188,</strong></span> <span class='ocrx_word' id='word_1_450' title='bbox 931 5053 983 5107; x_wconf 86' lang='lat' dir='ltr'><strong><em>c.6</em></strong></span> <span class='ocrx_word' id='word_1_451' title='bbox 1002 5051 1121 5119; x_wconf 83' lang='lat' dir='ltr'><strong><em>(Diuisio</em></strong></span> <span class='ocrx_word' id='word_1_452' title='bbox 1135 5052 1195 5120; x_wconf 85' lang='lat'><strong><em>831,</em></strong></span> <span class='ocrx_word' id='word_1_453' title='bbox 1213 5066 1298 5118; x_wconf 83' lang='lat' dir='ltr'><strong><em>supra</em></strong></span> <span class='ocrx_word' id='word_1_454' title='bbox 1312 5067 1342 5120; x_wconf 84' lang='lat' dir='ltr'><strong><em>p.</em></strong></span> <span class='ocrx_word' id='word_1_455' title='bbox 1354 5051 1398 5118; x_wconf 90' lang='grc'><strong><em>88,</em></strong></span> <span class='ocrx_word' id='word_1_456' title='bbox 1414 5050 1482 5118; x_wconf 73' lang='lat' dir='ltr'><strong><em>ct).</em></strong></span> <span class='ocrx_word' id='word_1_457' title='bbox 1501 5049 1569 5118; x_wconf 98' lang='grc' dir='ltr'><strong><em>[Κ]</em></strong></span> <span class='ocrx_word' id='word_1_458' title='bbox 1674 5048 1702 5115; x_wconf 91' lang='grc'><strong>8)</strong></span> <span class='ocrx_word' id='word_1_459' title='bbox 1721 5047 1827 5101; x_wconf 81' lang='lat' dir='ltr'><strong><em>Divisio</em></strong></span> <span class='ocrx_word' id='word_1_460' title='bbox 1842 5047 1902 5114; x_wconf 90' lang='grc'><strong>806,</strong></span> 
     </span>
     <span class='ocr_line' id='line_1_43' title="bbox 274 5149 1902 5226; baseline -0.004 -16"><span class='ocrx_word' id='word_1_461' title='bbox 274 5159 291 5210; x_wconf 86' lang='grc'><strong><em>1.</em></strong></span> <span class='ocrx_word' id='word_1_462' title='bbox 309 5174 330 5212; x_wconf 92' lang='lat' dir='ltr'><strong><em>c.</em></strong></span> <span class='ocrx_word' id='word_1_463' title='bbox 352 5175 381 5226; x_wconf 85' lang='lat' dir='ltr'><strong><em>p.</em></strong></span> <span class='ocrx_word' id='word_1_464' title='bbox 395 5157 458 5224; x_wconf 90' lang='grc'><strong>189,</strong></span> <span class='ocrx_word' id='word_1_465' title='bbox 481 5172 502 5212; x_wconf 87' lang='lat' dir='ltr'><strong><em>c.</em></strong></span> <span class='ocrx_word' id='word_1_466' title='bbox 521 5158 553 5211; x_wconf 88' lang='grc'><strong><em>15</em></strong></span> <span class='ocrx_word' id='word_1_467' title='bbox 579 5155 696 5222; x_wconf 84' lang='lat' dir='ltr'><strong><em>(Diuisio</em></strong></span> <span class='ocrx_word' id='word_1_468' title='bbox 713 5156 779 5222; x_wconf 87' lang='grc'><strong>831,</strong></span> <span class='ocrx_word' id='word_1_469' title='bbox 806 5169 894 5224; x_wconf 84' lang='lat' dir='ltr'><strong><em>supra</em></strong></span> <span class='ocrx_word' id='word_1_470' title='bbox 914 5171 943 5223; x_wconf 82' lang='lat' dir='ltr'><strong><em>p.</em></strong></span> <span class='ocrx_word' id='word_1_471' title='bbox 960 5157 1007 5223; x_wconf 88' lang='grc'><strong>83,</strong></span> <span class='ocrx_word' id='word_1_472' title='bbox 1030 5171 1052 5210; x_wconf 92' lang='lat' dir='ltr'><strong><em>c.</em></strong></span> <span class='ocrx_word' id='word_1_473' title='bbox 1067 5157 1120 5224; x_wconf 89' lang='lat'><strong><em>11).</em></strong></span> <span class='ocrx_word' id='word_1_474' title='bbox 1155 5153 1224 5225; x_wconf 92' lang='grc' dir='ltr'><strong><em>[Κ]</em></strong></span> <span class='ocrx_word' id='word_1_475' title='bbox 1345 5153 1372 5220; x_wconf 88' lang='lat'><strong><em>3)</em></strong></span> <span class='ocrx_word' id='word_1_476' title='bbox 1399 5152 1456 5218; x_wconf 80' lang='lat' dir='ltr'><strong><em>Gfr.</em></strong></span> <span class='ocrx_word' id='word_1_477' title='bbox 1476 5151 1542 5220; x_wconf 82' lang='lat' dir='ltr'><strong><em>Gap.</em></strong></span> <span class='ocrx_word' id='word_1_478' title='bbox 1566 5149 1716 5205; x_wconf 71' lang='lat' dir='ltr'><strong><em>ammedera</em></strong></span> <span class='ocrx_word' id='word_1_479' title='bbox 1738 5167 1760 5206; x_wconf 92' lang='lat' dir='ltr'><strong><em>c.</em></strong></span> <span class='ocrx_word' id='word_1_480' title='bbox 1777 5154 1802 5206; x_wconf 92' lang='grc'><strong><em>5.</em></strong></span> <span class='ocrx_word' id='word_1_481' title='bbox 1834 5149 1902 5220; x_wconf 90' lang='grc' dir='ltr'><strong><em>[Κ]</em></strong></span> 
     </span>
     <span class='ocr_line' id='line_1_44' title="bbox 272 5252 1903 5329; baseline -0.004 -15"><span class='ocrx_word' id='word_1_482' title='bbox 272 5262 302 5327; x_wconf 83' lang='grc'><strong><em>4)</em></strong></span> <span class='ocrx_word' id='word_1_483' title='bbox 327 5259 384 5327; x_wconf 81' lang='lat' dir='ltr'><strong><em>Cfr.</em></strong></span> <span class='ocrx_word' id='word_1_484' title='bbox 407 5276 476 5329; x_wconf 84' lang='lat' dir='ltr'><strong><em>quac</em></strong></span> <span class='ocrx_word' id='word_1_485' title='bbox 497 5259 611 5314; x_wconf 65' lang='lat' dir='ltr'><strong><em>desani</em></strong></span> <span class='ocrx_word' id='word_1_486' title='bbox 638 5259 669 5312; x_wconf 79' lang='lat' dir='ltr'><strong><em>in</em></strong></span> <span class='ocrx_word' id='word_1_487' title='bbox 686 5258 884 5328; x_wconf 75' lang='lat' dir='ltr'><strong><em>‘Mitteiiunoeu</em></strong></span> <span class='ocrx_word' id='word_1_488' title='bbox 908 5257 953 5311; x_wconf 76' lang='lat' dir='ltr'><strong><em>aa</em></strong></span> <span class='ocrx_word' id='word_1_489' title='bbox 971 5258 1037 5312; x_wconf 83' lang='lat' dir='ltr'><strong><em>last.</em></strong></span> <span class='ocrx_word' id='word_1_490' title='bbox 1060 5257 1081 5324; x_wconf 76' lang='lat' dir='ltr'><strong><em>f.</em></strong></span> <span class='ocrx_word' id='word_1_491' title='bbox 1104 5263 1193 5312; x_wconf 77' lang='lat' dir='ltr'><strong><em>datar.</em></strong></span> <span class='ocrx_word' id='word_1_492' title='bbox 1216 5254 1467 5322; x_wconf 76' lang='lat' dir='ltr'><strong><em>Gcsdrr&#39;rlrtssorscb!</em></strong></span> <span class='ocrx_word' id='word_1_493' title='bbox 1483 5259 1545 5310; x_wconf 74' lang='lat' dir='ltr'><strong><em>mm.</em></strong></span> <span class='ocrx_word' id='word_1_494' title='bbox 1559 5253 1619 5322; x_wconf 86' lang='lat' dir='ltr'><strong><em>XI,</em></strong></span> <span class='ocrx_word' id='word_1_495' title='bbox 1643 5269 1672 5322; x_wconf 87' lang='lat' dir='ltr'><strong><em>p.</em></strong></span> <span class='ocrx_word' id='word_1_496' title='bbox 1684 5253 1737 5309; x_wconf 86' lang='grc'><strong><em>838</em></strong></span> <span class='ocrx_word' id='word_1_497' title='bbox 1748 5269 1801 5322; x_wconf 83' lang='lat' dir='ltr'><strong><em>sqq.</em></strong></span> <span class='ocrx_word' id='word_1_498' title='bbox 1835 5252 1903 5322; x_wconf 94' lang='grc' dir='ltr'><strong><em>[Κ]</em></strong></span> 
     </span>
     <span class='ocr_line' id='line_1_45' title="bbox 273 5356 1903 5432; baseline -0.006 -14"><span class='ocrx_word' id='word_1_499' title='bbox 273 5365 302 5432; x_wconf 92' lang='grc'><strong><em>5)</em></strong></span> <span class='ocrx_word' id='word_1_500' title='bbox 331 5363 383 5431; x_wconf 69' lang='lat' dir='ltr'><strong><em>Otr.</em></strong></span> <span class='ocrx_word' id='word_1_501' title='bbox 408 5364 515 5432; x_wconf 79' lang='lat' dir='ltr'><strong><em>eeaapl.</em></strong></span> <span class='ocrx_word' id='word_1_502' title='bbox 539 5379 580 5432; x_wconf 76' lang='lat' dir='ltr'><strong><em>pr.</em></strong></span> <span class='ocrx_word' id='word_1_503' title='bbox 601 5361 665 5430; x_wconf 81' lang='lat' dir='ltr'><strong><em>Gap.</em></strong></span> <span class='ocrx_word' id='word_1_504' title='bbox 688 5363 759 5418; x_wconf 83' lang='lat' dir='ltr'><strong><em>miss.</em></strong></span> <span class='ocrx_word' id='word_1_505' title='bbox 778 5378 839 5431; x_wconf 75' lang='lat' dir='ltr'><strong><em>pen.</em></strong></span> <span class='ocrx_word' id='word_1_506' title='bbox 857 5361 923 5428; x_wconf 89' lang='grc'><strong>808,</strong></span> <span class='ocrx_word' id='word_1_507' title='bbox 949 5365 1008 5414; x_wconf 75' lang='lat' dir='ltr'><strong><em>tona</em></strong></span> <span class='ocrx_word' id='word_1_508' title='bbox 1028 5359 1059 5428; x_wconf 91' lang='lat' dir='ltr'><strong><em>I,</em></strong></span> <span class='ocrx_word' id='word_1_509' title='bbox 1083 5376 1112 5427; x_wconf 77' lang='lat' dir='ltr'><strong><em>p.</em></strong></span> <span class='ocrx_word' id='word_1_510' title='bbox 1131 5361 1180 5428; x_wconf 87' lang='grc'><strong>98,</strong></span> <span class='ocrx_word' id='word_1_511' title='bbox 1205 5376 1226 5414; x_wconf 89' lang='lat' dir='ltr'><strong><em>c.</em></strong></span> <span class='ocrx_word' id='word_1_512' title='bbox 1240 5362 1263 5413; x_wconf 88' lang='lat'><strong><em>1.</em></strong></span> <span class='ocrx_word' id='word_1_513' title='bbox 1300 5357 1366 5429; x_wconf 86' lang='grc' dir='ltr'><strong><em>[Κ]</em></strong></span> <span class='ocrx_word' id='word_1_514' title='bbox 1471 5359 1499 5428; x_wconf 90' lang='grc'><strong>6)</strong></span> <span class='ocrx_word' id='word_1_515' title='bbox 1524 5357 1581 5424; x_wconf 68' lang='lat' dir='ltr'><strong><em>Otr.</em></strong></span> <span class='ocrx_word' id='word_1_516' title='bbox 1600 5356 1822 5428; x_wconf 69' lang='lat' dir='ltr'><strong><em>Reposcere,</em></strong></span> <span class='ocrx_word' id='word_1_517' title='bbox 1847 5357 1863 5411; x_wconf 88' lang='lat' dir='ltr'><strong><em>l.</em></strong></span> <span class='ocrx_word' id='word_1_518' title='bbox 1881 5371 1903 5410; x_wconf 88' lang='lat' dir='ltr'><strong><em>c.</em></strong></span> 
     </span>
     <span class='ocr_line' id='line_1_46' title="bbox 228 5458 1903 5538; baseline -0.006 -15"><span class='ocrx_word' id='word_1_519' title='bbox 228 5489 255 5528; x_wconf 71' lang='lat'><strong><em>45</em></strong></span> <span class='ocrx_word' id='word_1_520' title='bbox 269 5485 300 5538; x_wconf 88' lang='lat' dir='ltr'><strong><em>p.</em></strong></span> <span class='ocrx_word' id='word_1_521' title='bbox 317 5469 381 5536; x_wconf 84' lang='lat'><strong><em>315,</em></strong></span> <span class='ocrx_word' id='word_1_522' title='bbox 408 5484 430 5522; x_wconf 92' lang='lat' dir='ltr'><strong><em>c.</em></strong></span> <span class='ocrx_word' id='word_1_523' title='bbox 448 5467 472 5522; x_wconf 85' lang='lat'><strong><em>9.</em></strong></span> <span class='ocrx_word' id='word_1_524' title='bbox 500 5466 569 5538; x_wconf 93' lang='grc' dir='ltr'><strong><em>[Κ]</em></strong></span> <span class='ocrx_word' id='word_1_525' title='bbox 675 5468 701 5534; x_wconf 81' lang='lat' dir='ltr'><strong><em>l)</em></strong></span> <span class='ocrx_word' id='word_1_526' title='bbox 728 5465 783 5533; x_wconf 74' lang='lat' dir='ltr'><strong><em>Otr.</em></strong></span> <span class='ocrx_word' id='word_1_527' title='bbox 805 5464 885 5520; x_wconf 81' lang='lat' dir='ltr'><strong><em>Coae.</em></strong></span> <span class='ocrx_word' id='word_1_528' title='bbox 907 5480 951 5531; x_wconf 77' lang='lat' dir='ltr'><strong><em>ap.</em></strong></span> <span class='ocrx_word' id='word_1_529' title='bbox 972 5463 1123 5518; x_wconf 81' lang='lat' dir='ltr'><strong><em>Valeatiaa.</em></strong></span> <span class='ocrx_word' id='word_1_530' title='bbox 1142 5464 1206 5531; x_wconf 87' lang='grc'><strong>853,</strong></span> <span class='ocrx_word' id='word_1_531' title='bbox 1233 5462 1311 5529; x_wconf 73' lang='lat' dir='ltr'><strong><em>infra</em></strong></span> <span class='ocrx_word' id='word_1_532' title='bbox 1334 5478 1376 5516; x_wconf 84' lang='lat' dir='ltr'><strong><em>ur.</em></strong></span> <span class='ocrx_word' id='word_1_533' title='bbox 1395 5463 1459 5528; x_wconf 89' lang='grc'><strong>806,</strong></span> <span class='ocrx_word' id='word_1_534' title='bbox 1486 5459 1608 5515; x_wconf 80' lang='lat' dir='ltr'><strong><em>Adaaat.</em></strong></span> <span class='ocrx_word' id='word_1_535' title='bbox 1627 5460 1722 5515; x_wconf 84' lang='lat' dir='ltr'><strong><em>Hlotb.</em></strong></span> <span class='ocrx_word' id='word_1_536' title='bbox 1745 5477 1765 5516; x_wconf 92' lang='lat' dir='ltr'><strong><em>c.</em></strong></span> <span class='ocrx_word' id='word_1_537' title='bbox 1782 5460 1808 5516; x_wconf 89' lang='grc'><strong>8.</strong></span> <span class='ocrx_word' id='word_1_538' title='bbox 1835 5458 1903 5529; x_wconf 89' lang='grc' dir='ltr'><strong><em>[Κ]</em></strong></span> 
     </span>
     <span class='ocr_line' id='line_1_47' title="bbox 273 5565 1904 5640; baseline -0.005 -16"><span class='ocrx_word' id='word_1_539' title='bbox 273 5571 300 5638; x_wconf 86' lang='lat'><strong><em>8)</em></strong></span> <span class='ocrx_word' id='word_1_540' title='bbox 319 5569 376 5638; x_wconf 79' lang='lat' dir='ltr'><strong><em>Osr.</em></strong></span> <span class='ocrx_word' id='word_1_541' title='bbox 399 5569 542 5625; x_wconf 78' lang='lat' dir='ltr'><strong><em>Ordinatio</em></strong></span> <span class='ocrx_word' id='word_1_542' title='bbox 564 5570 668 5640; x_wconf 79' lang='lat' dir='ltr'><strong><em>imperii</em></strong></span> <span class='ocrx_word' id='word_1_543' title='bbox 685 5569 744 5636; x_wconf 82' lang='grc'><strong>817,</strong></span> <span class='ocrx_word' id='word_1_544' title='bbox 769 5575 829 5624; x_wconf 83' lang='lat' dir='ltr'><strong><em>tau.</em></strong></span> <span class='ocrx_word' id='word_1_545' title='bbox 844 5569 873 5636; x_wconf 89' lang='lat' dir='ltr'><strong><em>I,</em></strong></span> <span class='ocrx_word' id='word_1_546' title='bbox 894 5585 926 5637; x_wconf 87' lang='lat' dir='ltr'><strong><em>p.</em></strong></span> <span class='ocrx_word' id='word_1_547' title='bbox 943 5567 1006 5635; x_wconf 83' lang='grc'><strong>818,</strong></span> <span class='ocrx_word' id='word_1_548' title='bbox 1031 5584 1054 5624; x_wconf 89' lang='lat' dir='ltr'><strong><em>c.</em></strong></span> <span class='ocrx_word' id='word_1_549' title='bbox 1068 5568 1109 5622; x_wconf 82' lang='lat'><strong><em>14.</em></strong></span> <span class='ocrx_word' id='word_1_550' title='bbox 1141 5567 1209 5638; x_wconf 91' lang='grc' dir='ltr'><strong><em>[Κ]</em></strong></span> <span class='ocrx_word' id='word_1_551' title='bbox 1313 5567 1340 5634; x_wconf 91' lang='grc'><strong><em>9)</em></strong></span> <span class='ocrx_word' id='word_1_552' title='bbox 1362 5566 1466 5621; x_wconf 80' lang='lat' dir='ltr'><strong><em>Dioioio</em></strong></span> <span class='ocrx_word' id='word_1_553' title='bbox 1483 5566 1547 5634; x_wconf 91' lang='grc'><strong>806,</strong></span> <span class='ocrx_word' id='word_1_554' title='bbox 1571 5566 1587 5620; x_wconf 84' lang='grc'><strong><em>1.</em></strong></span> <span class='ocrx_word' id='word_1_555' title='bbox 1604 5580 1626 5619; x_wconf 91' lang='lat' dir='ltr'><strong><em>c.</em></strong></span> <span class='ocrx_word' id='word_1_556' title='bbox 1641 5581 1670 5632; x_wconf 78' lang='lat' dir='ltr'><strong><em>p.</em></strong></span> <span class='ocrx_word' id='word_1_557' title='bbox 1684 5565 1746 5632; x_wconf 87' lang='grc'><strong>130,</strong></span> <span class='ocrx_word' id='word_1_558' title='bbox 1765 5565 1845 5619; x_wconf 84' lang='lat' dir='ltr'><strong><em>c.18:</em></strong></span> <span class='ocrx_word' id='word_1_559' title='bbox 1871 5566 1904 5616; x_wconf 89' lang='lat' dir='ltr'><strong><em>ut</em></strong></span> 
     </span>
     <span class='ocr_line' id='line_1_48' title="bbox 273 5667 1902 5743; baseline -0.006 -13"><span class='ocrx_word' id='word_1_560' title='bbox 273 5674 436 5730; x_wconf 84' lang='lat' dir='ltr'><strong><em>obedientes</em></strong></span> <span class='ocrx_word' id='word_1_561' title='bbox 459 5675 517 5728; x_wconf 84' lang='lat' dir='ltr'><strong><em>sint</em></strong></span> <span class='ocrx_word' id='word_1_562' title='bbox 537 5675 585 5740; x_wconf 88' lang='lat' dir='ltr'><strong><em>(sc.</em></strong></span> <span class='ocrx_word' id='word_1_563' title='bbox 602 5676 718 5743; x_wconf 80' lang='lat' dir='ltr'><strong><em>nepotes)</em></strong></span> <span class='ocrx_word' id='word_1_564' title='bbox 739 5674 796 5728; x_wconf 87' lang='lat' dir='ltr'><strong><em>illis</em></strong></span> <span class='ocrx_word' id='word_1_565' title='bbox 815 5672 945 5743; x_wconf 67' lang='lat' dir='ltr'><strong><em>(patrum)</em></strong></span> <span class='ocrx_word' id='word_1_566' title='bbox 963 5689 1026 5726; x_wconf 89' lang='lat' dir='ltr'><strong><em>cnm</em></strong></span> <span class='ocrx_word' id='word_1_567' title='bbox 1045 5671 1121 5726; x_wconf 86' lang='lat' dir='ltr'><strong><em>omni</em></strong></span> <span class='ocrx_word' id='word_1_568' title='bbox 1139 5671 1312 5726; x_wconf 82' lang='lat' dir='ltr'><strong><em>subiectione</em></strong></span> <span class='ocrx_word' id='word_1_569' title='bbox 1330 5687 1414 5740; x_wconf 88' lang='lat' dir='ltr'><strong><em>qnam</em></strong></span> <span class='ocrx_word' id='word_1_570' title='bbox 1433 5669 1515 5724; x_wconf 86' lang='lat' dir='ltr'><strong><em>decet</em></strong></span> <span class='ocrx_word' id='word_1_571' title='bbox 1537 5670 1566 5723; x_wconf 91' lang='lat' dir='ltr'><strong><em>in</em></strong></span> <span class='ocrx_word' id='word_1_572' title='bbox 1586 5669 1639 5723; x_wconf 85' lang='lat' dir='ltr'><strong><em>tali</em></strong></span> <span class='ocrx_word' id='word_1_573' title='bbox 1658 5667 1902 5738; x_wconf 85' lang='lat' dir='ltr'><strong><em>consanguinitate</em></strong></span> 
     </span>
     <span class='ocr_line' id='line_1_49' title="bbox 273 5771 1567 5846; baseline -0.005 -12"><span class='ocrx_word' id='word_1_574' title='bbox 273 5795 345 5844; x_wconf 69' lang='lat' dir='ltr'><strong><em>essm</em></strong></span> <span class='ocrx_word' id='word_1_575' title='bbox 372 5779 423 5846; x_wconf 77' lang='lat' dir='ltr'><strong><em>esc.</em></strong></span> <span class='ocrx_word' id='word_1_576' title='bbox 442 5777 588 5845; x_wconf 81' lang='lat' dir='ltr'><strong><em>Drtmmier,</em></strong></span> <span class='ocrx_word' id='word_1_577' title='bbox 610 5775 747 5844; x_wconf 78' lang='lat' dir='ltr'><strong><em>Ostfrdat.</em></strong></span> <span class='ocrx_word' id='word_1_578' title='bbox 767 5776 848 5832; x_wconf 80' lang='lat' dir='ltr'><strong><em>Reicb</em></strong></span> <span class='ocrx_word' id='word_1_579' title='bbox 865 5777 907 5844; x_wconf 79' lang='lat'><strong><em>1²,</em></strong></span> <span class='ocrx_word' id='word_1_580' title='bbox 920 5776 1022 5843; x_wconf 68' lang='lat' dir='ltr'><strong><em>aeuo,</em></strong></span> <span class='ocrx_word' id='word_1_581' title='bbox 1052 5774 1122 5845; x_wconf 91' lang='grc' dir='ltr'><strong><em>[Κ]</em></strong></span> <span class='ocrx_word' id='word_1_582' title='bbox 1566 5771 1567 5776; x_wconf 74' lang='grc'>’</span> 
     </span>
    </p>
   </div>
   <div class='ocr_carea' id='block_1_7' title="bbox 0 0 2322 6436">
    <p class='ocr_par' dir='ltr' id='par_1_18' title="bbox 0 0 2322 6436">
     <span class='ocr_line' id='line_1_50' title="bbox 0 0 2322 6436; baseline 0 4"><span class='ocrx_word' id='word_1_583' title='bbox 0 0 2322 6436; x_wconf 95' lang='lat' dir='ltr'><strong><em> </em></strong></span> 
     </span>
    </p>
   </div>
  </div>
 </body>
</html>
