4634 6436
541 450 812 507 ADDITAMENTA
831 453 878 506 AD
896 452 1142 508 CAPITULARIA
1162 451 1366 510 HLO'PHARII
1384 455 1403 510 1.
1423 485 1456 496 -
1475 456 1523 512 Nr.
1535 457 1595 513 227.
1815 407 1882 523 lib

259 621 354 689 Unde
377 622 485 689 Deum
513 625 646 710 gravius
673 626 715 691 ad
741 627 942 692 iracundiam
970 633 1186 713 provocarent
1215 635 1248 694 et
1277 636 1422 708 sanctos,
1454 651 1534 715 quos
1563 631 1795 697 intercessores
1822 652 1881 717 pro
1898 637 1959 692 844.

257 727 335 791 suis·
353 729 496 812 peccatis
523 727 647 794 habere
674 729 874 810 debuerant,
908 730 1053 796 infensos
1077 730 1294 796 haberentet
1317 731 1507 797 sacerdotes
1537 754 1575 798 ac
1599 735 1686 798 viros
1708 735 1881 820 religiosos

257 851 316 894 seu
340 829 460 895 Christi
483 851 659 916 pauperes,
689 853 770 917 quos
793 839 939 897 oratores
964 839 997 897 et
1022 834 1286 900 reconciliatores
1310 835 1370 898 sibi
1395 834 1434 900 de
1459 856 1517 900 suo
1542 838 1721 922 promereri
1744 859 1882 903 necesse

256 935 372 1012 fuerat,
395 933 651 1019 proclamatores
675 925 848 1000 adversum
873 957 908 1000 se
932 935 1003 1000 fieri
1026 937 1193 1001 irritarent
1215 943 1248 1000 et
1271 937 1311 1001 ad
1335 938 1498 1002 cumulum
1521 960 1652 1004 suorum
1673 947 1881 1025 peecatorum

226 1037 356 1102 aetiam
376 1037 434 1102 illa
450 1044 595 1123 peccata,
621 1038 705 1104 unde
726 1039 759 1102 in
781 1045 959 1124 conspectu
975 1038 1060 1104 Deiss
1081 1040 1241 1104 rationem
1264 1041 1296 1104 in
1317 1041 1371 1105 die
1392 1041 1547 1105 terribilis
1566 1041 1676 1107 iudicii
1695 1042 1881 1122 redderent,

257 1147 290 1205 ct
313 1147 482 1226 augerent,
506 1160 590 1225 quae
612 1142 660 1206 illi
683 1143 928 1222 commiserunt,
952 1143 1006 1228 qui
1024 1142 1139 1208 eadem
1155 1144 1228 1229 ipsa
1243 1151 1379 1229 peccata
1394 1165 1454 1230 per
1470 1145 1741 1211 intercessionem
1758 1145 1881 1211 fidelis-

256 1245 410 1310 simarum
439 1243 640 1310 oblationum
668 1244 878 1327 deleverunt,
911 1266 993 1331 quaa
1021 1247 1318 1312 ecclesiasticarum
1346 1268 1456 1312 rerum
1479 1269 1675 1334 pervasores
1698 1250 1882 1314 inconsulte

256 1355 290 1412 et
321 1349 354 1412 in
379 1347 559 1435 perniciem
591 1348 640 1412 sui
672 1350 743 1414 sine
772 1351 959 1414 reverentia
986 1349 1173 1414 abutuntur.
1219 1348 1312 1423 Quod
1340 1352 1387 1416 ita
1409 1372 1520 1417 verum
1549 1374 1635 1433 esse,
1668 1358 1705 1416 ut
1732 1352 1881 1430 dicimus,

256 1453 416 1518 Dominus
440 1459 641 1539 protestatur
664 1453 792 1519 dicens:
825 1445 1014 1518 ‘Peccata'18
1038 1454 1148 1540 populi
1171 1454 1237 1518 mei
1261 1455 1457 1520 comedunt!
1494 1455 1643 1520 Peccata·
1660 1457 1747 1520 enim
1771 1457 1882 1543 populi

214 1584 239 1622 ιο
256 1556 448 1638 comedunt,
480 1557 535 1642 qui
564 1563 675 1621 contra
704 1559 930 1622 auctoritatem
956 1556 1097 1622 divinam
1126 1579 1178 1622 res
1203 1559 1447 1623 ecclesiasticas
1474 1559 1620 1624 indebite
1644 1558 1826 1643 pervadunt
1849 1564 1883 1624 et

256 1684 317 1727 nee
345 1663 590 1726 intercessionis
617 1683 678 1747 ope
707 1683 767 1727 nec
795 1661 1048 1747 praedicationis
1079 1662 1215 1726 consilio
1239 1662 1289 1727 vel
1314 1682 1516 1748 quocumque
1540 1661 1650 1726 divino
1675 1662 1800 1727 auxilio
1824 1685 1882 1749 pro

255 1765 400 1852 peccatis
424 1785 546 1844 eorum,
571 1767 625 1850 qui
649 1787 705 1830 eas
730 1764 899 1844 dederant,
923 1763 1072 1830 laborant
1095 1787 1156 1830 nec
1179 1767 1232 1850 pio
1257 1765 1358 1850 operi,
1383 1765 1423 1830 ad
1443 1764 1529 1850 quod
1551 1764 1633 1830 fides
1657 1765 1800 1830 fidelium
1825 1787 1881 1831 eas

256 1868 448 1948 tradiderat,
478 1868 636 1934 inservire
663 1870 865 1954 permittunt.
911 1866 961 1931 De
989 1888 1052 1952 quo
1079 1867 1264 1952 periculoso
1290 1867 1377 1931 facto
1401 1888 1478 1947 vos,
1508 1867 1768 1933 christianissimi
1793 1871 1881 1956 prin-

256 1977 357 2062 cipes,
376 1972 612 2041 venerabiliter
627 1971 838 2036 admonemus
855 1977 888 2036 et
904 1972 1115 2038 devotissime
1132 1972 1352 2052 obsecramus,
1377 1978 1412 2037 ut
1428 1991 1590 2037 memores
1608 1973 1723 2038 salutis
1741 1981 1881 2055 vestrae,

212 2105 237 2144 ιι
256 2077 440 2167 praesentia
464 2075 592 2141 seilicet
615 2082 648 2140 et
668 2082 834 2150 aeternae,
858 2095 1020 2140 memores
1041 2076 1139 2140 etiam
1159 2075 1324 2160 largitatis
1340 2076 1585 2161 progenitorum
1603 2082 1786 2141 vestrorum
1803 2097 1882 2161 erga

258 2188 388 2248 sanctas
412 2179 581 2259 ecclesias,
606 2185 741 2264 propter
763 2200 861 2264 quam
883 2180 1024 2245 feliciter
1047 2186 1267 2264 regnaverunt
1289 2187 1323 2245 et
1347 2179 1411 2244 sibi
1435 2180 1612 2244 contrarios
1635 2187 1881 2266 superaverunt,

256 2308 418 2354 memores
443 2284 614 2370 siquidem,
637 2305 711 2348 cum
734 2294 856 2369 quanta
878 2284 1036 2369 religione
1060 2285 1160 2349 etiarn
1184 2291 1260 2349 ante
1278 2283 1398 2348 Christi
1421 2285 1615 2368 sanguinem
1636 2284 1717 2348 etin
1733 2291 1881 2370 tempore

256 2393 352 2457 famis
380 2391 413 2454 in
435 2389 588 2474 Aegypto
612 2386 807 2452 discretione
836 2389 940 2452 sancti
962 2388 1085 2474 Ioseph
1113 2387 1200 2473 apud
1228 2387 1404 2452 nefandum
1432 2408 1543 2472 regem
1567 2387 1773 2453 Pharaonem
1794 2395 1882 2453 terra

257 2493 470 2562 sacerdotalis
503 2482 658 2570 extititffl,
694 2491 865 2556 innumera
899 2512 1041 2580 quoque
1061 2493 1291 2578 seripturarum
1326 2490 1493 2575 exempla,
1528 2497 1564 2554 ut
1597 2491 1684 2556 lacte
1720 2492 1882 2556 ecclesiae

209 2621 237 2662 ao
254 2599 369 2665 nutriti
392 2603 426 2662 et
449 2595 607 2660 scientiae
630 2595 731 2680 ipsius
752 2594 909 2659 uberibus
931 2594 1134 2660 sufficienter
1153 2595 1280 2680 repleti,
1305 2602 1381 2659 ante
1398 2594 1508 2658 oculos
1525 2593 1722 2659 reducentes
1738 2595 1881 2659 tunicam

256 2702 388 2783 Christi,
413 2701 548 2786 quivos
571 2699 674 2783 elegit
697 2704 730 2762 et
753 2699 926 2778 exaltavit,
950 2719 1046 2783 quam
1070 2719 1132 2764 nec
1155 2697 1276 2762 milites
1300 2697 1372 2763 ausi
1395 2697 1527 2762 fuerunt
1550 2696 1711 2778 scindere,
1734 2704 1880 2784 tempore

254 2813 364 2872 vestro
393 2803 582 2890 quantotius
612 2801 797 2866 reconsuite
828 2806 862 2865 et
894 2801 1050 2866 resarcite
1082 2807 1115 2866 et
1143 2821 1203 2865 neo
1227 2800 1372 2865 violenta
1401 2799 1565 2864 ablatione
1596 2820 1657 2865 neo
1685 2801 1881 2866 inlicitorum

254 2914 482 2996 preceptorum
514 2904 757 2970 confirmatione
788 2924 840 2968 res
872 2902 914 2967 ab
947 2903 1094 2967 ecclesiis
1122 2904 1214 2968 vobis
1249 2902 1291 2967 ad
1322 2901 1477 2967 tuendum
1511 2909 1544 2966 ct
1575 2901 1811 2968 defensandum
1843 2925 1881 2968 ao

254 3009 501 3097 propagandum
530 3008 714 3072 commissis
743 3008 871 3072 auferre
899 3013 1073 3093 temptate:
1111 3007 1168 3072 sed
1196 3014 1231 3071 ut
1262 3014 1395 3073 sanctae
1424 3007 1601 3072 memoriae
1630 3029 1710 3073 avus
1734 3015 1766 3072 et
1788 3014 1883 3094 pater

208 3140 235 3179 aa
253 3120 366 3179 vester
391 3133 448 3177 eas
475 3109 705 3196 gubernandas
734 3109 826 3174 vobis
856 3110 983 3174 fautore
1006 3110 1078 3175 Deo
1108 3109 1312 3192 dimiserunt,
1342 3101 1611 3196 redintegrate20,
1643 3118 1677 3176 et
1704 3118 1882 3198 praecepta

254 3215 380 3301 regalia
403 3213 590 3280 earumdem
613 3213 825 3277 ecclesiarum
850 3218 1043 3277 conservate
1064 3234 1103 3278 ac
1125 3213 1329 3288 confirmate;
1353 3234 1405 3294 ne,
1431 3215 1516 3278 sicut
1535 3214 1708 3278 intentavit
1725 3213 1879 3280 Samuhel

253 3309 447 3407 propheta2¹
481 3318 522 3383 ad
551 3318 700 3383 Roboam
733 3317 834 3381 filium
864 3317 1047 3383 Salomonis
1082 3319 1115 3381 in
1146 3318 1368 3382 conscissione
1399 3318 1507 3404 pallii,
1541 3338 1698 3403 praesens
1732 3340 1880 3404 regnum,

253 3421 338 3508 quod
373 3423 473 3501 absit,
507 3421 601 3486 vohis
634 3427 763 3508 patrum
798 3420 910 3485 labore
946 3421 1142 3507 adquisitum
1178 3429 1211 3487 et
1242 3421 1427 3488 hereditate
1457 3421 1608 3487 relictum
1638 3444 1658 3487 a
1684 3424 1779 3487 robis
1809 3423 1879 3508 ipse

254 3523 402 3588 Christus
425 3524 549 3589 dividat
577 3531 610 3588 ct
638 3531 807 3589 aeternum
836 3545 989 3608 regnum,
1021 3523 1107 3609 quod
1128 3525 1291 3610 promisit,
1321 3546 1384 3589 non
1408 3525 1541 3590 tribuat.
1585 3524 1656 3589 Nec
1681 3530 1795 3590 contra
1816 3524 1880 3589 Dei

207 3657 235 3696 ao
252 3627 370 3693 faciem
403 3629 505 3693 iratas
537 3627 704 3692 hominum
734 3627 835 3692 facies
866 3626 1098 3701 consideretis;
1132 3628 1223 3712 quia,
1256 3629 1283 3691 si
1312 3629 1353 3692 ad
1382 3636 1511 3715 tempus
1543 3627 1608 3691 illis
1637 3627 1879 3715 displicueritis,

253 3753 328 3797 cum
351 3753 408 3796 vos
430 3731 502 3796 Deo
529 3731 716 3817 placebitis,
744 3731 777 3796 in
801 3731 893 3796 vohis
916 3731 989 3811 ille,
1020 3730 1107 3815 quod
1129 3731 1293 3815 promisit,
1321 3730 1484 3815 implebit:
1520 3721 1651 3795 ‘Cum22
1673 3728 1879 3817 placuerint’,

251 3836 413 3922 inquiens,
437 3834 588 3899 ‘Domino
612 3835 685 3900 viae
708 3835 860 3915 hominis,
884 3854 997 3900 omnes
1022 3835 1170 3899 inimicos
1194 3836 1263 3900 eius
1288 3840 1455 3899 convertet
1478 3834 1518 3898 ad
1542 3832 1678 3921 paoem’.
1725 3833 1820 3909 Quod
1843 3839 1880 3898 ut

253 3939 455 4006 commodius
472 3939 610 4003 valeatis
633 3939 779 4024 implere,
803 3939 1027 4025 unusquisque
1044 3939 1093 4002 vir
1112 3939 1352 4003 ecclesiasticus
1370 3945 1404 4004 et
1423 3939 1667 4004 intercessionis
1684 3938 1879 4003 adiutorium

254 4051 287 4110 et
311 4044 435 4124 solacii,
458 4064 521 4128 quo
545 4063 599 4107 res
621 4041 753 4128 publica
775 4042 903 4128 indiget
927 4042 1118 4124 subsidium,
1147 4043 1239 4108 iuxta
1262 4043 1476 4128 quantitatem
1500 4063 1607 4106 rerum
1632 4042 1793 4108 ecelesiae
1817 4041 1879 4106 sibi
1928 4121 1929 4124 Ἴ

207 4172 234 4211 ss
252 4148 446 4212 commissae
476 4147 566 4211 salvo
595 4147 681 4225 iure,
714 4145 800 4232 quod
828 4145 947 4210 exinde
975 4146 1093 4210 divinis
1122 4145 1422 4232 dispensationibus
1447 4143 1546 4210 debet
1572 4145 1721 4230 inpendi,
1752 4151 1879 4232 promte

252 4258 286 4315 et
313 4271 356 4315 ex
383 4251 492 4315 animo
520 4270 636 4336 parare
665 4255 698 4313 et
725 4248 870 4335 inpigre,
901 4249 984 4314 sicut
1008 4257 1155 4336 tempore
1179 4255 1424 4315 antecessorum
1447 4255 1630 4314 vestrorum
1654 4255 1878 4330 consueverat,

252 4353 397 4417 studebit
419 4353 548 4418 offerre.
1587 4373 1588 4376 ¹

360 4485 389 4546 5.
422 4479 467 4545 Et
496 4481 573 4568 quia
602 4487 716 4545 sancta
747 4481 887 4546 ecclesia
920 4482 953 4546 in
986 4502 1064 4546 area
1094 4481 1232 4546 triturae
1260 4481 1443 4546 dominicae
1471 4481 1567 4547 docta
1597 4479 1757 4565 quaedam
1790 4483 1880 4546 norit

251 4584 497 4669 redarguenda,
528 4583 688 4671 quaedam
721 4583 970 4666 dissimulanda,
1001 4584 1161 4670 quaedam
1193 4584 1293 4648 ctiam
1325 4585 1502 4669 gemenda,
1538 4605 1642 4669 usque
1676 4583 1717 4648 ad
1746 4589 1877 4670 tempus

207 4714 235 4752 ro
252 4687 463 4775 perferenda,
494 4687 723 4773 perspeximus
752 4708 792 4752 eo
820 4687 1009 4754 ferventiori
1036 4687 1122 4770 zelo,
1154 4707 1218 4772 quo
1245 4689 1368 4753 maiora
1397 4687 1588 4773 corrigenda
1616 4692 1705 4766 sunt,
1735 4694 1878 4752 vestram

252 4798 451 4880 potestatem
480 4797 513 4856 et
543 4791 756 4856 sacerdotalis
788 4792 912 4856 consilii
945 4792 1172 4856 auctoritatem
1200 4790 1360 4876 quaedam
1389 4789 1429 4855 ad
1456 4811 1614 4877 praesens
1643 4811 1686 4854 ex
1714 4811 1789 4856 asse
1813 4811 1878 4855 non

251 4897 363 4961 valere
388 4895 559 4980 corrigere.
605 4893 649 4958 Et
671 4893 745 4958 ideo
768 4893 809 4960 de
833 4896 1064 4960 canonicorum
1087 4896 1293 4962 monasteriis
1318 4902 1351 4959 et
1373 4893 1684 4972 sanctimonialium,
1707 4915 1792 4979 quae
1816 4895 1877 4959 suh

251 4997 367 5064 eadem
383 4998 488 5062 forma
503 4997 614 5062 vivere
631 4996 791 5078 dicuntur,
809 4998 1096 5078 consideravimus,
1120 5000 1205 5062 siout
1224 4997 1392 5083 apostolus
1409 4997 1530 5062 Paulus
1546 4996 1633 5076 dicit,
1650 4989 1878 5062 ‘seeundum23

251 5100 503 5186 indulgentiam,
530 5121 595 5165 non
619 5099 798 5165 seeundum
822 5101 1014 5188 imperium’,
1042 5108 1093 5183 ut,
1122 5104 1150 5166 si
1172 5107 1308 5188 propter
1330 5102 1551 5166 imminentem
1576 5101 1622 5164 rei
1645 5100 1796 5187 publicae
1818 5123 1876 5167 ne-

206 5229 233 5268 o
251 5205 440 5270 cessitatem
468 5205 560 5269 laicis
590 5203 719 5269 interim
747 5196 1040 5286 committuntur24,
1071 5207 1219 5292 episcopi
1248 5205 1467 5291 providentia,
1499 5206 1532 5268 in
1561 5205 1654 5269 euius
1685 5206 1879 5291 parroechia

251 5309 450 5388 consistunt,
481 5307 635 5372 adiuncto
662 5305 723 5370 sibi
753 5306 861 5391 aliquo
885 5305 1006 5372 abbate
1031 5309 1099 5373 viro
1122 5308 1276 5394 religioso
1301 5308 1487 5388 studeatur,
1518 5306 1659 5391 qualiter
1681 5310 1877 5373 restauratio

355 5535 398 5602 18)
420 5534 488 5590 Osca
505 5537 531 5604 4,
543 5537 568 5590 8.
669 5539 711 5604 19)
735 5537 827 5594 Geras.
845 5538 888 5606 47,
901 5538 942 5592 Ὦ.
1047 5539 1092 5606 20)
1112 5537 1169 5604 Osr.
1188 5537 1296 5593 Relatio
1312 5539 1372 5604 829,
1390 5553 1478 5606 aspro
1491 5555 1521 5608 p.
1534 5538 1577 5604 38,
1594 5539 1669 5592 ahl.
1690 5543 1714 5592 et
1734 5537 1812 5594 Corvo.
1831 5555 1877 5608 ap.

251 5639 870 5711 Mmsaomhssti,suprap.69,c.4.sli.]
939 5643 985 5710 21)
1005 5645 1028 5696 1.
1044 5641 1108 5711 Ray.
1123 5642 1218 5708 11‚30.
1282 5643 1328 5712 22)
1348 5641 1429 5695 Prota
1443 5641 1519 5708 16‚7.
1583 5639 1877 5711 hartmatus.

251 5743 296 5812 rt)
317 5741 373 5808 Osr.
393 5741 470 5798 Coae
490 5745 614 5812 Aqabpr.
633 5743 694 5810 836,
712 5744 760 5798 tc.
779 5745 854 5798 c.19.
882 5743 951 5814 [K]

1619 5836 1671 5891 15*
