4590 6428
659 437 869 510 nnnnovvrcr
887 455 936 508 ru
955 453 1208 509 carrensium.
1230 451 1260 495 4
1280 454 1328 508 ur.
1345 454 1404 509 raa.
1809 460 1848 521 19

218 629 505 714 conprehendatur
533 651 553 694 a
582 630 699 695 comite
731 635 764 694 et
792 629 879 695 ferro
907 629 1068 694 vinciatur
1097 635 1130 694 et
1160 630 1192 693 in
1223 628 1373 694 custodia
1400 630 1562 711 mittatur,
1597 627 1700 695 donec
1729 649 1782 694 res
1805 627 1847 692 ad
1866 642 1925 696 829.

219 741 365 799 nostram
388 734 537 798 notitiam
561 733 750 800 deducatur.

329 844 359 904 4.
394 836 621 922 Quicumqne1’
645 858 696 902 res
719 836 844 902 alienas
868 836 1000 901 cuilibet
1022 837 1144 901 homini
1160 836 1353 917 vendiderit,
1378 844 1411 902 et
1427 838 1498 924 ipse
1514 837 1610 901 homo
1626 835 1758 902 easdem
1775 845 1848 900 rcs‘¹

220 941 322 1005 alicui
345 942 439 1006 alteri
461 940 589 1006 dederit
612 941 680 1006 sive
701 939 896 1018 vendiderit,
921 941 1056 1026 etipse,
1080 941 1134 1027 qui
1158 947 1235 1006 tnnc
1258 940 1411 1007 easdemq
1434 963 1487 1007 res
1511 947 1714 1028 comparatas
1737 940 1847 1020 habet,

188 1073 201 1108 a
220 1066 282 1130 per
310 1046 430 1110 malum
451 1045 617 1130 ingenium
640 1045 769 1131 proprio
794 1044 861 1108 filio
884 1050 941 1109 ant
964 1044 1058 1109 alteri
1083 1044 1216 1110 cuilibet
1238 1044 1378 1110 necdum
1401 1046 1564 1132 legitimos
1590 1066 1689 1110 annos
1712 1045 1848 1110 habenti

221 1149 365 1213 iustitiae
388 1148 553 1213 tollendae
575 1169 675 1214 causa
697 1147 886 1228 tradiderit,
909 1149 1058 1212 volumus
1084 1155 1182 1234 atque
1206 1148 1341 1214 firmiter
1364 1149 1600 1236 praecipimus,
1623 1155 1677 1229 ut,
1705 1149 1733 1212 si
1754 1155 1850 1235 pater

221 1251 371 1317 eiusdem
400 1251 528 1338 parvuli
550 1253 684 1333 vixerit,
717 1253 788 1338 ipse
819 1251 918 1316 intret
946 1253 978 1315 in
1008 1273 1141 1316 cansam
1171 1253 1328 1317 rationem
1358 1252 1514 1318 reddendi
1541 1274 1600 1339 pro
1622 1253 1690 1317 filio
1714 1273 1787 1326 sno;
1821 1253 1848 1316 si

221 1362 333 1421 antem
356 1357 427 1442 ipse
450 1363 546 1442 pater
568 1361 715 1420 mortuus
745 1361 810 1436 est,
839 1361 916 1419 tunc
940 1355 1106 1439 legitimus
1131 1356 1200 1421 eius
1223 1357 1437 1442 propinquus,
1462 1356 1516 1442 qui
1538 1356 1624 1420 iuste
1648 1354 1679 1420 ei
1703 1361 1790 1420 tutor
1812 1376 1849 1420 sc

222 1459 377 1526 defensor
406 1481 481 1526 esse
510 1460 653 1542 videtur,
687 1480 746 1546 pro
778 1461 848 1546 ipso
881 1460 1039 1525 rationem
1070 1460 1205 1525 reddere
1235 1460 1457 1546 compellatur.
1504 1459 1660 1524 Similiter
1691 1459 1749 1524 der
1778 1459 1849 1523 aliis

174 1594 203 1633 ro
221 1565 371 1630 omnibus
393 1564 525 1628 iustitiis
550 1562 590 1629 ad
615 1585 689 1630 eum
713 1562 963 1650 pertinentibus,
988 1569 1130 1649 excepto
1153 1585 1212 1628 sua
1234 1564 1381 1649 legitima
1403 1562 1605 1645 hereditate,
1629 1583 1713 1649 qnae
1737 1563 1767 1627 ei
1791 1581 1851 1649 per

220 1669 461 1732 successionem
491 1674 662 1754 parentum
693 1687 824 1733 suorum
852 1667 998 1752 legitime
1022 1668 1149 1732 venire·
1178 1667 1302 1733 debuit.
1349 1667 1476 1742 Quodsi
1499 1667 1572 1753 quis
1596 1667 1680 1732 hanc
1707 1673 1850 1732 nostram

219 1771 399 1838 iussionem
430 1772 662 1857 contempserit
691 1771 744 1835 vel
774 1770 974 1855 neglexerit,
1008 1771 1092 1834 sicut
1121 1769 1161 1833 de
1190 1771 1310 1835 ceteris
1338 1769 1633 1856 contemptoribus,
1667 1771 1714 1835 ita
1740 1770 1781 1836 de
1810 1791 1850 1836 eo

220 1881 349 1960 agatur.
392 1874 427 1940 Is
450 1895 542 1955 vero,
566 1875 620 1960 qni
646 1872 778 1939 easdem
801 1859 855 1938 res
879 1873 1002 1958 primus
1026 1873 1145 1937 invasit
1168 1879 1201 1939 et
1223 1874 1343 1939 iniuste
1366 1874 1531 1956 vendidit,
1553 1895 1680 1940 necnon
1704 1881 1737 1940 et
1760 1895 1850 1960 emp-

219 1985 309 2044 tores
332 1984 473 2065 excepta
496 1978 565 2042 sola
580 1998 722 2064 persona
737 1977 863 2062 parvuli
880 1976 965 2057 hoel,
989 1976 1074 2061 qnod
1090 1976 1315 2043 fraudulenter
1330 1978 1542 2060 admiserunt,
1565 1979 1671 2044 inlra¹¹
1691 1971 1851 2066 patriam7

175 2117 201 2154 ιι
222 2082 398 2148 emendare
421 2089 579 2168 cogantur
601 2089 634 2147 et
657 2088 782 2168 postea,
806 2082 890 2146 sicut
913 2087 1155 2167 contemptores
1178 2083 1332 2158 iussionis
1356 2088 1500 2162 nostrae,
1525 2083 1585 2148 sub
1601 2082 1851 2148 fideiussoribus

220 2187 265 2252 ad
287 2192 433 2251 nostram
455 2186 677 2271 praesentiam
699 2187 812 2250 venire
838 2185 1076 2271 conpellantur.

331 2292 361 2356 5.
393 2288 465 2353 De'
487 2289 618 2354 vicariis
652 2295 686 2355 et
718 2288 932 2368 centenariis,
963 2288 1018 2374 qui
1048 2289 1154 2374 magis
1184 2294 1319 2376 propter
1347 2288 1558 2374 cupiditatem
1589 2311 1685 2376 quam
1718 2296 1852 2377 propter

219 2393 378 2459 iustitiam
400 2390 584 2457 faciendam
607 2392 801 2479 saepissime
824 2392 944 2478 placita
968 2399 1082 2458 tenent
1104 2398 1137 2457 et
1161 2393 1280 2457 exinde
1304 2393 1461 2478 populum
1484 2393 1580 2456 nimis
1604 2393 1779 2478 adfligunt,
1807 2394 1853 2458 ita

219 2502 387 2576 teneatur,
420 2497 503 2561 sicut
530 2497 564 2560 in
588 2495 768 2581 capitulare
793 2494 903 2559 domni
926 2493 1040 2560 Karoli
1063 2497 1270 2582 imperatoris
1295 2496 1479 2562 continetur
1509 2497 1543 2560 in
1571 2496 1653 2561 libro
1676 2497 1739 2562 III.
1764 2498 1851 2583 capi-

173 2632 202 2672 ρο
222 2600 294 2664 tulo
313 2599 389 2664 XL:
424 2591 523 2663 ‘Utwl
551 2599 660 2664 nullus
688 2599 730 2663 ad
759 2599 915 2686 placitum
940 2601 1156 2682 manniatur¹,
1189 2601 1248 2664 nisi
1271 2601 1326 2686 qui
1349 2621 1481 2664 causam
1506 2621 1598 2665 suam
1622 2602 1765 2686 quaerit,
1796 2607 1852 2665 aut

224 2707 255 2770 si
286 2705 368 2770 alter
398 2705 437 2799 ei!
455 2725 612 2790 quaerere
642 2703 756 2784 debet,
789 2704 939 2789 exceptis
970 2704 1113 2770 scabinis
1144 2711 1285 2791 septem,
1318 2706 1372 2790 qui
1395 2704 1435 2770 ad
1459 2705 1567 2769 omnia
1588 2704 1711 2790 placita
1733 2703 1851 2770 adesse

222 2807 368 2875 debent’
406 2807 510 2873 Itemy
526 2806 567 2873 de
590 2807 707 2872 eadem
730 2827 764 2872 re
787 2806 820 2870 in
836 2806 1009 2891 capitulari
1031 2813 1140 2872 nostro
1157 2806 1238 2872 libro
1255 2807 1314 2874 IV.
1339 2809 1480 2894 capitulo
1495 2807 1565 2873 LV:
1601 2801 1703 2874 ‘Det9
1727 2806 1852 2895 placitis

222 2913 401 3000 siquidem,
431 2932 512 2998 quos
539 2911 636 2976 liberi
662 2910 810 2976 homines
835 2909 1011 2976 observare
1034 2910 1174 2993 debent,
1199 2913 1387 2977 constitutio
1411 2913 1571 2998 genitoris
1594 2912 1698 2978 nostri
1721 2911 1852 2999 penitus

224 3016 432 3082 observande
454 3023 552 3102 atque
574 3014 717 3080 tenenda
739 3020 806 3091 est,
837 3021 874 3078 ut
897 3014 1050 3080 videlicet
1072 3014 1104 3079 in
1128 3036 1212 3079 anno
1235 3016 1298 3080 tria
1317 3016 1519 3082 solummodo
1543 3017 1710 3102 generalia
1732 3015 1853 3103 placita

174 3151 205 3191 ea
224 3121 415 3212 observent,
445 3127 480 3185 et
504 3120 613 3184 nullus
636 3140 693 3184 eos
718 3119 859 3205 amplius
882 3119 1005 3206 placita
1028 3119 1203 3184 observare
1227 3119 1406 3206 conpellat,
1438 3121 1501 3186 nisi
1529 3122 1613 3186 sorte
1637 3120 1774 3206 quilibet
1797 3125 1854 3184 aut

222 3230 397 3290 accusatus
427 3224 525 3290 fuerit
558 3229 615 3288 ant
644 3224 743 3288 alium
776 3223 979 3288 accusaverit
1013 3229 1090 3287 aut⁸
1124 3223 1166 3288 ud
1194 3225 1415 3289 testimonium
1446 3224 1687 3310 perhibendum
1717 3229 1853 3289 vocatus

221 3329 351 3394 fuerim
397 3327 449 3392 Ad
472 3335 583 3393 cetera
606 3349 699 3408 vero,
728 3348 811 3413 qnae
836 3329 1015 3392 centenarii
1038 3335 1168 3410 tenent,
1199 3351 1264 3394 non
1287 3330 1370 3395 alius
1392 3331 1504 3396 venire
1528 3330 1689 3410 iubeatur,
1713 3328 1775 3394 nisi
1799 3328 1854 3413 qui

221 3440 281 3497 aut
308 3433 414 3518 litigat
443 3439 500 3496 aut
531 3431 674 3496 iudicatb
707 3438 763 3497 aut
791 3430 1006 3498 testificatur.'
1052 3431 1096 3496 llt
1126 3433 1321 3519 quicumque
1349 3433 1446 3498 huius
1474 3433 1714 3499 constitutionis
1744 3439 1852 3496 trans-

220 3556 355 3623 gressor
376 3558 396 3601 a
419 3535 527 3600 missis
550 3537 668 3600 nostris
692 3537 844 3601 inventus
867 3535 977 3617 fuerit,
1000 3535 1144 3602 bannum
1167 3544 1316 3602 nostrum
1339 3538 1516 3624 persolvat.

171 3669 202 3708 so
332 3643 362 3706 6.
395 3639 466 3704 De⁰
488 3640 599 3704 liberis
622 3639 819 3721 hominibus,
843 3641 897 3726 qui
920 3642 1086 3727 proprium
1109 3662 1174 3706 non
1197 3642 1331 3723 habeut,
1355 3642 1412 3708 sed
1436 3643 1469 3706 in
1490 3648 1577 3706 terra
1592 3640 1755 3706 dominica
1771 3639 1853 3704 resi·

220 3742 316 3825 dent,
347 3749 384 3807 ut
409 3751 543 3829 propter
571 3765 623 3808 res
648 3742 783 3808 alterius
810 3742 851 3808 ad
875 3743 1098 3809 testimonium
1123 3765 1187 3809 non
1211 3738 1460 3832 recipiantur10;
1496 3746 1719 3810 coniuratores
1743 3749 1853 3806 tamen

221 3847 359 3911 aliorum
387 3846 565 3911 liberorum
595 3846 763 3912 hominum
790 3846 864 3912 ideo
893 3868 968 3912 esse
998 3853 1149 3934 possunt,
1182 3849 1259 3934 quia
1281 3849 1375 3914 liberi
1399 3854 1483 3913 sunt.
1530 3848 1583 3913 Illi
1605 3868 1704 3928 vero,
1735 3847 1790 3932 qui
1821 3851 1854 3909 et

221 3951 391 4037 proprium
421 3950 545 4015 habent
576 3957 609 4015 et
637 3957 747 4016 tamen
776 3951 809 4015 in
836 3956 926 4016 terra
947 3949 1113 4015 dominica
1135 3951 1296 4034 resident,
1330 3958 1465 4038 propter
1488 3951 1549 4017 hoc
1572 3973 1637 4016 non
1661 3949 1854 4030 abiciantur,

223 4056 301 4140 qnia
331 4055 364 4118 in
395 4060 484 4120 terra
506 4054 671 4120 dominica
701 4054 859 4130 resident;
895 4053 953 4119 sed
980 4060 1112 4140 propter
1134 4054 1195 4119 hoc
1224 4054 1266 4120 ad
1289 4057 1510 4120 testimoninm
1533 4055 1747 4142 recipiantur,
1778 4053 1855 4138 quia

172 4189 202 4229 ss
221 4159 390 4246 proprium
412 4158 546 4224 habent.

333 4266 360 4327 7.
396 4254 589 4327 Volumus¹¹
615 4269 713 4347 atque
736 4262 898 4343 iubemus,
921 4266 957 4325 ut
980 4261 1071 4326 missi
1095 4263 1198 4326 nostri
1219 4262 1394 4348 diligenter
1416 4263 1596 4348 inquirant,
1626 4261 1739 4348 quanti
1761 4260 1855 4325 liberi

222 4366 374 4431 homines
404 4366 436 4430 in
469 4365 607 4451 singulis
636 4366 845 4430 comitatibus
875 4371 1038 4430 maneant.
1096 4366 1182 4432 Hinc
1211 4389 1289 4432 vero
1322 4388 1362 4432 ea
1392 4365 1564 4452 diligentia
1595 4373 1629 4432 et
1659 4367 1741 4432 haec
1772 4365 1854 4428 ratio

223 4468 430 4534 examinetur
456 4489 516 4557 per
542 4469 688 4555 singulas
713 4475 885 4549 centenas,
916 4473 953 4531 ut
974 4470 1136 4536 veraciter
1160 4471 1265 4535 sciant
1289 4471 1362 4535 illos
1386 4477 1484 4556 utque
1508 4470 1712 4552 describant,
1744 4468 1855 4554 quiin

328 4675 356 4744 p)
380 4679 419 4728 De
441 4693 484 4742 eo,
511 4677 556 4743 qui
579 4693 620 4728 res
642 4676 741 4728 alienas
763 4678 871 4730 cuilibet
888 4678 984 4730 homini
1002 4679 1145 4731 vendiderit
1167 4679 1238 4729 rubr.
1258 4679 1286 4729 in
1303 4676 1339 4742 4,·
1366 4679 1405 4729 De
1423 4679 1500 4729 rebus
1519 4677 1611 4730 alienis
1632 4678 1703 4728 rubr.
1722 4676 1750 4726 in
1763 4673 1804 4726 16.
1815 4672 1856 4726 17.

173 4761 252 4828 40q)
276 4779 318 4814 res
393 4765 495 4816 easdem
514 4781 562 4815 om.
575 4760 600 4814 1.
699 4762 722 4827 r)
746 4771 771 4815 et
789 4764 821 4815 de
834 4762 944 4816 12-14.
1045 4765 1069 4832 s)
1091 4766 1192 4817 evenire
1212 4763 1322 4816 12-14.
1423 4764 1445 4828 t)
1465 4781 1513 4815 om.
1528 4760 1638 4814 12-14.
1736 4761 1766 4826 ιι)
1790 4763 1858 4812 intra

224 4847 335 4900 12-11.
422 4851 450 4914 v)
473 4851 513 4901 De
531 4850 684 4900 vicariis'et
706 4851 860 4902 centenariis
881 4852 954 4902 rubr.
972 4851 1000 4902 ia
1018 4848 1051 4915 4,·
1078 4850 1252 4918 caparosso
1269 4851 1326 4918 fine
1344 4850 1419 4901 basias
1438 4849 1591 4916 captatoris
1610 4849 1718 4900 collocat
1740 4847 1856 4900 101110.

223 4935 260 5000 vv)
279 4934 374 5002 Incipit
391 4953 448 5003 cap.
465 4935 507 4988 21.
528 4937 558 4988 iu
575 4935 651 4988 codd.
663 4933 703 4988 16.
715 4935 756 4989 17.
842 4935 871 5001 ιι)
891 4938 1028 4990 banniatur
1042 4935 1082 4990 12.
1096 4936 1258 5002 rulo-17,
1282 4937 1356 4988 amoti
1379 4937 1456 4988 etiam
1474 4936 1567 5002 Ausep.
1587 4943 1610 4986 et
1630 4935 1693 5001 cap.
1710 4935 1778 4986 mira.
1796 4932 1857 4986 803.

223 5030 283 5072 tom.
296 5021 321 5086 Ι,
333 5040 362 5088 p.
372 5021 431 5086 116,
448 5039 470 5074 c.
479 5020 522 5074 20.
611 5021 640 5089 y)
660 5022 756 5088 Incipit
773 5039 829 5089 cap.
843 5022 867 5075 6.
886 5025 914 5075 iu
932 5024 1006 5076 codd.
1019 5022 1084 5084 8.9‚·
1105 5024 1160 5076 cod.
1175 5022 1215 5076 12,
1234 5025 1302 5077 banc
1320 5026 1434 5088 soronam
1447 5024 1570 5090 praebat:
1587 5025 1659 5074 Item.
1691 5024 1730 5072 De
1749 5023 1857 5089 placitis,

224 5125 290 5174 quos
307 5108 367 5159 libri
384 5109 500 5160 homines
518 5109 655 5160 observare
673 5108 775 5173 debent,
793 5109 831 5160 ita
848 5117 972 5176 servetur,
992 5111 1060 5162 sicut
1076 5111 1102 5162 in
1115 5111 1253 5178 capitulari
1267 5109 1392 5179 nostro'in
1405 5113 1470 5163 libro
1484 5111 1528 5162 lv.
1542 5109 1655 5177 capitulo
1667 5111 1721 5161 LV.
1734 5110 1857 5177 scriptum

177 5215 206 5254 ⁴5
226 5201 274 5244 est.
309 5195 342 5245 lli
364 5195 520 5260 quicumque
542 5195 601 5246 rell.
714 5193 739 5260 a)
765 5194 859 5261 Incipit
883 5213 939 5262 cap.
956 5192 998 5246 22.
1027 5197 1054 5246 ia
1080 5196 1154 5247 codd.
1175 5195 1215 5249 10.
1234 5197 1275 5250 16.
1292 5197 1332 5250 17.
1450 5197 1477 5263 a)
1504 5203 1552 5248 ant
1646 5196 1723 5247 inerit
1747 5213 1796 5246 om.
1817 5193 1858 5247 16.

224 5279 254 5346 b)
273 5279 326 5331 Hic
337 5281 401 5348 finis
419 5290 455 5332 eat
472 5281 566 5332 codicia
583 5279 608 5332 2.
714 5281 739 5347 c)
757 5283 797 5334 De
815 5283 902 5334 liberis
920 5282 1067 5334 hominibus
1084 5283 1157 5334 rubr.
1177 5279 1206 5333 ia
1223 5282 1248 5336 4.

329 5452 356 5520 7)
374 5449 411 5505 Id
427 5455 464 5506 cst
484 5451 515 5504 iss
532 5449 733 5520 majorim,-
754 5451 801 5518 csr.
822 5450 909 5521 Solios
929 5451 1016 5508 u-o.
1031 5452 1094 5508 GV.
1109 5452 1139 5522 1,
1158 5455 1261 5524 11312.
1288 5454 1356 5525 [K]
1460 5453 1489 5520 8)
1507 5452 1604 5521 Auara.
1620 5452 1678 5522 ΠΙ,
1692 5451 1739 5520 40,
1758 5452 1857 5521 toral

225 5557 330 5625 acea
355 5556 402 5624 cfr.
421 5557 501 5610 ctiam
519 5555 585 5624 Gap.
602 5556 728 5625 Aquisffl.
746 5555 812 5624 809,
834 5558 851 5610 1.
869 5573 891 5613 c.
905 5574 934 5625 p.
949 5558 1012 5626 118,
1031 5574 1052 5613 c.
1065 5559 1090 5613 5.
1118 5557 1186 5628 [K]
1308 5559 1336 5626 9)
1355 5559 1453 5626 Anam.
1467 5555 1521 5624 IV,
1534 5557 1582 5624 55,
1606 5555 1622 5611 1.
1640 5572 1662 5612 c.
1677 5555 1784 5625 p.444‚·
1811 5557 1858 5624 cfr.

227 5659 306 5714 ctiam
319 5659 434 5730 Pippiai
446 5660 511 5730 Cep.
530 5661 587 5716 irat.
606 5659 758 5729 801-810,
777 5660 794 5715 1.
810 5675 832 5714 c.
846 5677 876 5729 p.
888 5661 948 5730 210,
966 5677 987 5717 c.
1002 5662 1049 5729 14;
1067 5659 1131 5730 Gap.
1150 5662 1221 5716 miss.
1243 5660 1337 5716 lbeod.
1352 5661 1397 5730 ΙΙ,
1416 5661 1476 5728 805,
1495 5659 1513 5714 1.
1530 5674 1552 5715 c.
1566 5675 1596 5726 p.
1611 5659 1669 5727 125,
1686 5675 1708 5716 c.
1723 5664 1763 5718 16.
1791 5661 1859 5734 [K]

183 5781 213 5824 ao
231 5765 275 5836 10)
292 5763 349 5834 Gsr.
369 5764 434 5836 cap.
448 5763 598 5822 Olouaease
615 5765 674 5836 825,
692 5765 709 5822 7.
726 5781 748 5823 c.
766 5782 792 5835 p.
807 5765 869 5834 330,
886 5781 907 5822 c.
919 5767 943 5823 7.
1036 5767 1081 5836 11)
1101 5765 1155 5835 Otr.
1174 5767 1355 5838 mprop.10,
1374 5781 1395 5822 c.
1409 5767 1443 5835 5,-
1461 5779 1492 5835 p.
1502 5765 1527 5836 7,
1545 5765 1601 5822 ci.

1615 5861 1653 5916 31

2025 6015 2270 6404 Δ
