4634 6436
427 435 469 498 82
881 431 1127 486 carrucatam
1146 429 1356 484 HLUDOWICI
1376 428 1409 481 ll.
1427 459 1462 468 -
1480 429 1529 482 Νι.
1542 427 1601 483 210.

269 611 515 684 assumente,
545 610 676 691 propter
700 605 912 691 pecuniarum
940 606 1163 691 acceptionem
1190 603 1344 690 indignus
1368 602 1504 687 quilibet
1532 601 1706 666 ordinetur.
1750 599 1795 664 Et
1817 593 1954 686 primurn
1979 601 2050 685 qui-

425 709 499 773 dem
527 707 631 793 ipsius
659 707 722 772 loci
751 707 936 793 presbyteri
959 708 1012 771 vel
1036 707 1159 772 caeteri
1182 708 1291 772 clerici
1319 704 1470 770 idoneum
1496 705 1558 769 sihi
1582 712 1742 769 rectorem
1766 704 1904 788 eligant,
1932 702 2050 768 deinde

425 811 551 898 populi,
583 810 637 896 qui
667 809 708 875 ad
736 809 872 875 eandem
902 809 1033 896 plebem
1061 811 1195 896 aspicit,
1226 814 1384 895 sequatur
1406 828 1569 873 assensus.
1615 807 1651 871 Si
1674 813 1783 872 autern
1806 807 1839 870 in
1861 808 1932 892 ipsa
1954 806 2051 892 plebe

425 915 500 979 talis
524 914 663 978 inveniri
686 934 750 978 non
772 913 926 1000 potuerit,
950 914 1005 998 qui
1028 912 1108 977 illud
1132 933 1212 998 opus
1234 917 1457 998 competenter
1475 931 1631 996 peragere
1648 911 1761 997 possit,
1785 910 2051 996 tuncepiscopus
2163 957 2164 960 ,

425 1018 465 1084 de
490 1017 568 1098 suis,
592 1038 687 1102 quem
710 1016 862 1082 idoneum
885 1017 1095 1099 iudicaverit,
1118 1017 1198 1082 inibi
1222 1017 1406 1082 constituat.
1442 1015 1529 1080 Sane
1553 1012 1753 1078 removenda
1776 1019 1828 1079 cst
1851 1012 2051 1098 quorundam
2081 1037 2093 1072 ι

425 1123 590 1207 laycorum
604 1121 788 1208 procacitas
795 1131 816 1201 ¹,
840 1121 895 1205 qui
917 1120 980 1184 hoc
1005 1120 1073 1184 solo
1090 1120 1237 1197 obtentu,
1261 1117 1347 1204 quod
1367 1117 1409 1182 ad
1425 1117 1596 1183 electionis
1611 1117 1810 1182 consortium
1827 1115 2051 1201 admittuntur,

425 1215 719 1309 archipresbyteris
753 1223 821 1287 suis
855 1221 1014 1287 dominari
1049 1228 1263 1308 praesumunt
1297 1227 1329 1286 et
1360 1241 1440 1306 quos
1474 1226 1639 1306 tamquam
1672 1224 1784 1305 patres
1812 1221 1962 1285 venerari
1994 1220 2051 1285 de·

425 1328 581 1406 buerant,
614 1327 706 1391 velut
738 1319 887 1390 s'uhditos
919 1331 1164 1411 contempnunt.
1209 1324 1256 1388 Hi
1284 1325 1385 1408 igitur
1412 1324 1498 1388 intra
1528 1323 1648 1410 proprii
1679 1323 1758 1387 iuris
1788 1325 1945 1388 terminos
1976 1332 2052 1389 sunt

425 1428 609 1514 redigendi;
637 1435 670 1494 et
693 1429 720 1492 si
744 1426 1036 1493 extraordinariam
1056 1427 1312 1492 dominationem
1335 1427 1367 1491 in
1390 1426 1560 1492 aecclesiis
1584 1447 1741 1492 exercere
1761 1428 2049 1514 praesumpserint,

427 1533 519 1617 regia
542 1537 619 1596 sunt
641 1531 813 1617 disciplina
836 1531 1041 1597 cohercendi.
2069 1551 2094 1588 ιο

533 1638 564 1700 5.
598 1634 661 1698 Hi‘
682 1654 777 1715 vero,
807 1635 862 1719 qui
891 1634 932 1698 ad
961 1632 1191 1720 gubernandas
1213 1632 1328 1719 plebes
1351 1632 1497 1718 legitime
1520 1633 1667 1718 provecti
1696 1639 1789 1712 sunt,
1821 1634 2051 1699 nullatenusa

425 1739 492 1803 suis
520 1736 684 1824 episcopis
714 1737 933 1823 repellantur,
963 1738 1026 1800 nisi
1057 1743 1114 1801 aut
1142 1736 1279 1800 alieuius
1310 1735 1452 1800 criminis
1483 1741 1608 1799 reatum
1631 1734 1804 1800 inciderint
1832 1742 1889 1801 aut
1915 1736 2048 1803 easdem

424 1839 537 1928 plebes
561 1841 644 1905 male
668 1840 887 1904 tractaverint.
925 1837 1087 1902 Tollenda
1110 1844 1161 1903 est
1184 1839 1271 1902 enim
1294 1839 1423 1902 omuino
1448 1859 1549 1924 prava
1572 1838 1792 1916 consuetodo,
1816 1861 1899 1924 quae
1922 1841 1956 1903 in
1979 1841 2049 1925 qui-

425 1943 559 2008 busdam
577 1943 657 2008 locis
674 1942 750 2007 oriri
767 1943 891 2028 coepit:
915 1943 993 2027 quia
1008 1941 1155 2006 nonnulli
1171 1941 1465 2027 archipresbyteriu
1481 1943 1533 2006 vel
1548 1942 1686 2006 aliorum
1703 1943 1869 2008 titulorum
1886 1943 2050 2024 custodes,

424 2047 536 2131 fruges
566 2047 620 2112 vel
653 2047 736 2111 alios
772 2045 983 2111 ecclesiarum
1016 2044 1162 2110 redditus
1193 2044 1234 2110 ad
1266 2045 1411 2131 proprias
1443 2043 1557 2110 domos
1590 2044 1773 2126 abducunt,
1808 2046 1939 2132 quidam
1973 2067 2049 2111 vero
2068 2068 2092 2106 rs
2133 2033 2134 2036 ¹

425 2150 562 2214 aliorum
586 2149 811 2235 possessiones
835 2147 1034 2229 conducunt,
1064 2155 1101 2212 ut
1127 2149 1160 2212 in
1185 2149 1247 2228 eis,
1277 2169 1360 2233 quac
1383 2149 1425 2213 ab
1449 2149 1597 2215 ecclesiis
1621 2150 1688 2214 suis
1710 2151 1795 2216 male
1819 2151 2050 2232 subtraxerint,

427 2253 623 2330 recondant;
647 2253 794 2318 nonnulli
816 2259 926 2318 autem
949 2252 1106 2318 laicorum
1129 2253 1161 2317 in
1185 2259 1312 2316 tanturn
1336 2273 1447 2317 eorum
1470 2253 1636 2339 nequitiae
1659 2274 1694 2318 se
1716 2254 1893 2340 complices
1916 2254 2050 2336 faciunt,

425 2363 479 2437 ut,
511 2377 595 2442 quae
625 2355 811 2421 huiusmodi
840 2361 1098 2440 transgressores
1130 2354 1171 2420 ab
1203 2354 1344 2419 ecclesia
1374 2354 1612 2442 subripuerint,
1648 2356 1710 2441 ipsi
1738 2358 1773 2420 in
1801 2357 1868 2421 suis
1898 2356 2049 2422 domibus

426 2459 639 2525 abscondant.
683 2460 782 2525 Tales
806 2480 884 2543 ergo
907 2459 1045 2545 primum
1070 2481 1089 2522 a
1112 2459 1179 2522 suis
1204 2457 1367 2545 episcopis
1392 2458 1622 2544 corripiantur;
1655 2459 1770 2544 quodsi
1800 2481 1834 2524 se
1859 2461 1954 2525 citius
1978 2481 2049 2525 cor-

426 2563 533 2648 rigere
563 2562 741 2641 uolueriut,
776 2567 941 2647 tamquam
973 2562 1028 2646 qui
1059 2559 1301 2626 ecclesiasticas
1330 2581 1383 2626 res
1413 2561 1573 2647 sacrilega
1602 2563 1786 2628 temeritate
1815 2568 2049 2642 tractaverunt,
2068 2587 2094 2626 so

426 2665 573 2752 synodali
605 2666 770 2732 sententia
799 2667 966 2732 feriantur.
1010 2664 1103 2729 Laici
1134 2684 1230 2744 vero,
1264 2664 1319 2748 qui
1350 2669 1426 2749 post
1457 2664 1543 2729 hanc
1572 2663 1851 2730 denuntiationem
1881 2667 1985 2731 socios
2016 2691 2051 2733 se

427 2769 523 2834 huius
547 2769 756 2855 expilationis
777 2768 998 2855 praebuerint,
1021 2775 1187 2853 tamquam
1210 2768 1289 2833 furti
1312 2789 1384 2833 reos
1408 2768 1577 2833 iudiciaria
1601 2769 1780 2834 coartabitv
1803 2771 1991 2836 auctoritas.

534 2876 564 2936 6.
600 2873 652 2938 De
675 2874 912 2938 restauratione
935 2873 1149 2938 ecclesiarum
1171 2871 1252 2936 illud
1275 2873 1452 2959 capitulum
1477 2871 1606 2952 sufficit,
1631 2872 1718 2958 quod
1740 2874 1901 2958 gloriosus
1923 2876 2052 2960 genitor

427 2982 561 3042 vesterw
583 2978 615 3041 in
639 2975 767 3041 Olonna
790 2968 987 3052 eonstituit73
1012 2975 1071 3042 sed
1093 2982 1129 3040 ut
1152 2975 1355 3057 observetur,
1379 2983 1491 3041 vestra
1514 2976 1639 3062 indiget
1662 2978 1894 3045 admonitione.

536 3082 564 3142 7.
601 3079 759 3144 Similiter
792 3086 826 3144 et
859 3078 900 3145 de
933 3079 1164 3162 xenodochiis,
1204 3080 1289 3145 sicut
1320 3080 1353 3144 in
1386 3079 1502 3146 eodem
1536 3081 1711 3167 kapitulari
1746 3077 1956 3164 continetur8,
1990 3084 2049 3149 cb·
2068 3109 2093 3148 a

427 3181 623 3249 servandum
646 3187 706 3247 est.

535 3289 566 3353 8.
603 3285 655 3350 De
686 3285 893 3352 monasteriis
926 3291 1036 3350 autem
1069 3285 1209 3350 virorum
1241 3305 1300 3350 seu
1331 3285 1541 3366 feminarum,
1577 3307 1660 3371 quae
1693 3286 1872 3353 secundnm
1905 3289 2050 3375 regulam

426 3390 531 3456 sancti
554 3388 726 3456 Benedicti
749 3389 803 3455 vel
831 3387 1010 3454 secundum
1041 3388 1232 3452 canonicam
1262 3389 1488 3456 auctoritatem
1516 3389 1675 3476 disposita
1701 3411 1775 3456 csse
1804 3391 1940 3471 debent,
1975 3394 2051 3478 quia

424 3495 594 3581 inspiratio
623 3493 854 3580 omnipotentis
877 3491 957 3572 Dei,
988 3499 1052 3556 utm
1079 3491 1256 3572 credimus,
1287 3491 1352 3557 ad¹
1378 3493 1462 3557 hanc
1491 3493 1756 3578 inquisitionem¹
1778 3513 1836 3558 cor
1857 3496 1958 3561 vestri
1979 3517 2049 3560 mo-

424 3598 600 3663 deraminis
623 3598 780 3680 incitavit,
803 3597 864 3683 ipsi
887 3597 1010 3682 gratias
1033 3595 1215 3662 referimus.
1249 3596 1334 3661 Nam
1357 3597 1444 3683 quod
1466 3598 1532 3662 iarn
1554 3598 1700 3662 maxima
1722 3617 1764 3662 ex
1786 3604 1880 3684 parte
1904 3598 2048 3664 ordinem
2067 3625 2093 3663 so

424 3720 518 3765 suurn
542 3701 738 3782 amiserunt,
761 3700 911 3765 omnibus
935 3705 987 3765 est
1009 3699 1235 3776 manifestnm3
1266 3720 1350 3784 quae
1373 3707 1411 3765 ut
1437 3699 1478 3766 ad
1502 3701 1672 3787 pristinum
1696 3706 1817 3766 statum
1839 3701 2048 3784 reducantur,

424 3803 457 3867 in
480 3802 603 3868 domini
627 3809 661 3869 et
683 3802 841 3888 genitoris
864 3804 966 3868 vestri
988 3824 1028 3868 ac
1051 3808 1162 3868 vestm
1184 3802 1326 3888 gloriosa
1348 3802 1561 3890 dispositione
1585 3805 1745 3871 consistit.

532 3908 562 3972 9.
596 3904 639 3971 nt
662 3927 702 3971 ea
721 3904 852 3991 quidem
874 3906 1083 3986 monasteria,
1108 3926 1191 3991 quae
1215 3904 1322 3970 adhuc
1345 3911 1465 3971 statum
1490 3926 1584 3970 suum
1607 3907 1761 3989 retinent,
1784 3929 2048 3994 unumquemque

425 4011 664 4097 episcoporum,
693 4009 728 4073 in
751 4009 843 4074 cuins
865 4009 1057 4095 parroechia
1078 4008 1256 4074 constituta
1283 4015 1373 4089 sunt,
1404 4008 1575 4095 providere
1600 4015 1743 4095 oportet,
1773 4016 1882 4076 utrum
1903 4012 2048 4077 ordinem

424 4133 519 4177 suum
542 4116 693 4186 teneant';
723 4112 778 4197 qui
802 4111 831 4175 si
854 4112 950 4176 aliter
971 4111 1144 4190 invenerit,
1167 4132 1232 4176 una
1255 4131 1330 4177 cum
1352 4118 1479 4177 rectore
1502 4113 1691 4177 monasterii
1714 4114 1878 4200 corrigere
1902 4113 2048 4180 debebit.
2066 4142 2091 4182 ss

424 4213 551 4289 Quodsi
581 4215 718 4280 rectoris
747 4215 938 4281 monasterii
965 4215 1192 4301 principaliter
1220 4215 1316 4300 culpa
1341 4214 1441 4280 fuerit
1469 4221 1504 4280 et
1532 4235 1732 4302 saeuosque
1755 4217 2047 4283 subditosadad·

425 4318 637 4384 monitionem
660 4317 807 4403 episcopi
829 4319 879 4383 sui
902 4317 1065 4402 corrigere
1082 4316 1366 4400 dissimulaveris,
1390 4317 1546 4403 synodica
1562 4318 1662 4385 debet
1677 4322 1888 4386 auctoritatey
1903 4321 2046 4407 percelli.

535 4426 582 4487 10.
618 4419 757 4494 Quidam
781 4427 891 4486 autem
914 4421 1060 4507 episcopi
1083 4427 1117 4487 ct
1139 4427 1284 4487 rectores
1308 4423 1579 4488 monasteriorum
1602 4443 1656 4488 res
1680 4425 1894 4489 ecclesiarum
1915 4445 2047 4490 suarum

424 4523 609 4590 subtractas
633 4529 666 4589 et
689 4524 761 4588 aliis
784 4525 931 4610 personis
958 4525 992 4588 in
1015 4524 1212 4590 beneficium
1235 4524 1370 4608 largitas
1399 4545 1472 4591 esse
1496 4518 1706 4611 querunturl,
1738 4533 1771 4592 et
1793 4526 1867 4592 ideo
1889 4527 2046 4592 ecclesia-

424 4629 523 4693 sticas
551 4627 709 4693 utilitates
738 4649 774 4691 se
801 4647 1007 4713 nequaquam
1036 4628 1174 4714 implere
1197 4648 1294 4714 posse
1318 4628 1445 4706 dicunt;
1480 4651 1564 4715 quae
1586 4636 1623 4695 ut
1646 4633 1873 4712 restituantur,
1905 4636 2047 4695 vestram
2065 4656 2092 4695 ιο

423 4733 547 4816 regiam
569 4732 775 4797 maiestatem
797 4730 1007 4816 imploramus
1030 4732 1196 4796 humiliter
1219 4731 1449 4814 admonentes,
1479 4734 1572 4818 quia,
1606 4734 1633 4797 si
1656 4734 1706 4813 hi,
1738 4734 1793 4820 qui
1817 4752 1872 4798 eas
1896 4754 1952 4821 pro
1976 4735 2046 4798 ani-

423 4854 548 4898 marum
568 4854 701 4898 suarum
718 4833 863 4899 remedio
880 4834 1029 4901 ecclesiis
1046 4837 1265 4918 contulerunt,
1288 4838 1470 4923 praemium
1486 4843 1663 4920 merentur,
1688 4839 1758 4904 sine
1774 4837 1874 4903 dubio
1889 4836 2046 4924 dampna·
2127 4871 2130 4878 =

423 4937 511 5001 tione
534 4935 624 5022 digni
648 4941 732 5017 sunt,
756 4935 811 5021 qui
835 4957 892 5001 eas
916 4937 1108 5004 subtrahere
1130 4940 1320 5006 moliuntur.

535 5043 584 5104 11.
618 5038 658 5102 Ιιι
681 5039 781 5104 sacris
803 5032 1017 5105 canonibus¹⁰
1031 5041 1213 5127 praefixum
1230 5047 1289 5123 est,
1312 5048 1349 5108 ut
1364 5043 1512 5108 decimae
1528 5044 1621 5108 iuxta
1640 5043 1784 5131 episcopi
1800 5043 2046 5131 dispositionem

423 5141 674 5218 distribuantur3
707 5141 836 5229 quidam
859 5148 971 5208 autem
993 5144 1083 5224 laici,
1114 5146 1170 5230 qui
1192 5146 1245 5210 vel
1272 5147 1306 5210 in
1328 5147 1466 5233 propriis
1489 5147 1543 5211 vel
1570 5147 1604 5211 in
1626 5147 1797 5213 beneficiis
1824 5169 1900 5214 suas
1923 5148 2047 5214 habent
2065 5173 2090 5212 ιι

525 5332 549 5398 a)
568 5333 718 5400 precastitas
737 5332 759 5384 l.
834 5331 856 5397 t)
873 5333 896 5384 ai
913 5330 938 5387 2.
1012 5333 1042 5400 u)
1061 5336 1245 5404 archiepiscopi
1265 5335 1287 5388 l.
1362 5335 1390 5403 v)
1409 5337 1545 5389 coartabat
1561 5333 1587 5390 2.
1657 5335 1692 5402 w)
1710 5344 1796 5390 noster
1814 5336 1837 5388 1.
1907 5338 1935 5405 x)
1953 5340 1987 5394 ad

421 5419 611 5487 inquisitionem
629 5437 678 5472 orn.
695 5416 721 5472 2.
808 5415 837 5486 y)
855 5419 1055 5473 dissimulaverit
1133 5423 1286 5474 auctoritate
1305 5439 1353 5474 ora.
1369 5422 1392 5473 1.

525 5604 551 5672 7)
572 5603 637 5672 Gap.
657 5603 754 5659 Obrm,
772 5603 857 5658 caetea
875 5603 903 5671 I,
921 5604 981 5673 825,
999 5605 1103 5675 tom.1,
1121 5606 1220 5675 aaut,
1237 5622 1258 5660 c.
1271 5607 1297 5661 8.
1400 5606 1429 5672 8)
1450 5603 1514 5675 Gap.
1529 5606 1574 5676 11,
1594 5607 1644 5664 tc.
1658 5625 1688 5678 p.
1701 5609 1761 5676 828,
1777 5625 1799 5665 c.
1811 5611 1837 5666 4.
1941 5611 1969 5677 9)
1990 5609 2046 5676 Osa

421 5706 520 5779 synod.
538 5707 575 5763 od
594 5707 690 5764 Ilicod.
708 5705 798 5761 allum
813 5705 873 5775 844,
890 5705 969 5774 infra
985 5725 1029 5765 ar.
1041 5708 1102 5779 227,
1119 5724 1142 5765 c.
1153 5711 1178 5766 4.
1285 5709 1328 5778 10)
1347 5707 1463 5764 Decreta
1477 5709 1578 5765 (idacii
1594 5726 1615 5768 c.
1628 5711 1670 5781 27,
1692 5711 1787 5766 Manat
1801 5711 1884 5781 VIII,
1902 5713 1951 5768 col.
1963 5711 2005 5767 45.
