4560 6426
431 435 675 491 enrrrunnuln
695 435 825 494 REGUM
845 437 1589 508 runucmnocclnnuunnls(uun0u111).-
1607 441 1655 496 Νι.
1668 441 1729 498 256.
1827 445 1891 508 259

269 617 356 676 tores
379 619 600 676 crudelissimum
624 621 721 692 iugum
743 620 953 676 inimicissimae
975 621 1124 678 christiani
1149 621 1271 678 nominis
1293 622 1388 694 gentis
1411 622 1628 680 Sarracenorum
1658 613 1819 682 evitantes
1848 614 1890 680 ed
1908 625 1966 680 844.

271 737 328 782 eos
351 716 460 782 fecere
483 716 669 802 confugium
699 723 732 782 et
754 715 893 782 eandem
916 715 1080 782 civitatem
1103 717 1230 782 illorum
1258 718 1538 804 magnipotentiae
1560 719 1701 784 libenter
1724 718 1888 785 condona-

270 826 344 884 runt
358 841 418 886 seu
434 820 638 886 tradiderunt
654 829 688 886 et
702 831 738 885 ab
754 831 914 886 eorumdem
931 830 1148 886 sarracenorum
1167 835 1310 902 potestate
1325 849 1355 888 se
1371 832 1568 888 subtrahentes
1585 844 1696 890 eorum
1712 834 1889 910 nostroque*

269 932 414 988 dominio·
440 933 530 988 libera
561 939 591 990 et
623 937 755 1004 prompta
782 936 928 990 voluntate
962 951 992 990 se
1023 935 1214 1002 subiecerunt,
1250 927 1447 1013 complacuit
1484 925 1722 992 mansuetudini
1757 934 1889 992 nostrae

239 1029 331 1094 bsub
360 1028 574 1093 immunitatis
601 1028 741 1092 tuitione
763 1026 1029 1114 defensionisque
1059 1029 1237 1094 munimine
1266 1029 1406 1116 benigne
1438 1031 1602 1117 suscipere
1625 1051 1664 1095 ao
1688 1030 1830 1096 retinere
1854 1038 1887 1096 et

225 1197 231 1208 ,
270 1131 544 1197 cohabitationem
560 1153 619 1198 seu
635 1132 885 1198 necessitatibus
902 1153 1013 1198 eorum
1031 1140 1247 1220 opportunum
1263 1132 1431 1208 auxilium,
1448 1133 1531 1198 siout
1547 1141 1580 1198 et
1596 1134 1718 1199 abillis
1735 1136 1888 1221 progeni-

269 1235 395 1301 toribus
418 1255 529 1300 eorum
553 1241 587 1301 et
609 1236 690 1322 ipsis
714 1243 843 1301 constat
865 1257 925 1322 per
947 1237 1162 1324 imperialium
1193 1239 1322 1325 apicum
1351 1239 1553 1304 sanctionem
1584 1260 1795 1318 concessum,
1824 1241 1890 1306 cle·

269 1347 397 1405 menter
420 1339 582 1412 conferre;
614 1345 775 1425 quatenus
804 1345 837 1404 et
865 1347 978 1405 nostra
1006 1341 1126 1427 regalis
1154 1343 1359 1408 conservatio
1388 1349 1577 1406 constructa
1607 1348 1704 1428 atque
1727 1344 1892 1409 innovatio

269 1442 304 1518 in¹
317 1463 427 1509 eornm
443 1442 527 1508 bene
543 1444 645 1527 gestis
661 1442 815 1529 operibus
833 1443 1024 1509 exaltationi
1041 1445 1202 1511 ecelesiae
1219 1447 1363 1532 pretioso
1381 1444 1504 1510 Christi
1525 1447 1686 1531 sanguine
1701 1446 1891 1533 redemptae

226 1567 252 1607 ro
270 1554 303 1614 et
326 1546 489 1611 ministret
511 1551 722 1631 augmentum
750 1553 784 1610 et
811 1546 981 1612 animabus
1010 1567 1123 1613 eorum
1153 1568 1191 1612 ac
1220 1554 1352 1614 nostrae
1379 1548 1528 1633 proficiat
1556 1570 1685 1636 semper
1707 1552 1740 1615 in
1764 1551 1886 1617 emolu·

270 1657 425 1718 mentum.

377 1753 457 1840 (lap.
477 1756 503 1821 l.
548 1752 668 1839 Igitur,
698 1754 783 1817 sieut
805 1753 925 1818 dictum
950 1761 1017 1831 est,
1048 1746 1104 1818 ad3
1127 1764 1252 1820 omnium
1274 1769 1398 1820 vestmm
1428 1765 1562 1821 notitiem
1584 1765 1731 1835 pervenire
1754 1767 1890 1832 volumus,

268 1869 336 1940 quia
357 1867 470 1924 eosdem
491 1865 619 1921 homines
642 1866 693 1921 sub
716 1866 892 1936 protectione
915 1871 945 1922 et
966 1867 1129 1923 defensione
1152 1872 1251 1924 nostra
1273 1858 1379 1925 denuo
1408 1851 1567 1940 rsesptost,
1591 1861 1674 1926 sieut
1706 1862 1737 1926 in
1767 1863 1892 1928 unitate

267 1964 357 2041 fidei,
387 1963 433 2028 sic
455 1962 554 2026 etiam
576 1961 609 2025 in
631 1963 844 2026 unanimitate
872 1963 962 2048 pacis
994 1969 1028 2028 et
1058 1963 1241 2028 dilectionis
1272 1953 1458 2028 conservars⁴
1486 1973 1675 2041 decrevimus,
1704 1991 1737 2030 so
1760 1974 1892 2031 videlicet

226 2089 250 2128 rs
268 2077 364 2144 modo,
387 2079 431 2143 ut,
454 2075 528 2130 siout
550 2073 654 2130 caeteri
675 2056 815 2129 Franoil
837 2074 973 2141 homines,
997 2091 1060 2130 cum
1082 2075 1185 2130 comite
1212 2093 1262 2130 suo
1284 2076 1314 2130 in
1341 2077 1495 2132 exercitum
1523 2081 1645 2148 pergant
1674 2077 1755 2134 etin
1777 2079 1892 2134 marcha

269 2167 367 2219 nostra
394 2163 475 2218 iuxta
501 2161 700 2217 rationabilem
733 2160 857 2216 eiusdem
889 2161 1000 2217 comitis
1028 2162 1235 2217 ordinationem
1262 2166 1349 2232 atque
1377 2163 1598 2219 admonitionem
1626 2165 1835 2235 explorationes
1863 2168 1892 2220 et

269 2250 413 2316 excubias,
436 2250 512 2320 quod
534 2247 640 2303 usitato
663 2248 799 2320 vocabulo
822 2251 926 2303 wactas
950 2249 1055 2314 dicunt,
1079 2250 1171 2304 facere
1194 2268 1250 2305 non
1271 2250 1425 2321 neglegant
1447 2254 1476 2306 et
1496 2250 1588 2305 missis
1611 2251 1723 2317 nostris,
1747 2270 1818 2322 quos
1840 2270 1892 2323 pro

268 2357 361 2394 rerum
383 2336 597 2408 opportunitate
620 2335 684 2390 illas
713 2335 742 2389 in
771 2338 867 2405 partes
894 2335 1065 2402 miserimus,
1096 2339 1146 2390 aut
1168 2337 1283 2408 legatis,
1316 2337 1364 2407 qui
1391 2338 1426 2392 de
1448 2337 1576 2408 partibus
1605 2337 1759 2408 Hispaniae
1781 2338 1818 2393 ad
1840 2356 1892 2394 nos

268 2423 426 2481 transmissi
448 2423 566 2488 fuerint,
589 2426 703 2492 paratas
725 2422 833 2476 faciant
855 2425 885 2477 et
907 2423 943 2477 ad
964 2422 1175 2479 subvectionem
1198 2441 1294 2479 eorum
1317 2425 1432 2480 veredos
1454 2425 1574 2492 donent,
1598 2416 1660 2502 ipsi
1683 2416 1837 2481 videlieet
1860 2423 1893 2481 et

224 2533 250 2573 2⁰
268 2521 329 2602 illi,
359 2538 494 2605 quornm
517 2516 780 2604 progenitoribus
804 2518 1006 2605 temporibus
1029 2519 1082 2583 avi
1111 2519 1211 2584 nostri
1237 2518 1352 2584 Karoli
1379 2519 1412 2585 id
1435 2521 1541 2607 ipsum
1574 2520 1684 2586 facere
1706 2521 1890 2586 institutum

266 2624 337 2690 fuit.
382 2622 418 2688 Si
441 2625 549 2687 autem
572 2621 621 2703 bi,
644 2621 698 2707 qui
722 2620 859 2686 veredos
883 2623 1082 2709 acceperint,
1113 2622 1251 2689 reddere
1275 2644 1333 2688 cos
1355 2623 1572 2710 neglexerint,
1596 2630 1631 2688 et
1653 2643 1765 2688 eorum
1787 2625 1888 2688 inter-

267 2728 419 2793 veniente
450 2723 660 2811 neglegentia
689 2724 808 2810 perditi
838 2746 897 2791 seu
930 2727 1048 2790 mortui
1079 2726 1215 2804 luerint,
1251 2726 1431 2792 secundum
1461 2728 1569 2812 legem
1600 2725 1800 2791 Francorum
1831 2727 1889 2804 eis,

267 2851 404 2918 quorum
426 2830 566 2909 fuerunt,
591 2829 662 2894 sine
686 2828 841 2894 dilatione
864 2830 1079 2895 restituantur
1100 2830 1155 2896 vel
1177 2837 1413 2896 restaurentur.

375 2937 405 2998 2.
438 2932 661 2998 Ecclesiamm
688 2953 765 2997 vero
796 2953 929 3012 census,
965 2932 998 2997 id
1027 2940 1078 2998 est
1104 2955 1166 2999 nec
1197 2934 1364 3020 pascualis
1395 2933 1480 2996 inira
1511 2953 1621 2998 eorum
1650 2933 1808 2998 terminos
1837 2933 1890 2998 vel

223 3063 248 3104 ss
267 3059 379 3104 eornm
408 3036 503 3101 villas
534 3057 595 3100 nec
626 3036 758 3101 telonea
789 3036 873 3101 infra
905 3037 1109 3118 comitatum,
1144 3038 1176 3102 in
1213 3057 1276 3123 quo
1311 3037 1508 3114 consistunt,
1543 3057 1604 3100 nec
1633 3036 1698 3100 alia
1728 3035 1892 3120 quaelibet

265 3141 417 3207 redibitio
440 3131 553 3219 neque⁶
576 3165 593 3203 a
615 3148 718 3204 comite
741 3166 832 3219 neque
855 3166 873 3203 a
895 3148 1052 3204 iunioribus
1075 3153 1126 3205 aut
1140 3149 1373 3205 ministerialibus
1389 3148 1449 3204 eius
1472 3137 1629 3225 deinceps
1653 3141 1695 3204 ab
1719 3139 1782 3203 illis
1806 3139 1889 3204 ulla-

265 3253 360 3311 tenus
384 3252 522 3326 exigatur.

374 3353 402 3414 3.
439 3339 500 3412 ΕΗ
523 3347 586 3412 nisi
610 3367 669 3432 pro
699 3346 802 3412 tribus
827 3346 1048 3413 criminalibus
1079 3347 1275 3426 actionibus,
1304 3346 1337 3412 id
1366 3351 1415 3411 est
1444 3344 1635 3423 homicidio,
1667 3352 1758 3430 rapto
1782 3353 1816 3411 et
1838 3347 1887 3410 in·

267 3451 391 3528 cendio,
414 3472 476 3517 nec
499 3451 562 3537 ipsi
585 3470 646 3515 nec
670 3471 782 3515 eorum
806 3451 954 3515 homines
978 3473 998 3515 a
1021 3450 1168 3536 quolibet
1186 3451 1304 3515 comite
1326 3457 1383 3514 aut
1406 3449 1553 3513 ministro
1570 3446 1760 3514 iudiciariae
1780 3457 1891 3534 potes-

223 3569 248 3610 ω
266 3557 343 3620 tatis
365 3557 433 3620 ullo
455 3553 551 3620 modo
576 3552 760 3618 iudicentur
785 3560 841 3618 aut
864 3552 1111 3638 distringantur;
1136 3551 1193 3618 sed
1218 3553 1315 3617 liceat
1336 3553 1416 3638 ipsis
1440 3551 1619 3617 secundum
1642 3571 1754 3616 eornm
1779 3554 1887 3638 legem

267 3661 307 3726 de
336 3661 408 3726 aliis
437 3658 645 3725 criminibusb
673 3659 794 3724 iudicia
821 3659 993 3723 terminare
1022 3667 1055 3722 et
1083 3664 1214 3745 praeter
1242 3656 1325 3722 haec
1353 3657 1415 3720 tria
1444 3663 1478 3721 et
1508 3655 1548 3722 de
1582 3677 1617 3720 se
1648 3659 1681 3719 et
1708 3654 1748 3720 de
1777 3677 1890 3720 eorum

267 3764 451 3829 hominibus
475 3762 652 3829 secundum
675 3763 839 3849 propriam
862 3762 970 3848 legem
994 3763 1101 3826 omnia
1124 3769 1234 3827 mutuo
1258 3760 1403 3826 definire.

377 3874 407 3935 4.
440 3859 542 3931 nster
570 3875 711 3946 quispiam
739 3892 836 3931 sorum
864 3875 895 3930 in
926 3879 1048 3946 punem,
1077 3892 1163 3944 qum
1189 3874 1238 3929 sue
1268 3873 1517 3928 cohabitandum
1546 3873 1599 3928 nn
1624 3863 1789 3941 exsoluit,
1819 3870 1891 3926 snos

266 3972 394 4028 homines
417 3961 457 4027 de
474 3962 546 4026 aliis
562 3961 829 4047 generationibus
845 3969 992 4026 venientes
1008 3969 1164 4025 adtraxerit
1180 3973 1209 4025 et
1225 3987 1318 4025 secum
1341 3968 1371 4023 in
1386 3968 1517 4039 portione
1533 3985 1592 4035 sua,
1616 3985 1702 4038 quam
1716 3965 1888 4038 aprisionem

223 4081 249 4121 ss
268 4072 378 4135 vocant,
400 4065 530 4122 habitare
551 4065 659 4132 fecerit,
682 4069 780 4120 utatur
802 4065 915 4120 illorum
939 4065 1054 4120 servitio
1077 4065 1183 4134 absque
1206 4064 1324 4120 alicuius
1347 4063 1570 4119 contradictione
1596 4065 1640 4118 vel
1663 4063 1874 4134 impedimento.

374 4166 403 4227 5.
438 4153 497 4226 Et⁹
520 4169 544 4225 si
566 4170 669 4239 aliquis
692 4186 727 4225 ex
749 4168 818 4240 ipsis
841 4168 1016 4236 hominibus,
1046 4169 1095 4239 qui
1118 4169 1154 4224 ab
1177 4187 1273 4225 eorum
1295 4169 1391 4238 aliquo
1414 4168 1560 4223 adtractus
1583 4169 1626 4222 est
1649 4171 1678 4222 et
1700 4167 1730 4222 in
1752 4183 1802 4221 sua
1824 4181 1887 4235 por·

267 4269 345 4324 tione
368 4267 530 4332 collocatus,
554 4257 664 4334 alium,
688 4255 719 4320 id
743 4260 795 4320 est
816 4256 944 4320 comitis
969 4263 1025 4322 aut
1040 4256 1240 4320 vicecomitis
1264 4262 1321 4320 aut
1337 4255 1445 4320 vicarii
1469 4260 1526 4318 aut
1541 4253 1714 4318 cuiuslibet
1737 4251 1888 4330 hominis,

267 4364 461 4428 senioratum
487 4359 639 4446 elegerit,
671 4360 809 4424 liberam
847 4359 968 4424 habeat
997 4360 1160 4426 licentiam
1187 4358 1345 4440 abeundi,
1377 4364 1601 4423 verumtamen
1629 4378 1672 4421 ex
1703 4357 1770 4433 his,
1804 4377 1889 4442 quae

267 4464 430 4554 possidet,
458 4463 537 4528 nihil
570 4462 691 4528 habeat
721 4463 866 4549 nihilque
894 4485 1006 4528 secum
1034 4465 1132 4537 ferat3
1162 4462 1220 4527 sed
1246 4463 1357 4526 omnia
1378 4462 1411 4525 in
1435 4460 1611 4526 dominium
1635 4467 1669 4524 et
1691 4467 1888 4546 potestatem

223 4569 382 4655 aptioris
406 4566 542 4631 senioris
568 4566 759 4652 plenissime
782 4573 998 4633 revertantur.

374 4673 404 4736 6.
439 4661 601 4735 Placuit¹⁰
631 4671 727 4734 etiam
755 4671 847 4736 nobis
876 4671 940 4736 illis
970 4669 1170 4746 concedere,
1193 4676 1244 4748 ut,
1273 4667 1425 4754 quicquid
1453 4668 1494 4733 de
1523 4667 1647 4733 heremi
1678 4666 1827 4752 squalore
1855 4666 1888 4730 in

264 4773 408 4861 quolibet
431 4774 586 4838 comitatu
608 4772 650 4839 ad
673 4774 793 4838 cultum
817 4775 946 4858 frugum
968 4775 1129 4840 traxerint
1152 4782 1208 4838 aut
1232 4772 1388 4857 deinceps
1412 4771 1496 4835 inira
1525 4792 1637 4837 eorum
1669 4763 1886 4856 aprisiones¹¹

266 4879 417 4943 excolere
441 4877 615 4963 potuerint,
637 4878 844 4962 integerrime
868 4885 1001 4943 teneant
1024 4885 1121 4963 atque
1145 4878 1351 4963 possideant:
1377 4877 1509 4939 servitia
1527 4884 1635 4941 tamen
1661 4874 1783 4959 regalia
1807 4874 1891 4938 infra

267 4983 464 5060 comitatum,
487 4980 605 5066 inquo
629 4982 819 5060 consistunt,
844 4982 974 5047 faciant.

222 5174 248 5211 ss
375 5155 401 5219 a)
420 5154 457 5204 ito
474 5153 575 5204 ommi
592 5153 730 5206 secundam
747 5154 946 5206 corstitutionum
965 5151 1110 5213 onni815,·
1134 5137 1288 5220 nostraeque
1311 5153 1411 5206 demum
1436 5153 1521 5220 lb'apo
1542 5161 1566 5202 et
1588 5151 1719 5202 Betucius.
1807 5151 1835 5212 b)
1853 5151 1889 5200 ito

265 5243 402 5296 mimum
415 5242 551 5308 proposuit
569 5239 656 5303 Wor'ta,
679 5239 733 5293 Va.
748 5241 819 5306 112²,
833 5260 860 5308 p.
873 5241 932 5304 459,
951 5251 1018 5304 not.,·
1035 5239 1182 5293 bominibus
1203 5239 1287 5306 Diopo
1306 5249 1330 5292 et
1347 5239 1480 5292 Betucius.

367 5405 395 5471 3)
415 5401 594 5470 consuere,
612 5401 629 5456 l.
641 5416 671 5469 c,
684 5401 784 5472 prolop.
802 5417 823 5454 s.
839 5402 894 5468 fiac
906 5407 931 5456 ct
946 5419 968 5458 c.
982 5405 1006 5456 1.
1075 5405 1102 5469 4)
1120 5421 1173 5458 reo.
1187 5405 1217 5458 in
1230 5403 1361 5457 liberate
1374 5417 1535 5456 conservare
1554 5399 1571 5454 l.
1584 5415 1606 5454 c.
1677 5401 1705 5464 h)
1723 5397 1804 5452 liben‘
1823 5398 1839 5451 l.
1853 5413 1890 5462 a,-

265 5511 314 5578 csr.
333 5509 411 5575 iufra
428 5524 450 5562 o.
465 5509 504 5562 10.
591 5508 618 5576 6)
637 5507 708 5562 Ibid.
727 5523 748 5564 o.
763 5510 786 5563 1.
868 5510 895 5574 7)
915 5507 968 5574 Csr.
987 5507 1049 5562 sbid.
1067 5524 1090 5562 c.
1103 5509 1126 5562 2.
1210 5511 1237 5576 8)
1256 5507 1329 5562 Ibid.
1347 5522 1369 5560 o.
1381 5506 1407 5560 3.
1487 5505 1514 5572 9)
1533 5501 1606 5558 lbid.
1625 5503 1684 5560 ar.
1767 5503 1811 5568 10)
1831 5499 1887 5568 Ofr.

267 5613 365 5668 Karou
377 5611 418 5665 11.
443 5609 560 5679 diplom
578 5609 713 5678 Rapacis
728 5611 886 5680 quibasdam
903 5628 928 5664 a.
946 5611 1006 5677 844,
1023 5610 1067 5664 dic
1087 5613 1127 5668 19.
1145 5627 1232 5666 masao
1251 5611 1328 5665 Maio
1349 5607 1443 5663 datam
1468 5607 1592 5674 (nonme
1609 5623 1651 5663 ar.
1669 5608 1756 5675 1556),
1774 5619 1887 5673 quocum

222 5733 249 5773 so
266 5733 325 5786 cop.
337 5716 413 5772 e-8.
431 5712 607 5770 mmmmm.
696 5717 740 5782 ll)
760 5714 816 5782 Osa
836 5714 974 5779 asma,
992 5712 1054 5768 ΒΘ.
1068 5714 1109 5782 11,
1124 5731 1153 5782 p.
1166 5715 1261 5782 nassa.

1629 5807 1682 5860 33*
