4568 6434
367 449 633 505 ADDITAMENTA
654 449 703 504 AD
721 449 967 506 CAPITULARIA
985 447 1116 505 REGUM
1135 449 1320 508 nanneten
1338 431 1568 507 ORIENTALIS.
1588 480 1620 491 -
1639 450 1688 505 Nr.
1700 447 1760 506 252.
1814 452 1876 515 235

251 621 309 687 utb
340 645 419 711 sepe
454 626 642 710 santingne,
680 625 838 691 infantem
875 625 1037 712 proprium
1091 623 1174 688 rium
1190 625 1317 692 miserit
1340 633 1373 693 et
1389 625 1523 692 ebullita
1538 646 1622 712 aqua
1638 624 1744 690 infans
1761 645 1875 710 super·
1894 629 1946 686 895

252 747 352 812 prope
373 728 482 813 ignem
500 729 706 794 collocaverit
722 729 850 794 etalius
867 729 960 814 quis⁰
976 729 1041 793 eal·
1092 725 1185 793 fusus
1221 737 1367 797 mortuus
1408 729 1524 810 luerit,
1564 749 1623 816 pre
1666 728 1877 814 neglegentia

254 829 1039 920 dariummperipsumignempependeritdetr
1092 838 1214 896 ιιιιιιιιιο
1243 836 1425 920 poeniteat,
1459 840 1494 899 et
1529 834 1585 898 ille
1619 833 1714 898 horno
1743 852 1875 896 securus

252 954 371 1020 aquam
402 936 577 1002 infuderit⁰
606 944 705 1024 atque
741 957 826 1023 aqua
859 937 932 1023 ipsa
963 935 1041 1022 perr
1092 936 1281 1021 persistatd.

220 1039 360 1124 ⁵ignem
384 1039 513 1105 fervens
537 1041 703 1127 egreditur
726 1049 759 1106 et
782 1040 898 1105 infanti
922 1061 1036 1126 super·
1430 1041 1539 1128 (376.)

248 1141 397 1207 ¹funditur
432 1151 465 1210 et
501 1150 693 1231 proptereag
721 1149 865 1208 mortuus
894 1144 1035 1229 agiturss:
1133 1137 1275 1210 Μιιιιι95
1312 1147 1482 1232 parvulum
1516 1167 1608 1211 suum
1643 1145 1736 1209 iuxta
1768 1142 1876 1208 focum

250 1255 357 1312 mater
402 1248 579 1313 infantis*
602 1246 754 1335 propter¹
798 1248 1036 1334 negligentiam
1089 1249 1190 1334 ponit,
1214 1250 1331 1315 ebullit
1346 1271 1431 1338 aqua
1448 1272 1490 1315 ex
1507 1248 1660 1328 caldaria,
1679 1269 1744 1333 qua
1759 1268 1875 1334 super·

250 1350 370 1415 iudicio
394 1351 622 1418 sacerdotuml
645 1351 831 1438 poeniteat,
867 1358 900 1416 et
929 1352 1036 1432 homo,
1089 1351 1182 1418 fusus
1212 1354 1318 1419 infans
1347 1354 1440 1440 perit.
1491 1353 1631 1418 Videtur
1664 1352 1735 1417 sola
1762 1353 1874 1437 negle-

252 1455 307 1540 qui
346 1455 525 1521 caldarium
563 1453 750 1542 pependitd,
790 1477 924 1520 securus
963 1477 1036 1542 per·
1090 1457 1203 1542 gentis
1227 1459 1349 1538 matris,
1373 1459 1666 1546 noneulpaeius⁸,
1692 1453 1746 1540 qui
1769 1454 1876 1520 iocum

208 1582 234 1621 ιι
252 1559 409 1625 maneat¹.
470 1558 574 1624 Simili
606 1558 716 1625 modo¹
751 1560 790 1624 de
821 1561 959 1623 cacteris
993 1560 1037 1623 si·
1091 1563 1275 1626 construxit
1298 1563 1351 1627 vel
1379 1583 1497 1647 aquam
1521 1565 1554 1627 in
1577 1561 1752 1626 caldariam
1776 1559 1876 1626 misit.

140 1712 141 1715 ,
251 1665 393 1747 milibus,
410 1675 613 1752 quaemsepc
630 1664 757 1729 diverse
774 1665 880 1728 solent
896 1665 1038 1745 evenire,
1781 1661 1783 1664 ’

252 1775 285 1832 et
308 1768 489 1834 iudicamus
513 1775 547 1833 et
570 1790 644 1834 esse
668 1769 824 1833 volumus.

361 1908 519 1994 Cap.38.
572 1907 611 1972 Si
647 1908 733 1993 quis
768 1908 872 1973 liber
900 1909 1084 1972 libertam
1112 1909 1286 1990 duxerit,
1323 1909 1494 1973 ulterius
1523 1905 1670 1972 habere
1703 1905 1876 1971 debebit.

252 2013 290 2077 In
314 2012 456 2077 decretis
480 2033 587 2099 papae
611 2011 734 2076 Leonis
759 2009 1170 2100 csp.xvl11.·seriptum
1194 2021 1260 2076 est:
1285 2003 1405 2076 ‘Noui6
1428 2013 1531 2076 omnis
1549 2010 1666 2076 mulier
1682 2010 1750 2074 vire
1766 2009 1877 2076 iuncta

211 2138 235 2175 ιι
253 2137 337 2181 uxor
361 2123 413 2179 est
436 2115 506 2190 viri,
530 2114 606 2199 quia
629 2135 690 2178 nee
715 2115 817 2179 omnis
839 2115 927 2179 lilius
951 2113 1048 2178 heres
1073 2123 1123 2178 est
1138 2114 1252 2200 patris.
1297 2114 1491 2201 Nuptiarum
1508 2123 1618 2180 autem
1635 2105 1768 2180 foedera
1792 2114 1877 2177 inter

252 2221 412 2302 ingenuos
436 2225 512 2281 sunt
535 2217 685 2303 legitima
708 2227 741 2282 et
765 2219 849 2282 inter
872 2219 1038 2304 aequales.
1084 2217 1200 2305 Itaque
1223 2218 1311 2296 aliud
1336 2221 1407 2284 estb
1431 2242 1530 2301 uxor,
1564 2217 1653 2285 aliud
1683 2217 1876 2299 concubina,

252 2325 336 2388 sieut
359 2321 447 2386 aliud
471 2322 600 2402 aneilla,
624 2321 710 2386 aliud
735 2323 848 2388 libera.
894 2323 1001 2408 Igitur
1024 2323 1051 2386 si
1077 2324 1148 2409 quis
1172 2324 1272 2389 filiam
1296 2346 1386 2389 suam
1412 2326 1480 2390 viro
1504 2323 1638 2388 habenti
1662 2322 1875 2388 concubinam

252 2427 285 2491 in
308 2426 549 2491 matrimonium
574 2424 712 2504 dederit,
736 2447 800 2490 non
824 2427 868 2489 ita
892 2426 1117 2512 accipiendum
1142 2434 1203 2509 est,
1227 2429 1319 2514 quasi
1344 2449 1415 2493 earn
1440 2429 1615 2512 coniugato
1640 2426 1783 2507 dederit,
1813 2425 1876 2490 nisi

252 2532 335 2596 forte
359 2532 417 2596 illa
439 2531 556 2595 mulier
580 2539 613 2594 et
636 2532 778 2617 ingenua
802 2531 844 2594 sit
860 2530 948 2596 facta
970 2538 1004 2596 et
1020 2530 1130 2596 dotata
1145 2533 1291 2616 legitime
1309 2543 1342 2597 et
1363 2534 1396 2597 in
1412 2532 1550 2619 publicis
1567 2531 1688 2617 nuptiis
1705 2530 1877 2594 honestata

209 2655 235 2694 m
254 2633 423 2701 videatur’.
470 2633 565 2698 Unde
588 2641 758 2720 paternam
782 2643 957 2721 sequentes
974 2638 1201 2702 auctoritatem
1226 2639 1286 2702 sub
1307 2637 1473 2724 praesenti
1493 2637 1589 2701 huius
1605 2633 1710 2701 sancti
1727 2633 1876 2718 catalogo

254 2739 383 2805 concilii
407 2741 581 2804 statuimus
606 2745 639 2803 et
662 2739 765 2804 libere
789 2741 981 2821 iudicamus,
1006 2749 1051 2817 ut,
1075 2743 1221 2828 quiaquia
1245 2743 1328 2808 liber
1350 2743 1511 2822 libertam,
1535 2741 1597 2806 hoe
1620 2746 1672 2806 est
1695 2759 1737 2802 ex
1757 2737 1878 2801 aneilla

254 2865 314 2930 per
341 2844 628 2908 manumissionem
662 2848 695 2908 et
725 2844 868 2929 regalem
898 2845 1104 2928 largitionem
1133 2845 1269 2910 liberam
1299 2845 1433 2926 factam,
1469 2845 1614 2931 legitime
1643 2845 1676 2906 in
1708 2841 1875 2906 matrimo-

253 2949 340 3012 nium
365 2947 511 3026 duxerit‚
542 2946 678 3011 ulterius
707 2947 828 3012 habere
856 2948 991 3013 debebit
1013 2956 1179 3035 tamquam
1202 2971 1300 3014 unam
1325 2972 1367 3015 ex
1390 2949 1490 3014 nobili
1514 2969 1635 3034 genere
1659 2937 1876 3033 progenitam,

255 3059 394 3138 excepta
415 3051 641 3118 fornicationis
663 3072 776 3126 causa;
801 3059 833 3116 et
857 3052 1011 3137 quamdiu
1026 3053 1082 3116 illa
1099 3054 1197 3132 vivat,
1221 3054 1343 3117 nullam
1360 3053 1456 3117 aliam
1473 3052 1626 3138 accipiat.
1668 3049 1746 3114 Eser
1768 3049 1876 3134 igitur,

209 3179 234 3218 aa
253 3163 289 3221 ut
312 3177 354 3220 ex
378 3155 520 3220 decretis
545 3177 649 3241 papae
673 3153 793 3220 Leonis
817 3156 1050 3242 praediximus,
1075 3149 1266 3243 ‘ingenuili
1292 3157 1380 3222 faeta
1410 3163 1443 3220 et
1476 3155 1589 3221 dotata
1619 3155 1769 3240 legitime,
1789 3158 1822 3217 et
1840 3153 1877 3215 'in

253 3260 393 3345 publicis
417 3258 590 3322 honestata
613 3258 757 3344 nnptiia’,
793 3266 826 3324 et
849 3269 1024 3347 propterea
1053 3263 1116 3326 iam
1146 3285 1211 3327 non
1241 3269 1293 3328 est
1321 3262 1518 3338 concubina,
1551 3259 1608 3325 sed
1638 3280 1722 3324 uxor
1749 3257 1876 3343 legibus

253 3363 427 3449 adquisita.
473 3362 566 3428 Haec
590 3363 705 3428 eadem
730 3365 785 3429 lex
808 3387 866 3452 pro
889 3367 1047 3451 qualitate
1072 3389 1171 3432 sexus
1196 3369 1237 3432 sit
1259 3367 1387 3432 lerninis
1411 3373 1444 3432 et
1467 3366 1542 3431 viris
1564 3361 1723 3429 libertisd.

361 3499 450 3587 Cap.
477 3502 529 3564 39.
584 3500 624 3565 Si
654 3503 743 3588 quis
772 3504 1040 3590 alienigenam
1432 3503 1539 3591 (aaa.)

254 3606 291 3669 in
329 3604 618 3670 matrimonium
666 3605 842 3688 duxerit,
886 3608 1039 3674 habere
1135 3602 1876 3689 Pervenitadnotitiamuostramquendam

210 3710 425 3775 redebebit.
471 3701 702 3794 Quicunque⁹⁷
725 3711 955 3796 alienigenam,
978 3712 1040 3778 hoc
1093 3711 1278 3776 Franchum
1307 3732 1427 3798 genere
1456 3711 1638 3778 Saxonicae
1668 3710 1775 3795 gentis
1805 3729 1876 3772 mu-

255 3821 306 3880 est
328 3815 456 3880 alienae
480 3816 585 3900 gentis
608 3814 779 3897 feminam,
810 3817 902 3882 verbi
932 3819 1039 3902 gratia
1092 3816 1207 3880 lierem
1243 3817 1406 3881 communi
1441 3816 1694 3902 propinquorum
1726 3812 1877 3878 consultu

254 3919 399 3984 Francus
423 3920 618 3984 mulierem*
640 3919 853 4000 Baioarieam,
876 3927 1038 3986 utrorum·
1092 3918 1226 3984 duxisse
1249 3941 1385 3986 uxorem
1410 3927 1444 3985 et
1465 3920 1506 3985 ad
1531 3920 1655 3984 subolis
1679 3917 1877 4004 procreatio-

254 4045 315 4109 que
346 4026 495 4087 consultu
527 4024 782 4110 propinquorum
816 4025 962 4110 legitime
987 4025 1038 4088 vel
1091 4045 1174 4110 nem
1200 4022 1330 4111 publice
1364 4025 1437 4111 plus
1473 4045 1570 4110 quam
1599 4021 1663 4087 XV
1693 4020 1786 4086 annis
1814 4019 1877 4084 sibi

255 4148 314 4191 sua
337 4128 389 4213 vel
412 4128 557 4192 mulieris
574 4128 648 4213 lege
665 4129 862 4214 adquisitam
877 4129 909 4192 in
927 4129 1039 4192 couiu-
1094 4130 1343 4204 commansisse;
1367 4130 1535 4214 quamvisn
1558 4128 1645 4192 enim
1669 4116 1782 4191 ‘una98
1798 4124 1878 4190 fides

210 4253 234 4292 ιι
253 4231 342 4315 gium
359 4230 499 4311 duxerit,
523 4233 602 4296 velit
623 4233 714 4313 nolit,
737 4231 881 4297 tenenda
896 4232 956 4296 erit
979 4253 1041 4296 nec
1095 4241 1128 4298 et
1164 4255 1262 4299 unum
1299 4229 1471 4319 baptisma’
1506 4238 1678 4316 utramque
1713 4229 1880 4294 nationem

253 4333 339 4398 ultra
361 4335 403 4399 ab
433 4355 471 4398 eo
503 4334 701 4420 separanda,
732 4343 872 4422 excepta
900 4334 1040 4401 fornica·
1095 4345 1198 4424 regat,
1222 4340 1331 4424 legem
1354 4346 1463 4403 tamen
1481 4337 1566 4401 inter
1588 4331 1635 4415 se,
1658 4340 1815 4420 quantum
1838 4331 1880 4397 ad

355 4540 397 4594 37.
432 4543 459 4607 b)
478 4550 507 4594 ut
525 4581 531 4594 .
547 4579 573 4593 ..
592 4543 719 4611 contingit
735 4561 783 4595 om.
802 4544 905 4598 Monac.
926 4546 1018 4600 14628.
1122 4547 1147 4612 ο)
1167 4549 1213 4614 qui
1230 4546 1254 4599 5.
1363 4548 1389 4611 d)
1409 4547 1539 4614 pependit,
1567 4561 1692 4612 supertes.
1710 4544 1880 4612 suspenderit,

253 4629 357 4680 Monac.
376 4627 468 4681 14628.
565 4630 590 4694 e)
609 4637 634 4681 et
717 4632 839 4684 infuderit
857 4652 905 4686 om.
920 4635 1021 4686 Menoe.
1036 4633 1113 4702 3853,
1133 4635 1171 4687 Sc.
1187 4635 1284 4696 eneis,
1297 4631 1384 4686 Paris.
1463 4633 1484 4698 ι’)
1503 4634 1528 4683 in
1546 4633 1658 4684 caldaria
1671 4631 1774 4682 Monac.
1788 4626 1880 4681 14628.

252 4717 279 4784 g)
293 4716 352 4767 inde
366 4723 531 4767 mortuusast
547 4716 581 4766 id.
660 4717 688 4777 b)
705 4717 832 4771 homicidii
853 4737 898 4772 rea
916 4722 977 4772 add.
998 4722 1033 4774 id.
1119 4723 1139 4785 i)
1157 4738 1230 4773 suam
1248 4719 1311 4771 adri.
1330 4719 1365 4770 id.
1458 4719 1486 4782 k)
1505 4717 1657 4770 sacerdotali
1675 4717 1710 4768 id.
1799 4715 1820 4781 l)
1839 4717 1880 4766 sit.

209 4818 235 4856 te
253 4804 373 4856 Similiter
390 4804 425 4854 id.
519 4803 555 4867 m)
575 4805 630 4855 sive
647 4821 724 4871 supra
741 4807 772 4858 de
791 4810 882 4860 arbore
900 4811 1028 4862 iudicetur
1040 4827 1113 4876 perp.
1132 4809 1168 4861 id.

355 4888 417 4943 37³.
454 4888 478 4952 ο)
498 4907 546 4940 ona.
566 4889 649 4942 Dicta
736 4893 763 4958 d)
781 4895 815 4945 sit
833 4894 906 4961 Ray,
924 4895 1021 4947 Burei.

355 4975 418 5029 371³.
456 4977 511 5044 Csr.
536 4976 596 5028 Tae.
612 4977 670 5042 111,
689 4997 730 5031 nr.
744 4978 786 5031 38.
822 4980 850 5048 a)
868 4983 905 5032 ita
923 4984 1033 5034 correxit
1052 4979 1156 5042 Sackeh
1173 4983 1209 5034 eis
1229 4982 1283 5033 C'at.

356 5062 398 5200 33.
433 5063 459 5129 a)
478 5065 548 5116 VIII.
567 5062 592 5116 4.
672 5065 699 5128 b)
719 5074 757 5118 est
776 5085 841 5119 uxor
858 5069 928 5121 aliud
947 5087 994 5120 om.
1014 5069 1038 5122 5.
1123 5071 1147 5134 e)
1166 5071 1213 5121 Est
1231 5071 1310 5137 igitur
1327 5067 1383 5120 rell.
1402 5066 1493 5132 cepitis
1510 5083 1558 5116 om.
1577 5063 1601 5116 4.
1689 5063 1716 5128 d)
1734 5063 1839 5115 libertas
1856 5061 1881 5114 5.

355 5148 397 5201 3.
432 5151 457 5210 a)
477 5167 526 5200 orn.
545 5148 570 5202 3.
588 5149 613 5202 4.

353 5233 418 5288 39⁸.
456 5236 511 5304 Csr.
534 5237 594 5287 Tae.
611 5237 668 5302 ΙΙΙ,
692 5257 733 5289 nr.
748 5237 790 5292 39.
826 5240 906 5305 alita
926 5241 1091 5293 correxisse.
1111 5259 1131 5292 c.
1150 5239 1307 5307 39‚p.236,
1327 5239 1373 5292 liu.
1393 5238 1518 5307 l;quam
1539 5237 1645 5290 Helmat

353 5423 398 5489 95)
418 5422 478 5478 Hoc
488 5424 638 5492 capitelam
654 5441 700 5494 ope
717 5442 771 5493 cap.
789 5428 822 5482 37
829 5445 856 5481 a.
875 5429 1047 5497 compositum
1064 5445 1116 5482 asae
1133 5428 1246 5492 tridatem
1262 5428 1324 5495 asa:
1345 5426 1425 5481 iuxta
1443 5427 1548 5491 loeum;
1569 5423 1670 5480 ebullit
1682 5441 1770 5494 aqua;
1788 5441 1882 5494 super·

252 5531 329 5584 lusus
347 5529 454 5592 inlans;
474 5545 576 5597 aquam
596 5529 626 5582 in
644 5530 795 5586 caldariam
816 5533 900 5598 misit,
924 5540 947 5588 et
972 5552 1040 5604 qaue
1062 5534 1227 5588 dirimatis
1246 5533 1330 5588 ‘Na’
1350 5531 1467 5586 XVIII.
1573 5531 1618 5598 96)
1637 5529 1737 5584 Leonis
1753 5529 1826 5598 epist.
1845 5527 1883 5581 ad

251 5633 365 5701 Rustic,
384 5631 456 5699 Jaffe
473 5633 489 5686 l.
502 5649 522 5686 c.
541 5633 560 5686 1
564 5637 583 5699 ²,
600 5649 643 5688 cr.
657 5635 722 5701 544;
743 5653 764 5691 c.
786 5638 824 5692 18.
843 5656 888 5707 ap.
907 5639 1022 5710 Dionys.
1041 5639 1058 5694 1.
1070 5655 1092 5694 c.
1107 5655 1135 5707 p.
1154 5639 1217 5704 456,
1241 5654 1261 5693 e.
1275 5639 1299 5692 4.
1318 5654 1361 5707 ap.
1377 5636 1473 5690 Menai
1488 5633 1537 5702 VI,
1560 5635 1607 5688 cel.
1616 5635 1675 5688 402.
1763 5633 1806 5702 37)
1826 5633 1882 5699 Cir.

250 5753 334 5806 aspro
347 5754 377 5806 p.
390 5736 450 5803 207,
467 5752 488 5791 e.
500 5736 530 5801 4,·
548 5737 684 5808 Bistam
705 5739 768 5796 Re.
781 5741 806 5810 I,
820 5759 851 5812 p.
869 5744 963 5812 266sq.
1052 5744 1097 5813 98)
1116 5743 1214 5813 prca
1237 5744 1262 5809 4,
1271 5745 1297 5798 ὁ.

1622 5833 1676 5892 301
