4560 6426
410 430 655 486 CAPITULARIA
676 433 800 488 REGUM
822 433 841 487 F
845 413 1004 490 RANOIAE
1024 435 1290 491 cccluuuunms
1309 437 1456 504 (KAIIOLI
1473 438 1518 504 II).
1542 467 1574 476 —-
1594 439 1641 491 Nr.
1655 437 1713 491 279.
1812 441 1870 502 351

253 605 326 669 dam
354 606 399 671 illi
433 606 641 671 concedatur.
703 607 737 671 Si
771 613 845 694 post
873 616 1010 694 quatuor
1039 632 1168 676 mensos
1204 631 1343 696 purgare
1375 633 1409 676 se
1443 612 1597 676 canonice
1629 633 1693 675 non
1723 611 1872 696 potuerit,
1892 619 1951 674 alc.

253 710 342 775 nulla
365 711 435 776 cius
459 733 524 776 vox
547 717 659 798 postea
685 714 813 798 penitus
838 713 997 781 audiatur.

662 884 736 966 (G).
774 879 1010 966 Cap-italar39
1032 887 1078 950 ab
1103 885 1227 952 Odoao
1243 887 1460 968 proposito.
1893 912 1933 964 ve,
1948 913 1998 963 Iul.
2104 959 2107 968 ,

334 1003 484 1068 *Sancta
501 1005 654 1092 synodus,
679 1026 761 1092 quae
785 1008 817 1071 in
841 1008 971 1072 nomine
988 1008 1119 1072 Domini
1135 1009 1305 1074 vocatione
1323 1008 1433 1074 domni
1449 1008 1604 1074 Iohannis
1628 1014 1677 1072 ter
1693 1007 1872 1071 beatissimi

221 1129 292 1171 eac
315 1110 507 1174 universalis
537 1132 641 1196 papae
671 1119 703 1174 et
734 1112 877 1176 iussione
907 1110 1017 1176 domni
1048 1111 1162 1176 Karoli
1193 1118 1351 1198 perpetuo
1383 1113 1512 1197 augusti
1545 1117 1743 1196 congregata
1767 1118 1817 1174 est
1841 1112 1874 1174 in

254 1213 333 1292 loeo,
351 1214 405 1298 qui
421 1220 555 1278 vocatur
567 1214 767 1300 PontIgonia,
784 1238 868 1280 anno
885 1217 1119 1282 incarnationis
1136 1217 1316 1282 dominicae
1333 1216 1605 1295 DOOOLXXVI,
1623 1215 1800 1281 indictione
1813 1213 1873 1294 IX,

255 1318 344 1402 regni
367 1318 505 1403 praelati
529 1319 732 1384 invictissimi
756 1321 961 1406 imperatoris
977 1320 1153 1398 XXXVII,
1178 1322 1303 1408 imperii
1326 1325 1433 1385 autem
1450 1320 1562 1406 primo,
1579 1319 1687 1384 XVII.
1706 1317 1873 1384 Kalendas

254 1421 406 1506 Augusti,
431 1423 511 1488 haec
536 1424 689 1510 capitula,
715 1444 797 1509 quae
822 1424 936 1490 subter
958 1424 1087 1489 adnexa
1111 1431 1195 1502 sunt,
1219 1425 1368 1489 instituit.

365 1530 391 1590 t.
427 1525 579 1591 Ohcunte
602 1519 844 1603 Hludowieoll',
873 1528 928 1613 qui
951 1527 1089 1592 Romani
1114 1527 1242 1614 imperii
1270 1529 1340 1592 iura
1374 1527 1523 1612 regebat,
1551 1525 1688 1591 domnus
1711 1525 1873 1590 Iohannes
1989 1589 1992 1598 ,

212 1645 236 1682 10
255 1634 306 1692 ter
328 1629 536 1694 beatissimus
560 1651 645 1717 papa
668 1652 726 1716 per
748 1630 942 1696 Gadericum
958 1623 1269 1710 veliternensem41,
1292 1631 1486 1696 Formosum
1501 1629 1728 1709 Portuensem,
1752 1630 1873 1696 Iohan-

253 1753 326 1796 nem
343 1731 516 1798 Aretinum
532 1735 737 1800 venerabiles
752 1737 924 1820 episcopos
948 1734 1100 1798 domnum
1117 1733 1273 1799 Karalum
1290 1740 1367 1798 tune
1384 1755 1495 1818 regem
1518 1733 1558 1797 ad
1577 1734 1687 1798 limina
1704 1733 1872 1799 beatorum

252 1837 473 1920 apostolorum
495 1837 643 1902 invitavit
667 1859 805 1924 eumque
830 1839 989 1904 ccclesiae
1014 1839 1117 1926 ipsius
1140 1839 1346 1903 defensorem
1370 1860 1408 1903 ac
1433 1844 1571 1903 tutorem
1596 1839 1697 1923 elegit
1720 1839 1871 1923 imperia·

253 1940 340 2024 liquc
364 1938 547 2006 diademate
572 1934 775 2008 coronavit⁴2
798 1964 871 2008 eum
895 1965 973 2028 prae
990 1944 1116 2007 eunctis
1133 1943 1237 2007 solum
1263 1948 1295 2006 et
1309 1942 1486 2028 specialem
1503 1942 1639 2025 eligens,
1663 1942 1717 2025 qui
1734 1941 1872 2006 Romani

253 2042 378 2128 imperii
401 2051 528 2130 secptra
552 2053 685 2112 teneret.
738 2046 837 2112 Cuius
861 2047 962 2112 sacris
986 2047 1244 2112 institutionibus
1275 2068 1332 2132 pro
1357 2045 1467 2111 debito
1490 2051 1660 2132 parentes,
1692 2044 1777 2129 quod
1801 2045 1871 2130 ipse

215 2166 240 2204 aa
258 2147 407 2226 instituit,
430 2149 638 2230 instituimus,
662 2157 696 2216 et
719 2151 804 2236 quod
828 2152 898 2236 ipse
922 2151 1132 2230 confirmavit,
1156 2151 1226 2236 pari
1248 2170 1410 2214 consensu
1434 2170 1547 2215 omnes
1571 2149 1747 2213 firmamus.

361 2254 390 2314 2.
424 2251 630 2339 congregata
652 2256 750 2340 igitur
773 2256 806 2319 in
831 2255 979 2320 Romana
1002 2256 1082 2320 urbe
1116 2261 1229 2319 sauata
1258 2253 1380 2339 synodo
1408 2259 1484 2319 ante
1516 2253 1691 2318 adventum
1717 2252 1874 2339 praedicti

254 2354 363 2419 domni
386 2356 592 2443 imperatoris
616 2358 704 2423 misit
727 2379 799 2423 cunr
822 2380 982 2424 consensu
998 2359 1139 2424 omnium
1157 2348 1350 2444 epistolas43
1374 2358 1566 2423 Hludovvico
1591 2358 1670 2442 regi,
1693 2356 1767 2420 liliis
1792 2377 1872 2441 quo-

254 2479 316 2545 que
344 2461 464 2546 ipsius,
501 2462 772 2548 archiepiscopis,
809 2463 993 2550 episcopis,
1028 2459 1200 2528 abbatibus
1232 2483 1270 2526 ae
1306 2463 1439 2547 reliquis
1474 2461 1668 2548 primoribus
1698 2461 1788 2545 regni
1823 2460 1873 2523 eui

253 2570 422 2628 monentes
446 2586 504 2629 ecs
527 2565 705 2650 apostolica
728 2567 921 2630 auctoritate
946 2587 1035 2632 more
1059 2573 1196 2653 paterno
1221 2585 1363 2644 servare,
1387 2586 1471 2652 quae
1493 2566 1584 2650 pacis
1608 2568 1693 2642 sunt,
1719 2585 1758 2627 ue
1782 2562 1871 2628 vide-

210 2685 236 2724 20
254 2667 330 2731 licet
352 2668 494 2753 aliquam
524 2669 738 2755 inreptionem
768 2670 801 2732 in
835 2691 936 2755 regno
969 2670 1106 2754 praefati
1134 2669 1264 2754 augusti
1294 2668 1388 2734 facile
1419 2675 1635 2755 temptarent,
1669 2666 1871 2753 usquedum

254 2771 349 2835 simul
373 2771 413 2836 ad
437 2779 581 2837 mutuum
606 2774 804 2859 colloquium
828 2775 975 2838 venirent
999 2781 1031 2838 et
1055 2775 1125 2860 ipse
1149 2774 1234 2838 inter
1263 2794 1321 2838 eos
1351 2778 1384 2836 et
1417 2771 1458 2837 de
1492 2793 1572 2859 pace
1596 2770 1817 2836 conservanda
1841 2777 1874 2833 et

253 2872 293 2940 dc
318 2876 388 2940 iure
412 2897 585 2960 regnorum
609 2876 788 2942 seeundum
820 2877 881 2942 sibi
914 2899 933 2942 a
963 2877 1035 2942 Deo
1059 2877 1274 2942 ministerium
1297 2875 1455 2941 creditum
1479 2875 1672 2941 decerneret
1694 2877 1817 2960 pariter
1841 2881 1873 2937 et

254 2977 463 3044 discerneret.
515 2979 604 3053 Quas
633 2981 788 3066 epistolas
817 3001 875 3066 per
898 2980 1044 3045 Odonem
1068 2979 1319 3045 Bellovacorum
1344 2980 1564 3045 venerabilem
1598 2981 1787 3064 episcopum
1811 2975 1873 3040 sibi

253 3080 432 3147 destinatas
456 3089 488 3148 et
511 3084 560 3148 bis
583 3084 710 3149 delatas
735 3084 862 3149 omniuo
887 3084 1031 3169 recipere
1055 3089 1241 3148 renuerunt.

210 3211 234 3249 a
360 3189 389 3250 3.
424 3187 500 3273 Ipse
532 3209 608 3253 vero
640 3188 819 3274 apostoliea
847 3194 880 3252 et
907 3193 1043 3273 paterna
1077 3187 1200 3252 monita
1229 3185 1467 3273 parvipendens
1501 3192 1535 3250 et
1564 3185 1708 3248 fraterna
1742 3183 1875 3248 foedera

253 3288 457 3375 disrumpens
485 3291 591 3356 hostili
620 3313 717 3356 mann
749 3293 917 3377 tyrannico
953 3313 1042 3358 more
1072 3293 1249 3358 fraternum
1285 3313 1421 3378 regnum
1450 3288 1675 3377 depopulando
1706 3280 1874 3352 Invasirll:

254 3392 438 3474 homicidia,
463 3401 585 3481 stupra,
609 3397 781 3476 adulteria,
805 3397 977 3482 sacrilegia
1001 3403 1034 3462 et
1057 3397 1227 3462 innumera
1249 3395 1353 3472 mala,
1382 3415 1466 3479 quae
1490 3392 1674 3459 enumerari
1699 3397 1874 3477 nequeunt,

253 3494 430 3563 auctoritas
453 3499 643 3574 facientium
667 3503 874 3588 perpetravit.
1376 3563 1384 3582 ,

361 3608 389 3666 4.
424 3604 517 3668 Haeo
541 3605 627 3669 mala
649 3604 785 3670 audiens
809 3612 859 3670 ter
882 3606 1089 3671 beatissimus
1112 3626 1199 3691 papa
1221 3608 1411 3691 perpetrata
1435 3622 1508 3667 esse
1532 3601 1565 3665 in
1589 3621 1691 3684 regno
1715 3597 1872 3685 spiritalis

211 3728 236 3766 so
254 3707 308 3771 filii
332 3707 381 3771 sui
404 3706 513 3772 domni
537 3707 651 3772 Karoli
675 3729 805 3794 semper
827 3711 965 3795 augusti,
987 3715 1093 3774 taetus
1117 3708 1230 3773 dolore
1253 3707 1358 3773 cordis
1382 3707 1579 3771 acceleravit
1602 3704 1731 3768 mittere
1755 3703 1873 3766 missos

254 3833 346 3892 suos,
375 3797 554 3877 Iohannem
584 3812 735 3878 videlieet
765 3821 798 3878 et
820 3813 1000 3878 Iohannem
1028 3812 1233 3880 venerabiles
1266 3813 1456 3898 episcopos,
1485 3831 1557 3874 eum
1589 3808 1661 3872 aliis
1692 3797 1873 3893 epistolisll

254 3916 366 3980 volens
390 3937 464 3981 eum
488 3937 635 3994 monere,
665 3921 700 3980 ut
730 3937 758 3980 a¹
780 3922 870 3980 tanto
894 3917 979 3980 malo
1002 3914 1246 4002 poenitudinem
1280 3916 1319 3978 de
1342 3914 1529 4000 praeteritis
1553 3918 1666 3998 ageret
1689 3918 1722 3976 et
1744 3908 1873 3974 tandem

254 4020 431 4084 fraternum
454 4040 590 4104 regnum
613 4020 766 4086 invadere
792 4018 967 4086 desineret.
1015 4020 1161 4094 Quorum
1185 4019 1380 4103 legationem
1397 4017 1539 4084 seeundo
1557 4014 1771 4081 commonitus
1796 4033 1873 4076 noc-

254 4122 329 4187 dum
354 4123 500 4208 recipere
524 4124 635 4188 voluit.
1769 4199 1773 4210 Ι

211 4244 235 4282 ³³
362 4231 392 4292 5.
426 4227 505 4292 Post
527 4226 585 4292 hos
609 4227 749 4313 denique
774 4228 860 4293 misit
883 4229 1002 4293 iterum
1030 4228 1110 4292 alios
1133 4227 1277 4310 legatos,
1305 4225 1450 4289 Leonem
1481 4222 1605 4288 seilicet
1634 4221 1873 4285 sanctissimum

254 4329 476 4396 Gabinenscm
493 4331 679 4417 episcopum
703 4338 736 4396 et
751 4339 883 4397 sanctae
899 4332 1066 4398 Romanae
1090 4331 1249 4396 eeclesiae
1267 4330 1399 4393 missum
1424 4334 1457 4392 et
1473 4325 1717 4413 apocrisiarium
1734 4324 1871 4411 pariter·

255 4456 317 4520 que
341 4441 374 4500 et
396 4434 530 4500 Petrum
553 4435 894 4522 Ilcrosemproniatem
922 4435 1144 4501 venerabilem
1168 4434 1374 4519 episcopum,
1407 4431 1488 4496 haec
1518 4428 1632 4494 eadem
1661 4427 1873 4508 obsecrando,

254 4537 414 4605 monendo
438 4545 636 4624 protestans.
682 4538 827 4614 Quorum
851 4541 973 4605 monita
995 4545 1104 4604 utrum
1128 4539 1273 4625 recipere
1290 4537 1378 4618 velit,
1402 4535 1507 4601 adhue
1529 4533 1719 4617 ambiguum
1735 4539 1872 4596 constat.

357 4713 382 4779 f)
401 4713 479 4764 Hane
497 4714 627 4765 rubricam
645 4713 747 4766 addidit
766 4713 801 4765 Η.
816 4715 845 4766 G.
860 4714 942 4767 Perta.

212 4885 237 4924 ru
357 4869 402 4935 39)
424 4866 499 4921 Aac.
529 4866 631 4922 Baetin.
655 4867 671 4921 l.
691 4885 712 4922 c.
732 4885 762 4937 p.
780 4869 844 4922 131:
876 4868 942 4922 Post
964 4884 1047 4936 quam
1071 4866 1143 4936 legib
1161 4865 1220 4921 Ode
1240 4863 1455 4934 Belgivagorum
1474 4860 1620 4931 episeopus
1643 4859 1780 4930 quaedam
1800 4860 1871 4930 eapi-

255 4972 315 5026 tula
339 4989 356 5026 a
378 4971 466 5026 missis
489 4971 636 5040 apostolici
659 4975 687 5026 et
710 4973 746 5026 ab
769 4973 898 5044 Ausigiso
922 4975 950 5028 ct
973 4971 1070 5026 eodem
1091 4971 1187 5025 Odone
1213 4969 1271 5022 sinc
1296 4965 1466 5022 conscicntia
1489 4963 1586 5033 synodi
1607 4963 1726 5026 dietata,
1751 4964 1824 5018 inter
1843 4983 1871 5018 ve

254 5075 427 5130 dissonantia
445 5077 474 5128 ct
492 5074 597 5130 nnllam
616 5074 767 5130 utilitatem
787 5075 933 5138 habentia,
958 5093 1052 5130 verum
1076 5076 1104 5128 ot
1130 5072 1238 5127 natione
1261 5089 1294 5126 ae
1312 5070 1481 5126 auctoritate
1500 5067 1634 5130 carentia;
1661 5067 1809 5122 etidcirco
1828 5069 1872 5122 hic

254 5196 310 5234 nou
328 5178 467 5234 habentur
485 5179 640 5234 subiuncta.
723 5183 767 5248 40)
787 5182 820 5234 Α.
833 5182 893 5247 875,
909 5179 950 5234 dle
970 5181 1009 5233 12.
1027 5195 1060 5232 nr.
1079 5178 1148 5246 dap.
1230 5176 1274 5242 41)
1290 5173 1399 5230 Vellera.
1481 5170 1873 5237 teneraetenerae

255 5283 374 5338 Danuui.
477 5283 520 5350 43)
541 5283 616 5353 Quae
637 5301 692 5338 rma
710 5283 764 5337 iam
781 5289 894 5338 aestaset.
998 5283 1043 5350 44)
1065 5281 1200 5336 [ciconnis
1215 5279 1292 5334 VIII.
1310 5277 1430 5346 epistolae
1455 5275 1493 5329 ad
1517 5275 1651 5344 episcopos
1674 5279 1698 5328 ct
1722 5275 1825 5330 comam
1843 5277 1873 5328 ia

210 5405 235 5444 ro
253 5405 332 5458 reparo
352 5387 443 5442 Caroli
458 5389 573 5456 condit,
603 5387 698 5443 Mouet
713 5387 813 5453 XVII,
829 5388 877 5442 ecl.
897 5388 1002 5454 2333),
1029 5383 1066 5438 ad
1081 5384 1157 5452 epioe.
1180 5383 1227 5450 aava?
1249 5401 1268 5436 a
1288 5382 1381 5436 Oarclc
1402 5379 1564 5434 mcbcerdee
1588 5377 1735 5432 Inrdotcico
1751 5380 1808 5449 rapi
1825 5379 1872 5432 arl-

255 5495 407 5562 ltocserant,
434 5493 450 5547 l.
463 5509 484 5546 c.
507 5493 554 5547 col.
566 5493 688 5562 234an
713 5492 752 5544 od
768 5491 842 5560 eptae.
861 5491 890 5544 ia
913 5505 994 5559 ropac
1013 5487 1155 5542 Leucata·
1176 5487 1244 5556 repis
1263 5485 1407 5540 Balanitae
1423 5485 1541 5552 world,
1566 5483 1582 5537 l.
1595 5499 1615 5536 o.
1633 5484 1679 5538 col.
1691 5483 1819 5552 Ibisne,
1837 5483 1873 5536 ud

255 5597 361 5653 comites
379 5597 409 5650 ia
426 5613 507 5666 repno
519 5594 590 5650 Laod.
607 5595 781 5664 replicamur.
798 5594 909 5660 emolit,
926 5593 942 5646 l.
954 5607 975 5645 e.
993 5591 1039 5645 col.
1052 5589 1168 5659 230epq,
1186 5589 1299 5658 scriptae
1316 5607 1341 5644 u.
1353 5588 1412 5655 876,
1431 5587 1473 5641 dic
1492 5585 1691 5652 ll.m.1¹¹ebr.‚·
1709 5586 1788 5654 Jaffe,
1809 5587 1871 5656 Rap.

252 5702 348 5776 pomis.
363 5701 405 5768 1²,
422 5716 464 5754 nr.
476 5701 578 5758 3031-
584 5700 659 5754 3040.
