4568 6434
424 444 486 505 208
540 440 808 496 ADDITAMENTA
828 439 877 494 Au
896 439 1141 494 carmennum
1162 439 1287 493 REGUM
1308 439 1492 496 nanneten
1513 439 1742 495 OIIIEN'IALIS.
1765 471 1791 479 -
1814 439 1861 492 Nr.
1875 440 1934 492 252.

345 677 403 730 895.
969 665 1222 732 DEOIIETA
1253 665 1509 736 OONGILII.

778 806 1009 892 Incipiunt·
1036 805 1220 891 capitula
1249 807 1475 891 sequentisb
1503 809 1695 894 opusculi.

591 949 830 1016 I.⁰Communia
853 945 956 1010 oratio
981 967 1038 1032 pro
1063 945 1233 1011 concordia
1255 953 1321 1010 tam
1346 946 1424 1010 cleri
1448 968 1543 1032 quarn
1569 947 1690 1034 populi.

575 1055 619 1119 II.
643 1054 693 1119 Dc
707 1051 847 1140 quodam
861 1051 1053 1138 presbytero
1068 1056 1244 1114 excaecato
1255 1057 1288 1114 ct
1298 1049 1338 1115 de
1353 1053 1640 1116 excommunicatis
1651 1052 1861 1136 interrogatio
1874 1048 2049 1135 synodalis.

557 1157 617 1222 III.
640 1157 824 1244 Responsio
849 1155 935 1240 rogis
961 1161 994 1218 et
1017 1152 1057 1218 de
1082 1154 1371 1218 excommunicatis
1397 1156 1562 1219 sententia
1584 1154 1788 1220 universalis.
2082 1185 2093 1222 s

559 1262 616 1326 IV.
640 1261 691 1327 De
716 1260 834 1325 iniuria
857 1266 890 1322 et
913 1256 1118 1334 contumelia.
1143 1255 1226 1341 qnod
1250 1256 1345 1337 absit,
1370 1257 1635 1344 presbIterorum.
1728 1263 1730 1267 ’

575 1365 617 1431 V.
641 1364 736 1440 Quali
768 1363 971 1449 poenitentia
1011 1361 1180 1425 subiacere
1216 1359 1351 1442 debeat,
1392 1363 1446 1447 qui
1484 1363 1709 1448 presbyterum
1744 1363 1925 1428 voluntarie
1957 1365 2051 1428 morti

709 1467 887 1534 tradiderit.

558 1572 693 1638 VI.‘¹Da
718 1594 768 1650 eo,
792 1571 847 1657 qui
871 1571 1044 1655 evaginato
1067 1570 1177 1654 gladio
1200 1571 1318 1635 atrium
1343 1572 1504 1637 eeclesiae
1528 1573 1707 1638 intraverit.

545 1677 693 1743 VII.⁰De
719 1677 779 1757 his,
803 1676 859 1761 qui
882 1697 934 1739 rea
958 1674 1130 1754 ecclesiae,
1155 1676 1224 1738 aiva
1247 1675 1421 1740 interiores
1446 1677 1515 1741 sive
1539 1676 1730 1760 exteriores,
1755 1677 1894 1762 rapiunt.
2070 1701 2094 1739 ro

524 1781 617 1846 VIII.
642 1781 693 1845 De
717 1781 777 1862 his,
801 1779 855 1865 qui
879 1783 1091 1842 contemnunt
1114 1779 1257 1843 bannum
1281 1778 1321 1843 ab
1346 1780 1508 1865 episeopis
1532 1780 1717 1866 inpositurn.

560 1885 619 1949 IX.
643 1885 694 1950 De
718 1906 772 1964 ec,
805 1885 831 1948 si
856 1883 1028 1969 episcopua
1058 1883 1316 1948 ecclesiasticum
1347 1891 1380 1948 et
1404 1905 1513 1948 comes
1538 1883 1706 1948 saeculare
1732 1885 1888 1970 placitum
1912 1906 1977 1949 una
2000 1884 2051 1949 die

710 1987 925 2052 condixerint.

579 2094 620 2158 X.
644 2093 689 2158 Ut
713 2093 886 2180 episcopua
911 2112 973 2155 uon
997 2088 1193 2175 deponatur,
1229 2091 1291 2155 nisi
1314 2112 1334 2154 a
1356 2089 1423 2155 XII
1445 2091 1622 2176 episeopis,
1654 2091 1826 2176 presbyter
1849 2090 1950 2169 aVI,
1981 2091 2050 2158 dia·

710 2217 808 2262 conus
832 2217 852 2260 a
875 2195 989 2259 tribus.
2071 2211 2095 2248 1⁵

560 2303 619 2366 XI.
644 2301 678 2365 Si
703 2302 775 2388 quia
799 2300 938 2366 clericus
962 2297 1173 2363 homicidium
1197 2298 1323 2378 fecerit,
1347 2298 1388 2363 ab
1413 2297 1526 2364 ordine
1551 2320 1680 2364 cessare
1704 2297 1848 2365 debebit.

542 2404 620 2470 XII.
645 2404 691 2469 Ut
710 2410 843 2490 praeter
859 2404 981 2490 pascha
1004 2411 1037 2469 et
1052 2409 1268 2490 pentecosten
1285 2404 1448 2491 baptisma
1469 2426 1534 2468 non
1552 2404 1736 2469 celebretur
1752 2414 1893 2493 excepta
1910 2409 2051 2472 necessi-

709 2515 777 2573 tate
801 2507 1063 2595 periclitantium.

526 2612 697 2679 XIII.¹Dc
720 2612 884 2680 decimis.g

526 2715 694 2782 XIV.'De
717 2714 853 2780 decimis
877 2715 1080 2800 antiquarum
1106 2725 1139 2781 et
1162 2717 1291 2781 noviter
1315 2722 1578 2780 consecratarum
1602 2717 1827 2782 ecelesiarum.
2071 2731 2096 2770 2⁰

546 2819 695 2886 XV.¹De
719 2818 888 2904 sepultura
910 2826 1122 2884 mortuorum.

528 2924 620 2989 XVI.
644 2923 690 2987 Ut
713 2924 916 3009 sepulturam
940 2923 1147 2988 morientium
1171 2945 1267 2988 nemo
1293 2923 1423 2989 vendat.

511 3027 620 3092 XVII.
645 3025 691 3090 Ut
715 3026 822 3091 nullus
847 3026 950 3090 laicus
974 3026 1007 3090 in
1032 3029 1171 3092 eeclesia
1193 3028 1383 3114 sepeliatur.

494 3131 620 3197 XVIII.
644 3131 696 3196 De
719 3131 870 3209 vasculis,
895 3129 1012 3216 quibus
1036 3133 1192 3218 mysteria
1215 3154 1309 3197 sacra
1332 3134 1557 3198 coniiciuntur.

527 3235 696 3301 XIX.¹¹Ne
720 3235 753 3298 in
778 3235 879 3300 calice
903 3241 959 3300 aut
983 3235 1094 3299 vinum
1119 3236 1223 3300 solum
1248 3243 1305 3300 ant
1328 3258 1414 3323 aqua
1438 3238 1507 3302 sola
1530 3239 1696 3304 offeratur.

542 3339 695 3405 XX.¹¹De
720 3339 838 3404 iniuria
861 3339 1064 3405 clericorum.

528 3442 697 3508 XXI.¹¹De
721 3442 924 3528 querimonia
947 3443 1033 3507 inter
1056 3442 1284 3529 presbyterum
1309 3451 1342 3508 et
1365 3443 1493 3508 laicum.

506 3546 696 3612 XXII.¹¹De
721 3566 770 3626 eo,
796 3547 822 3610 si
846 3548 919 3633 quis
942 3546 1029 3610 liber
1051 3545 1160 3631 aliqua
1183 3547 1318 3611 crimine
1341 3548 1526 3612 infamatur.

490 3648 627 3716 XXIII.i
645 3649 695 3714 Da
719 3649 782 3729 his,
806 3651 861 3735 qui
886 3650 1011 3714 velatas
1035 3648 1107 3713 Deo
1132 3658 1339 3714 consecratas
1362 3651 1395 3713 in
1420 3651 1606 3735 coniugium
1630 3652 1793 3718 duxerint.

499 3753 623 3820 XXIV.
647 3754 698 3818 De
721 3755 847 3839 virgine
870 3761 946 3820 ante
975 3752 1043 3818 XII
1066 3774 1169 3818 annos
1200 3755 1307 3819 relata
1334 3775 1399 3818 non
1429 3757 1652 3820 consentiente
1682 3762 1834 3842 patrono,
1871 3757 1931 3822 sub
1961 3759 2096 3822 cuiusce

713 3864 784 3925 erat
806 3858 998 3944 patrocinio.

517 3961 624 4029 XXV.
648 3962 699 4027 De
723 3961 826 4027 viduis
851 3963 977 4028 velatis.

498 4066 622 4132 XXVI.
647 4065 698 4131 De
722 4065 890 4131 monachis
913 4068 1107 4150 regulariter
1129 4069 1326 4133 exeuntibus
1344 4070 1412 4133 sive
1436 4069 1515 4153 luga
1536 4069 1697 4153 regularis
1714 4068 1904 4157 disciplinae
1921 4071 2054 4156 elapsio.

481 4169 623 4235 XXVII.
647 4169 698 4234 De
723 4171 861 4248 clericis,
885 4171 939 4254 qui
964 4171 1067 4235 semel
1090 4172 1123 4234 in
1147 4173 1235 4236 clero
1258 4171 1405 4258 deputati
1430 4178 1515 4236 aunt.

461 4273 621 4340 XXVIII.
647 4271 693 4337 Ut
716 4273 824 4337 nullus
848 4273 1020 4359 epiecopus
1045 4275 1180 4338 alterius
1206 4275 1387 4338 ministrum
1412 4275 1673 4340 ecclesiasticum
1698 4277 1860 4342 sollicitet.
2072 4303 2097 4340 aa

496 4376 622 4442 XXIX.
646 4375 691 4441 Ut
714 4376 837 4440 nullum
862 4397 991 4441 servum
1007 4385 1083 4442 ante
1100 4378 1279 4464 perfectam
1294 4377 1479 4442 libertatem
1496 4379 1668 4465 episcopus
1684 4379 1834 4446 ordinare
1851 4391 2051 4468 praesumat.

514 4480 621 4546 XXX.
647 4480 698 4545 De
722 4501 773 4560 eo,
797 4481 823 4544 si
848 4481 920 4566 quis
943 4481 984 4546 ab
1008 4483 1184 4568 apostolico
1209 4482 1325 4546 falsam
1349 4481 1502 4548 detulerit
1524 4484 1706 4569 epistolam.

497 4584 623 4651 XXXI.
647 4584 698 4649 De
723 4583 847 4650 Iuribus
872 4593 905 4650 et
929 4586 1119 4651 latronibus.

479 4688 623 4753 XXXII.
648 4687 700 4754 Da
724 4689 864 4754 ecclesia
888 4711 907 4754 a
931 4689 1152 4775 compluribus
1177 4689 1394 4755 coheredibus
1419 4691 1565 4756 obsessa.

461 4792 623 4858 XXXIII.
649 4793 699 4857 De
725 4793 849 4858 claudis
874 4802 908 4858 et
931 4795 1040 4879 aIIqua
1060 4801 1152 4880 parte
1170 4794 1314 4880 eorporis
1331 4795 1475 4874 minutis,
1499 4797 1526 4859 si
1542 4816 1633 4860 sacro
1650 4793 1753 4859 ordini
1770 4797 1894 4882 possint
1910 4794 2052 4881 adiungi.
2072 4817 2098 4855 ro

465 4897 622 4961 XXXIV.
646 4896 697 4960 De
722 4916 772 4975 eo,
798 4898 825 4960 ai
849 4898 920 4983 quis
944 4899 976 4960 in
1000 4898 1093 4961 hoste
1117 4905 1230 4962 eontra
1254 4919 1398 4984 paganos
1421 4899 1575 4964 interficit
1599 4901 1746 4985 captivos
1771 4899 1973 4964 christianos.

483 4999 624 5066 XXXV.
650 4999 695 5064 Ut
718 5001 827 5065 nullus
851 5021 962 5065 comes
986 5001 1159 5086 nullusque
1183 5001 1284 5067 iudex
1307 5002 1422 5066 diebus
1445 5003 1538 5067 festia
1563 5003 1613 5066 vel
1639 5001 1809 5067 dominicis
1834 5025 1892 5069 sen
1916 5003 2054 5068 ieiunio-

716 5125 784 5168 rum
809 5110 865 5168 aut
887 5104 1159 5190 quadragesimae
1176 5106 1329 5190 placitum
1346 5104 1468 5171 babere
1492 5112 1681 5192 praesumat
1705 5114 1737 5170 et
1760 5113 1797 5170 ut
1818 5106 1926 5171 nullus
1943 5107 2054 5193 poeni-

716 5217 787 5273 ten·
811 5210 866 5275 illo
890 5211 1010 5275 veniat.

535 5384 562 5452 a)
582 5388 690 5438 Decreta
712 5393 738 5436 at
761 5385 875 5450 capitula
898 5387 998 5436 concilii
1021 5387 1195 5438 Tribnrienaia
1218 5385 1242 5436 ι’).
1347 5383 1373 5450 b)
1391 5385 1503 5436 airrsdam
1528 5387 1630 5436 concilii
1649 5385 1677 5444 V,
1701 5387 1730 5436 irr
1753 5403 1802 5450 pue
1823 5386 1902 5437 indere
1924 5386 2055 5437 titulorum
2073 5401 2099 5441 45

429 5474 542 5539 sequitur
560 5472 693 5538 epistolam
706 5471 921 5537 praelocutiones.
1001 5475 1025 5533 c)
1044 5471 1172 5524 Rubi-icas
1190 5474 1354 5538 incameratae,
1365 5487 1520 5536 quamnquam
1538 5489 1601 5538 opus
1619 5473 1722 5524 librarii
1737 5472 1869 5538 putandae
1887 5480 1954 5536 arnt,
1972 5481 2056 5523 tamen

430 5558 557 5612 conexos·
573 5559 783 5624 praeposuimus,
807 5573 864 5608 curn
882 5559 984 5624 eloquia
1002 5560 1118 5624 capitula
1135 5559 1241 5611 celerius
1260 5576 1306 5624 ope
1324 5557 1430 5608 illorum
1447 5559 1557 5622 reperiri
1569 5558 1677 5623 poarirrt.
1774 5558 1801 5620 dl
1820 5560 1894 5610 XXII
1914 5559 1975 5610 add.
1995 5556 2056 5610 3in

431 5665 512 5712 morp.
601 5643 626 5712 a)
646 5647 720 5697 XVII
739 5647 796 5698 item
808 5643 831 5696 3.
913 5644 935 5712 l)
949 5647 1044 5697 XXIII.
1063 5649 1170 5698 XXIIII.
1191 5649 1263 5698 XXV
1281 5647 1339 5697 item
1352 5644 1375 5696 3.
1458 5644 1486 5711 g)
1507 5647 1545 5696 Da
1562 5645 1650 5696 eodem
1670 5642 1769 5696 (ΜΞ.
1851 5642 1880 5712 h)
1900 5645 1993 5698 XXVI.
2012 5646 2056 5698 Vl.

432 5735 487 5785 VII.
507 5733 614 5784 XXVII.
633 5732 691 5784 item
709 5731 732 5784 3.
822 5731 842 5797 I)
862 5733 937 5782 XXII
956 5761 988 5768 -
1007 5734 1033 5784 in
1053 5730 1089 5799 (p.
1109 5731 1168 5799 214,
1188 5734 1232 5786 lin.
1250 5730 1278 5799 4)
1297 5732 1349 5784 dee.
1367 5731 1395 5780 in
1412 5727 1429 5780 2
1446 5747 1498 5783 ano
1509 5731 1579 5799 solio
1597 5729 1686 5782 aeciam
