4560 6426
390 440 636 496 carrucarum
655 440 783 497 REGUM
802 440 987 495 cannella
1005 441 1268 498 OCCIDENTALIS
1286 443 1434 510 (KAROLI
1447 443 1491 514 Il).
1512 473 1544 483 -
1563 443 1682 499 119275.
1786 447 1848 511 333

338 618 404 699 Quo
432 621 563 698 tompore
593 616 732 697 capitulo
756 616 839 681 edito
860 637 898 682 oc
914 617 1114 702 9999919919
1136 620 1216 696 9191,
1242 619 1387 682 indicant
1412 622 1441 682 91
1464 619 1628 702 inscriptio
1649 617 1742 704 infra
1764 618 1847 682 edita
1875 629 1935 682 869.

228 721 332 784 919199
347 721 527 800 9119199919,
543 741 558 784 9
573 720 686 800 quibos
699 721 841 796 9119999,
857 720 995 784 Bdlrmcr
1009 741 1059 787 nr.
1079 726 1167 800 1757,
1191 723 1344 789 Karohon
1361 722 1410 786 dic
1426 725 1477 787 28.
1493 743 1531 786 m.
1548 723 1640 786 19911
1654 722 1749 803 ‘carad
1764 722 1851 786 sales

229 823 343 889 anio'
364 843 461 908 propo
482 824 526 887 ad
548 823 750 898 Ambiacum,
773 823 915 900 oltcrrnn,
939 824 959 889 l.
975 844 999 890 9.
1022 829 1189 904 991759,
1219 826 1269 889 dic
1292 830 1342 890 21.
1366 847 1406 890 19.
1431 825 1512 890 laelii
1532 826 1619 906 capud
1641 825 1749 890 Pictos
1771 845 1850 890 com-

228 931 382 991 moratum
414 947 477 990 csso
499 927 698 991 denronstrnt.
749 927 854 1004 Addo,
885 927 967 1007 quod
987 927 1130 991 Karalus
1154 929 1277 992 1999919
1299 949 1400 993 moasc
1422 931 1578 1011 Anpnsto,
1607 950 1675 994 carn
1697 929 1851 992 democle

199 1030 394 1096 sHlotlrora'i
415 1032 536 1112 nepotis
562 1031 674 1094 certior
693 1032 790 1111 ficret,
812 1031 876 1094 iam
899 1031 934 1092 19
957 1031 1079 1094 91911919
1102 1031 1327 1096 Silvanectcnsi
1348 1038 1441 1112 essct:
1464 1031 1524 1118 cfr.
1548 1034 1635 1098 Ana„
1659 1031 1785 1097 Berlin.
1808 1032 1851 1095 od

229 1135 684 1214 9869911191199101.
730 1134 849 1216 Quibus
877 1133 914 1196 dc
940 1135 1044 1198 999919
1071 1141 1252 1200 conventam
1282 1137 1381 1200 199119
1409 1138 1456 1202 991
1484 1140 1613 1200 excunte
1641 1135 1850 1202 9999919119

228 1239 368 1302 bobilam
390 1239 552 1302 9999911111
574 1238 704 1301 videtur.

339 1342 405 1406 Cor
435 1342 589 1422 9119911919
618 1340 662 1404 od
691 1339 800 1404 Pisias
827 1340 950 1421 quidem
988 1341 1140 1405 indictum
1166 1343 1220 1420 sit,
1252 1342 1361 1407 dicant
1392 1343 1538 1408 Annales
1564 1342 1753 1407 Bertinr’oni
1781 1343 1802 1409 l.
1825 1364 1850 1408 c.

224 1468 259 1528 pt
281 1450 339 1512 98:
374 1447 440 1511 Per
467 1467 562 1510 omne
598 1465 733 1530 regnum
763 1464 856 1509 suum
891 1445 1016 1509 litteras
1052 1447 1141 1510 misit
1177 1447 1232 1528 (sc.
1260 1445 1429 1528 Kamiris),
1459 1453 1495 1511 ut
1525 1448 1684 1533 episcopi,
1714 1446 1850 1511 abbates

188 1581 213 1618 so
230 1558 262 1616 91
285 1550 472 1615 abbatissae
500 1550 617 1614 breves
641 1549 682 1614 de
707 1548 880 1612 honoribus
903 1549 985 1626 suis,
1010 1555 1131 1634 quanta
1152 1571 1266 1614 mansa
1292 1552 1427 1636 quisque
1448 1551 1598 1629 haberet,
1626 1552 1751 1615 luturas
1782 1549 1850 1614 Ka-

230 1655 343 1721 lendas
372 1655 438 1720 Mai
469 1654 596 1720 deferre
620 1660 786 1732 curarent,
816 1652 948 1716 vassalli
978 1659 1086 1717 autern
1112 1653 1262 1718 dominici
1291 1655 1443 1719 comitum
1469 1655 1629 1720 beneficia
1658 1662 1690 1719 et
1714 1655 1849 1719 comites

229 1761 441 1826 vassallorum
465 1758 625 1822 beneficia
649 1757 870 1821 inbreviarent
894 1765 926 1820 ot
949 1757 1116 1842 praedicto
1140 1759 1260 1844 placito
1284 1759 1414 1823 aedium
1431 1760 1548 1825 breves
1573 1758 1647 1823 inde
1671 1759 1846 1837 deferrent,

230 1864 326 1930 etde
355 1869 483 1926 eentum
509 1861 628 1925 mansis
657 1881 755 1924 unum
785 1879 910 1923 carrum
939 1880 1010 1923 curn
1042 1859 1167 1924 duobus
1200 1860 1305 1925 bobus
1336 1863 1503 1949 praedicto
1532 1865 1650 1950 placito
1680 1884 1752 1927 cum
1777 1863 1849 1927 aliis

230 1967 371 2044 exeniis,
401 1985 485 2051 quae
509 1985 643 2048 regnum
674 1964 760 2027 illius
789 1962 961 2028 admodum
985 1971 1135 2048 gravant,
1159 1965 1199 2029 ad
1223 1966 1330 2030 Pistas
1366 1969 1449 2031 mitti
1481 1969 1665 2055 praecepit,
1690 1974 1850 2052 99919999

187 2101 211 2138 n
230 2072 291 2157 ipsi
317 2069 469 2134 haistaldi
502 2069 689 2148 castellum,
717 2067 802 2152 quod
825 2067 947 2132 ibidem
973 2090 1014 2131 ex
1043 2070 1132 2153 ligno
1162 2077 1195 2133 ct
1218 2070 1327 2156 lapide
1350 2071 1422 2136 lieri
1445 2073 1626 2157 praecepit,
1661 2073 1851 2136 excolerent

229 2183 263 2242 st
285 2174 502 2248 custodirent;
526 2173 583 2254 cfr.
606 2172 696 2253 irrsro
718 2171 851 2236 adnant.
875 2192 898 2236 9.
915 2178 944 2237 4.
1351 2175 1408 2256 (B.
1425 2175 1475 2253 ΙΙ,
1498 2178 1577 2255 209;
1600 2174 1638 2240 Ρ.
1655 2177 1744 2250 509.)

229 2400 352 2478 Η999,
377 2420 479 2484 9999
504 2403 735 2483 sequuntur,
760 2399 938 2482 capitula
967 2399 1303 2463 constituissent
1331 2421 1351 2464 9
1381 2399 1519 2463 domno
1542 2406 1676 2463 nostro
1699 2398 1849 2464 Karolo

230 2526 324 2588 rege
353 2505 533 2587 glorioso
564 2523 645 2566 cum
674 2502 839 2566 consilio
870 2508 906 2565 91
936 2521 1130 2567 99999999
1153 2505 1434 2589 episcoporum
1458 2523 1502 2567 ao
1526 2510 1752 2568 ceterorum
1775 2501 1847 2566 Dei

231 2615 269 2673 et
292 2628 445 2671 suorum
470 2607 666 2685 fidelium,
699 2606 763 2691 qui
789 2604 1020 2680 adfuerunt,
1049 2604 1086 2668 in
1111 2605 1209 2682 loco,
1234 2607 1298 2690 qui
1322 2606 1476 2670 dicitur
1499 2605 1640 2684 Pictis,
1672 2606 1850 2670 999919-

187 2735 213 2772 ao
231 2713 473 2776 carnationis
496 2710 711 2807 dominicae
734 2708 973 2784 DCCOLXIX,
1003 2729 1103 2772 anuo
1127 2717 1251 2773 autem
1274 2711 1385 2794 regui
1409 2711 1469 2772 sui
1492 2708 1600 2790 XXX,
1631 2708 1851 2774 indictione

229 2814 411 2896 secunda,
427 2821 464 2878 et
487 2813 532 2878 ab
557 2834 600 2878 eo
617 2813 847 2877 denuntiata
871 2820 1002 2877 sunta
1026 2834 1066 2876 se
1090 2819 1127 2876 et
1150 2814 1196 2876 ab
1214 2814 1391 2877 omnibus
1408 2812 1598 2878 lidelibus
1616 2815 1699 2878 suis
1716 2833 1850 2876 secuu-

278 2918 361 2983 dum
384 2917 696 3001 uniuscuiusque
720 2915 891 2979 ordinem
916 2923 953 2980 et
975 2936 1180 3000 personam
1204 2916 1496 2982 iuviolabiliter
1519 2917 1801 2982 conservanda.

340 3075 417 3161 Cap.
439 3080 466 3137 l.
503 3025 578 3137 De¹
603 3083 710 3137 honore
733 3085 762 3137 et
777 3083 854 3136 cultu
870 3082 922 3137 Dei
937 3086 1023 3152 atque
1039 3087 1199 3138 sanctarum
1216 3084 1395 3140 ecclesiarum
1419 3075 1452 3138 in
1477 3096 1577 3160 regno
1601 3081 1711 3139 nostro
1728 3084 1851 3140 decerni·

228 3199 297 3248 mus,
321 3185 361 3247 ut,
385 3179 458 3234 sicut
480 3183 607 3248 tempore
631 3169 682 3232 avi
706 3175 738 3232 et
761 3177 874 3248 patris
897 3178 988 3232 nostri
1010 3179 1139 3234 excultae
1163 3182 1192 3233 91
1214 3161 1392 3235 honoratae2
1415 3180 1531 3240 inerunt
1553 3183 1583 3234 et
1605 3172 1689 3235 sicut
1712 3185 1849 3236 anostra

185 3287 209 3327 99
228 3267 379 3352 largitate
402 3276 568 3330 honoratae
591 3277 620 3328 et
643 3273 781 3327 ditataen
805 3277 883 3328 sunt
907 3265 957 3327 vel
988 3262 1143 3350 deinceps
1166 3265 1323 3343 fuerintb,
1352 3275 1430 3329 salva
1458 3275 1612 3345 aequitatis
1641 3275 1779 3342 ratione⁰,
1809 3276 1850 3330 ita

228 3364 288 3428 sub
311 3362 514 3427 immunitate
538 3373 731 3440 permaneant.
776 3359 1025 3444 Archiepiscopi
1058 3380 1186 3444 quoque
1220 3368 1254 3424 et
1282 3363 1427 3447 episcopi
1458 3370 1491 3426 91
1525 3361 1625 3426 ceteri
1660 3362 1849 3426 sacerdotes

228 3489 266 3531 99
290 3467 376 3532 servi
401 3473 434 3531 et
457 3465 596 3530 ancillae
620 3464 695 3543 Dei,
719 3465 838 3549 quique
862 3463 914 3526 vel
939 3483 1086 3548 quaeque
1110 3464 1142 3526 19
1166 3463 1289 3527 ordinis
1313 3466 1361 3528 sui
1379 3463 1549 3549 dignitate,
1573 3465 1728 3529 honorem
1753 3471 1850 3550 91999

227 3570 464 3634 immunitatem
489 3568 667 3634 seeundum
692 3588 802 3632 sacras
826 3567 917 3650 leges
942 3574 975 3630 91
999 3588 1141 3632 9999999
1166 3567 1318 3634 habeant.

337 3677 365 3738 2.
400 3665 469 3738 Ut3
498 3674 540 3737 ab
573 3672 828 3757 archiepiscopis
866 3669 923 3734 etd
958 3671 1144 3758 episcopisd
1177 3679 1210 3737 91
1240 3672 1280 3736 91)
1312 3673 1384 3737 91119
1416 3672 1567 3736 fidelibus
1599 3673 1718 3737 nostris
1748 3671 1851 3735 honor

187 3797 212 3837 ro
230 3779 339 3863 regius
363 3785 397 3841 et
418 3784 563 3863 potestas
587 3799 624 3841 ac
648 3776 757 3841 debita
788 3775 975 3840 ohedientia
1006 3785 1103 3862 atque
1134 3776 1327 3841 adiutorium
1360 3777 1399 3841 ad
1433 3799 1567 3862 regnum
1597 3783 1744 3842 nostrum
1774 3797 1849 3841 oon-

229 3882 397 3947 tinendum
421 3889 453 3945 91
476 3881 711 3946 defensandum
735 3881 828 3945 nobis
851 3880 884 3942 in
907 3881 1055 3945 omnibus
1080 3887 1131 3944 et⁶
1155 3882 1196 3945 ab
1222 3880 1370 3945 omnibus
1394 3880 1570 3944 secundum
1594 3882 1849 3966 uniuscuiusque

231 3986 375 4052 ordinem
400 3992 433 4050 et
456 3986 648 4070 dignitatem
673 3993 770 4071 91999
801 3986 1071 4071 possibilitatem,
1105 3988 1189 4051 sicut
1218 3995 1365 4072 tempore
1393 3993 1637 4050 antecessorum
1667 3991 1849 4048 nostrorum

231 4094 315 4156 iuste
340 4096 373 4154 91
395 4090 635 4154 rationabiliter
658 4098 883 4168 consueverat,
909 4090 1113 4156 exhibeatur.

338 4196 366 4258 3.
401 4185 459 4257 1114
483 4187 828 4258 999999999191119191995
852 4203 991 4258 veraciter
1018 4204 1076 4257 sint
1106 4204 1140 4258 de
1170 4203 1251 4258 nobis
1275 4203 1378 4268 securi,
1408 4183 1505 4272 quia⁴,
1529 4185 1687 4272 quantumi
1709 4200 1797 4256 sciero
1821 4205 1848 4254 el

185 4281 313 4345 1119919
336 4301 374 4344 uc
396 4289 606 4345 rationabiliter
628 4294 756 4360 potuero,
780 4291 900 4346 Domino
917 4291 1069 4346 adiuvante
1085 4307 1312 4360 unumquemque
1328 4291 1480 4344 seeundum
1503 4289 1557 4343 sui
1581 4287 1716 4345 ordinis
1738 4287 1847 4358 digni-

229 4381 337 4433 tatem
360 4379 390 4432 et
411 4393 560 4448 personam
581 4377 730 4432 honorate
760 4381 789 4431 91
818 4368 956 4433 salvaref
977 4382 1007 4432 91
1036 4379 1206 4433 honoratum
1228 4387 1265 4431 'ac
1296 4359 1478 4431 salvatum⁸⁷
1508 4393 1694 4432 conservare
1718 4374 1797 4429 volo
1820 4379 1849 4428 91

229 4464 380 4533 unicuique
403 4475 514 4519 eorum
537 4455 568 4518 19
594 4476 652 4518 999
678 4454 789 4520 ordine
806 4455 1005 4521 secuudumd
1028 4456 1090 4520 sibi
1106 4461 1328 4540 competentes
1344 4455 1448 4540 leges,
1472 4461 1539 4518 tam
1556 4452 1736 4518 mundanas
1753 4473 1849 4538 quam

229 4559 480 4637 ecclesiasticas,
505 4565 626 4623 rectam
650 4560 808 4623 rationem
833 4560 888 4624 et<¹
912 4569 1051 4624 iustitiam
1074 4551 1268 4624 conservarsi
1291 4564 1324 4622 et
1346 4548 1476 4622 nullum4
1499 4557 1642 4622 fidelium
1667 4561 1849 4619 nostrorum

230 4677 328 4728 contra
350 4672 440 4743 legem
463 4675 493 4726 91
515 4671 653 4726 iustitiam
677 4673 721 4727 vel
743 4673 943 4728 auctoritatem
972 4691 1005 4728 ao
1031 4673 1134 4727 iustam
1161 4673 1302 4728 rationem
1330 4675 1380 4726 aut
1407 4671 1557 4727 damnabo
1588 4674 1638 4725 aut
1660 4667 1850 4724 dehonorabo

185 4782 211 4820 so
229 4763 280 4815 991
303 4759 470 4830 opprimam
493 4763 542 4813 aul
564 4758 698 4814 indebitis
721 4759 978 4815 machinationibus
994 4741 1156 4831 affligam⁴;
1180 4758 1213 4814 et
1235 4759 1326 4830 legem
1334 4741 1356 4826 ⁸,
1385 4757 1420 4813 ut
1442 4749 1675 4834 praediximus
1699 4755 1850 4825 unicuique

332 4943 358 5008 a)
377 4944 478 5007 dictata,
496 4960 544 4994 om.
563 4949 596 5006 et,
614 4941 638 4993 2.
727 4941 919 5006 1))19999912.
1007 4941 1030 5008 9)
1049 4940 1218 4994 9911999199.
1306 4941 1333 5005 d)
1352 4957 1400 4992 orn.
1420 4938 1445 4990 2.
1533 4939 1557 5002 9)
1576 4945 1601 4990 91
1619 4939 1653 4989 ab
1672 4955 1739 4990 omn.
1758 4954 1806 4989 om.
1829 4939 1849 4989 1.

230 5029 255 5096 1)
274 5031 387 5084 salutare
404 5029 430 5082 2.
517 5028 545 5096 g)
564 5029 703 5080 salutatum
721 5027 746 5079 2.

332 5203 358 5267 l)
378 5198 434 5267 Csr.
449 5198 529 5253 0999.
541 5199 573 5252 19
587 5197 699 5252 caera
711 5199 771 5265 843,
788 5215 872 5268 supra
887 5217 915 5268 p.
928 5201 987 5266 255,
1006 5215 1027 5252 c.
1039 5202 1063 5266 1,
1075 5199 1154 5252 caius
1167 5213 1216 5267 opo
1227 5197 1275 5251 boc
1287 5196 1436 5265 sopitalem
1448 5194 1599 5261 consenum
1611 5200 1655 5249 cst.
1725 5196 1752 5262 2)
1764 5197 1850 5264 atque

228 5303 310 5357 rebus
322 5302 475 5373 ampliatae
495 5302 558 5356 odd.
576 5303 619 5356 19
699 5303 725 5372 3)
745 5303 814 5357 lou.
834 5320 854 5358 c.
867 5306 892 5372 2,
911 5305 980 5358 item
1062 5305 1090 5370 4)
1112 5303 1148 5357 Ut
1167 5344 1214 5357 ...
1234 5301 1317 5371 quia;
1335 5299 1445 5354 nullum
1465 5339 1512 5352 ...
1531 5298 1669 5368 affligam
1690 5297 1783 5352 fideles

184 5427 209 5465 9
228 5406 311 5461 debet
328 5422 360 5461 ea
379 5407 458 5462 Gonu.
476 5425 520 5476 op.
541 5407 684 5462 Marenem
697 5407 737 5461 H.
754 5407 814 5475 851,
832 5424 917 5477 supra
931 5425 958 5477 p.
971 5410 1014 5477 73,
1031 5425 1053 5462 c.
1065 5411 1089 5464 6.
1108 5413 1214 5476 999919
1231 5413 1304 5460 seren.
1392 5407 1419 5476 5)
1439 5403 1629 5474 unusquisque
1648 5405 1677 5456 in
1692 5420 1741 5457 suo
1754 5403 1850 5456 ordine

229 5513 258 5564 et
276 5513 352 5564 stetu
369 5509 431 5564 acc.
450 5512 498 5564 19.
578 5513 605 5580 6)
624 5515 762 5580 quantum
846 5513 1059 5568 conservabo:
1074 5509 1507 5564 Κ99911999999.(191919911118
1522 5513 1632 5576 procat„
1650 5523 1736 5576 capra
1751 5523 1779 5576 p.
1791 5509 1850 5562 296.

230 5613 256 5682 l)
274 5613 378 5683 absque
396 5613 454 5668 ullo
472 5614 536 5668 dolo
560 5631 592 5669 99
613 5615 793 5670 (1999911999
812 5614 855 5668 vel
878 5615 1042 5684 deceptione
1061 5613 1124 5668 edd.
1144 5614 1160 5667 l.
1174 5629 1195 5668 c.
1301 5615 1328 5684 8)
1348 5614 1439 5682 legem
1526 5612 1649 5682 perdono
1669 5635 1699 5657 =
1722 5611 1800 5664 Ferro.
1819 5611 1851 5664 19

229 5717 290 5772 auo
309 5717 436 5787 091813,
453 5735 536 5789 9999
553 5736 579 5788 p.
591 5721 651 5787 2191,
669 5719 728 5774 93.
