4568 6420
392 441 659 496 ADDITAMENTA
679 441 727 496 AD
745 441 860 497 CAPIT.
880 442 960 498 Rnu.
980 442 1163 497 FRANOIAE
1182 442 1370 498 oculosus.
1390 443 1540 512 (Kanum
1554 444 1600 515 11).
1620 475 1651 485 -
1671 446 1720 500 Nr.
1732 446 1791 501 298.
1843 453 1904 512 443
1963 479 1965 484 ·

390 619 418 679 5.
454 613 535 678 Post
556 634 670 699 puram
695 621 804 680 autem
828 616 1082 697 consessionem,
1111 617 1138 681 si
1162 617 1364 703 promiserit,
1394 637 1477 702 quae
1501 617 1587 682 male
1610 625 1706 703 gesta
1730 625 1814 698 sunt,
1845 640 1904 704 por
1921 625 1981 677 859.

281 719 396 803 dignos
419 717 640 802 poenitentiae
666 718 790 782 fructus
813 721 1060 804 praeveniente,
1093 719 1267 784 adiuvante
1296 727 1330 784 et
1358 721 1576 806 subsequente
1606 721 1716 787 divina
1739 722 1846 807 gratia
1869 745 1904 787 sc

280 844 338 909 pro
363 821 485 885 viribus
510 820 773 900 emendaturum,
805 823 880 906 quia
904 824 1059 908 scriptum
1083 829 1147 887 est:
1181 815 1340 888 ‘naeiteffi
1369 825 1494 888 fructus
1518 823 1634 910 dignos
1658 825 1903 911 poenitentiae'‚

282 932 319 988 nt
342 931 433 988 tanto
458 925 580 986 maiora
603 929 740 1008 quaerat
765 924 921 988 bonorum
947 927 1097 1010 operumi
1125 927 1262 1010 quisque
1286 927 1376 990 lucra
1399 929 1471 1011 per‘
1493 928 1754 1011 poenitentiami,
1784 937 1905 1014 quanto

250 1028 433 1112 sgrovioro
456 1027 517 1092 sibi
540 1026 650 1090 intulit
673 1025 792 1090 domna
815 1047 873 1112 per
889 1029 1028 1112 culpsm,
1052 1029 1205 1112 quoniam
1229 1034 1262 1093 et
1284 1029 1330 1093 illi
1354 1021 1500 1108 ‘besti¹⁰,
1532 1051 1668 1116 quorum
1684 1037 1772 1096 tecta
1789 1031 1904 1096 bonisu

280 1131 431 1216 operibus
455 1135 530 1196 sunt
553 1129 711 1215 peccota’,
743 1137 788 1209 et,
817 1137 853 1193 ut
884 1132 1040 1217 scriptum
1071 1138 1138 1212 est,
1168 1123 1292 1216 ‘quis2⁰
1317 1133 1480 1217 peccavit,
1517 1141 1550 1197 et
1580 1135 1735 1220 populum
1764 1157 1903 1220 peccare

281 1233 379 1314 fecit’,
403 1240 494 1299 tanta
517 1235 582 1297 sint
604 1233 700 1314 bona,
725 1254 809 1318 quac
833 1239 926 1297 tanta
949 1233 1101 1318 operient
1123 1235 1218 1298 mala.

388 1344 417 1406 6.
452 1338 580 1403 Deinde
608 1339 633 1400 si
659 1337 868 1424 spoponderit
894 1338 935 1403 ad
959 1359 1074 1423 pacem
1102 1344 1136 1403 et
1163 1338 1364 1402 concordium
1394 1340 1645 1426 praesentaliter
1672 1341 1728 1404 in'
1751 1340 1848 1404 corde
1872 1347 1905 1405 et

279 1465 334 1508 ore
358 1443 422 1522 etl,
446 1442 639 1528 quantocius
663 1441 901 1504 rationabiliter
924 1449 957 1505 et
980 1442 1181 1527 possibiliter
1204 1449 1302 1527 atque
1320 1445 1553 1508 convenienter
1577 1467 1618 1508 ex
1637 1445 1799 1508 communi
1825 1466 1902 1509 con-

238 1558 403 1612 ¹⁰sensuw
425 1547 496 1611 fieri
520 1545 655 1631 poterit,
687 1545 783 1610 etiam
816 1546 1002 1630 praesentia
1030 1547 1175 1632 corporis
1205 1545 1246 1608 ad
1269 1567 1383 1631 paoem
1417 1553 1450 1610 et
1473 1547 1681 1611 concordiam
1705 1568 1778 1611 curn
1803 1547 1903 1612 fratre

278 1674 336 1716 suo
353 1650 476 1714 Karolo
501 1671 536 1713 se
560 1648 738 1712 rediturum
763 1655 796 1710 et
819 1649 852 1711 in
875 1669 956 1734 pace
980 1670 1018 1713 ac
1035 1649 1170 1713 caritate
1188 1648 1259 1713 Deo
1284 1649 1405 1734 placita
1428 1671 1500 1714 cum
1524 1651 1680 1735 praelatis
1704 1650 1902 1736 principibus

279 1756 400 1819 nostris
424 1753 546 1817 Karolo
570 1760 668 1837 atque
692 1751 883 1830 Hlotbario,
914 1753 941 1815 si
963 1754 1026 1838 ipsi
1050 1753 1188 1817 eandem
1211 1775 1325 1838 pacem
1350 1762 1383 1817 et
1407 1754 1610 1818 concordiam
1635 1775 1713 1839 erga
1737 1776 1810 1819 eum
1834 1777 1901 1819 ser-

279 1859 436 1935 vaverint,
460 1877 719 1942 permansurum,
743 1861 776 1918 et
798 1856 831 1918 in
856 1877 891 1919 se
908 1856 1119 1940 peccantibus
1135 1855 1267 1920 debita¹
1290 1857 1456 1936 dimiserit,
1481 1858 1564 1922 sicut
1588 1879 1647 1922 sua
1667 1880 1687 1921 a
1703 1857 1775 1923 Deo
1792 1858 1904 1923 debita

278 1963 338 2026 sibi
366 1961 454 2045 cupit
484 1958 618 2032 dimitti;
653 1959 728 2042 quia
758 1957 870 2022 itidern
902 1961 1063 2044 scriptura
1086 1959 1178 2023 dicit:
1211 1951 1376 2023 ‘Pacem21
1401 1961 1573 2044 sequimini
1599 1983 1671 2025 cum
1696 1963 1845 2027 omnibus
1869 1970 1902 2027 ct

236 2083 259 2120 1⁵
279 2064 538 2141 sanctimoniam,
562 2063 632 2126 sine
650 2082 713 2146 qus
728 2083 823 2126 nemo
841 2061 964 2125 videbit
980 2061 1108 2126 Deum!
1154 2061 1197 2125 Et
1219 2073 1314 2126 oumy
1330 2063 1415 2126 mola
1432 2071 1549 2127 cuncta
1571 2064 1666 2128 bonis
1690 2067 1901 2150 sequentibus

278 2171 454 2248 diluantur,
478 2171 603 2230 tantum
628 2173 677 2229 est
701 2165 882 2229 discordiae
906 2166 1042 2245 melum,
1073 2187 1172 2250 quac,
1196 2166 1258 2230 nisi
1291 2167 1438 2230 extincta
1464 2167 1609 2231 funditus
1638 2168 1753 2245 suerit,
1781 2168 1901 2232 bonum

277 2274 464 2337 nullatenus
488 2270 590 2355 sequi,
615 2269 786 2353 evangelio
811 2275 907 2349 teste,
929 2271 1115 2355 permittat;
1141 2277 1174 2334 et
1198 2271 1316 2334 caritas
1341 2276 1401 2348 est,
1426 2291 1509 2355 quae
1534 2273 1639 2356 operit
1662 2273 1899 2336 multitudinem

276 2380 500 2463 peccatorum,
533 2373 603 2436 sine
627 2393 705 2456 qua,
740 2373 868 2436 etiamsi
897 2373 968 2456 quis
1000 2393 1117 2457 corpus
1142 2393 1235 2436 suum
1260 2372 1368 2437 tradat
1391 2373 1432 2438 sd
1458 2375 1585 2458 ignem,
1617 2375 1698 2439 nihil
1722 2377 1752 2440 ei
1774 2377 1837 2440 nisi
1860 2377 1900 2441 sd

276 2479 495 2543 damnationis
517 2476 671 2540 iudicium
701 2475 857 2561 proderit.
908 2476 950 2540 Et
973 2477 1132 2540 Dominus
1164 2476 1255 2540 dicit:
1292 2467 1374 2540 ‘Si22
1405 2499 1470 2540 non
1498 2479 1684 2543 dimiscritis
1715 2479 1900 2544 hominibus

232 2605 258 2644 ao
276 2591 412 2671 peccata
437 2603 560 2660 eorum,
584 2602 645 2644 nec
670 2587 765 2665 pater
788 2587 897 2645 voster
921 2581 1074 2645 coelestis
1094 2581 1238 2644 dimittet
1261 2579 1352 2644 vobis
1375 2587 1511 2665 peccata
1534 2579 1664 2646 vestra.'

385 2690 413 2750 1.
447 2686 529 2749 Post
551 2685 633 2750 haec
657 2685 684 2747 si
708 2685 907 2769 promiserit,
940 2683 1025 2769 quod
1055 2685 1119 2747 iam
1149 2685 1286 2748 ulterius
1318 2684 1383 2748 tale
1407 2685 1458 2748 vel
1482 2685 1587 2748 simile
1619 2685 1760 2750 schisma
1782 2686 1815 2750 in
1838 2686 1900 2752 hac

277 2798 390 2854 sancto
412 2789 474 2853 Dei
503 2787 642 2852 ecclesia
671 2793 768 2872 atque
798 2788 831 2851 in
860 2787 924 2851 ista
954 2787 1192 2851 christianitate
1220 2807 1283 2850 non
1313 2788 1476 2852 reiteret¹.
1528 2787 1624 2852 Unde
1653 2790 1898 2876 scriptumest:

277 2883 388 2966 ί(11123
420 2893 607 2977 baptizatur
640 2912 659 2954 a
694 2895 821 2954 mortuo
857 2896 889 2953 et
923 2890 1041 2954 iterum
1079 2891 1184 2976 tangit
1220 2890 1326 2970 illum,
1368 2891 1444 2976 qnid
1478 2892 1607 2976 proficit
1641 2894 1761 2957 lavatio
1797 2895 1898 2958 eius?⁷

274 2985 501 3080 Baptizatur²4
524 2995 642 3079 quippe
666 3015 685 3057 a
708 2999 851 3074 mortno,
881 2995 937 3079 qui
958 2994 1135 3058 mundatur
1157 2993 1287 3058 fletibus
1322 3015 1342 3057 a
1369 3000 1517 3078 peccato;
1550 2994 1610 3058 sed
1637 3002 1710 3081 post
1738 2995 1901 3081 baptisma

230 3120 254 3159 as
275 3105 434 3162 mortuum
458 3100 579 3182 tangit,
603 3098 657 3182 qui
680 3098 791 3182 culpas
814 3105 886 3183 post
908 3098 1057 3162 lacrimas
1083 3097 1213 3182 repetit.
1259 3096 1302 3160 Et
1323 3097 1440 3161 iterum
1464 3099 1642 3183 scriptum·
1666 3104 1729 3163 est:
1755 3091 1900 3164 ‘Oanis25

275 3222 425 3265 reversus
450 3201 492 3264 ad
516 3201 671 3264 vomitum
696 3220 801 3278 suum,
826 3199 878 3264 eps
901 3221 957 3264 sus
980 3200 1047 3264 lota
1077 3201 1108 3264 in
1138 3201 1308 3264 volutabro
1332 3197 1419 3272 luti’;
1455 3201 1530 3284 quia
1553 3203 1607 3286 qui
1631 3208 1801 3287 peccatum
1825 3212 1900 3288 post

273 3306 507 3390 poenitentiam
537 3304 673 3389 repetit,
709 3305 799 3388 quasi
829 3305 862 3368 in
890 3304 997 3368 lutosa
1027 3325 1112 3388 aqus
1139 3305 1350 3390 semetipsum
1381 3304 1500 3382 volvit,
1531 3305 1633 3389 quiae,
1663 3305 1739 3368 dum
1768 3307 1899 3371 fletibus

274 3411 362 3472 suis⁰
386 3409 472 3473 vitae
495 3407 687 3471 munditiam
711 3407 885 3486 subtrahit,
909 3409 996 3492 ipsas
1020 3408 1120 3471 etiam
1144 3409 1293 3471 lacrimas
1317 3414 1393 3471 ante
1417 3405 1481 3470 Dei
1505 3409 1615 3470 oculos
1640 3409 1787 3472 sordidas
1809 3409 1898 3473 facit.

381 3515 411 3576 8.
446 3510 539 3575 Tunc
563 3509 693 3574 demum
718 3511 889 3595 promittat
916 3531 951 3574 ss
979 3509 1019 3574 ab
1047 3511 1176 3574 illorum
1206 3511 1406 3596 perditorum
1435 3509 1600 3573 hominum
1630 3512 1769 3575 tuitione
1799 3519 1897 3596 atque

230 3641 255 3678 so
274 3615 396 3693 favore,
420 3635 480 3698 per
502 3634 582 3699 quos
605 3619 672 3676 tarn
688 3614 830 3698 graviter
847 3612 953 3679 Deum
971 3614 1116 3692 offendit,
1141 3613 1340 3698 disiungere.
1385 3612 1428 3676 Et
1451 3614 1506 3698 qui
1522 3613 1614 3697 qnasi
1637 3613 1678 3678 ad
1703 3615 1772 3679 eius
1788 3615 1896 3695 fidem,

273 3718 331 3783 sed
354 3717 463 3804 potius
485 3716 659 3781 infideliter
683 3715 723 3780 ad
747 3737 821 3780 eum
845 3717 1007 3793 venerint,
1040 3716 1080 3779 ad
1105 3723 1229 3780 rectam
1253 3717 1413 3780 rationem
1442 3715 1474 3778 in
1506 3717 1653 3800 proximo
1678 3716 1798 3801 placito
1821 3725 1897 3781 ante

273 3823 407 3886 fratrem
438 3841 532 3884 suurn
562 3819 720 3885 Karolum
752 3826 783 3883 et
812 3825 964 3904 nepotem
994 3841 1088 3885 suurn
1118 3819 1344 3896 Hlotbarium,
1374 3820 1458 3883 siout
1483 3819 1554 3882 Deo
1585 3825 1670 3883 teste
1701 3821 1785 3884 iamb
1813 3820 1898 3906 apud

271 3915 474 3988 Marsnsm²⁶
502 3925 633 4008 propria
662 3943 760 3986 manu
785 3923 987 3997 firmaverat,
1018 3924 1145 4004 venire,
1177 3923 1203 3986 si
1234 3923 1391 4008 potuerit,
1427 3921 1536 3986 facist.
1588 3921 1631 3985 Et
1660 3944 1897 4008 quemcumque

272 4029 399 4092 illorum
430 4033 522 4093 recto
550 4027 633 4091 ratio
663 4026 931 4110 dignificaveritd,
960 4026 1078 4111 digno⁰
1106 4027 1228 4091 honore
1256 4047 1315 4089 suo
1347 4025 1481 4088 truatur.
1532 4023 1575 4088 Et
1604 4027 1657 4109 qui
1688 4048 1747 4111 per
1775 4033 1897 4090 rectam

229 4157 254 4196 os
274 4133 434 4196 rationem
463 4129 559 4214 erga‘
585 4129 748 4193 seniorem
782 4149 875 4193 suum
905 4129 1073 4192 iustificari
1102 4151 1166 4193 non
1202 4129 1346 4214 potuerit
1374 4133 1429 4191 et⁸
1457 4127 1683 4192 rationabilem
1714 4130 1896 4193 misericor-

273 4236 358 4300 diam
368 4229 397 4273 ‘27
421 4255 479 4321 pro
505 4254 544 4298 eo
569 4233 757 4320 expetierit,
781 4233 941 4298 eandem⁸
963 4230 1472 4297 rationabilemmisericordiam
1496 4231 1542 4294 illi
1567 4231 1722 4296 obtineat.
1767 4232 1818 4296 De
1842 4233 1897 4296 illo

272 4362 365 4420 vero,
388 4360 485 4425 quem
512 4345 602 4401 recta
630 4337 713 4402 ratio
744 4342 777 4400 et
799 4337 920 4400 iustum
944 4336 1097 4398 iudicium
1120 4335 1395 4412 condemnaverit,
1428 4331 1482 4398 eth
1514 4354 1573 4397 rex
1604 4333 1799 4398 christianus
1824 4356 1897 4398 cum

273 4463 351 4527 rege
376 4463 488 4524 regum
513 4439 643 4504 Christo
666 4438 872 4518 copodemneti
905 4446 938 4502 et
961 4439 1089 4502 alienae
1114 4438 1287 4522 perditioni
1310 4459 1346 4500 se
1369 4457 1434 4500 non
1459 4436 1721 4510 commisculet¹¹;
1754 4438 1840 4523 quia,
1864 4446 1899 4502 ut

271 4545 394 4609 Paulus
418 4543 511 4623 dicit,
539 4533 649 4606 ‘non2‘l
678 4543 782 4606 solum
812 4543 867 4626 qui
890 4542 1029 4621 faciunt,
1058 4540 1116 4605 sed
1146 4541 1321 4625 etiamqui
1345 4540 1653 4604 malefacientibus
1678 4543 1897 4622 consentiunt,

228 4762 254 4800 ro
375 4745 396 4808 t)
415 4762 464 4796 one.
481 4743 506 4795 4.
610 4742 639 4807 u)
658 4742 732 4793 bonis
750 4743 870 4808 operibns
889 4757 937 4792 orn.
955 4738 980 4791 4.
999 4748 1022 4790 et
1039 4739 1109 4790 Bidl.
1213 4739 1241 4804 v)
1260 4746 1312 4790 toto
1331 4741 1392 4790 cdd.
1412 4737 1436 4792 4.
1543 4738 1578 4804 vv)
1596 4757 1672 4792 sensu
1693 4737 1715 4790 l.
1814 4741 1842 4805 x)
1860 4743 1898 4792 ita

270 4831 333 4882 add.
351 4829 374 4882 4.
469 4829 498 4897 y)
516 4847 564 4882 om.
583 4827 608 4880 4.
700 4829 724 4892 a)
743 4830 824 4878 iterat.
848 4828 912 4878 Nam
931 4824 956 4876 4.
1056 4826 1082 4891 a)
1101 4827 1223 4893 scriptum
1246 4833 1285 4877 est
1307 4843 1354 4876 om.
1373 4824 1397 4876 4.
1492 4822 1520 4891 b)
1540 4843 1588 4876 ons.
1606 4824 1631 4876 4.
1729 4827 1754 4890 o)
1772 4829 1833 4892 quia

269 4917 323 4966 suis
342 4933 389 4966 oon.
408 4913 483 4966 2-4.
590 4915 617 4980 d)
636 4915 820 4980 significaverit
837 4911 862 4965 4.
960 4913 984 4976 e)
1003 4914 1080 4980 digne
1098 4912 1183 4964 2-4.
1280 4913 1304 4976 1)
1322 4921 1382 4964 aute
1399 4910 1424 4964 4.
1529 4911 1558 4979 g)
1573 4919 1599 4963 st
1617 4914 1787 4965 ...candem
1805 4931 1853 4964 om.
1872 4913 1897 4965 4.

270 5000 443 5067 h)ut1-3.
532 5001 551 5068 i)
570 5003 706 5054 concordet
726 5000 800 5053 1—3.
888 5000 917 5064 lv)
935 5003 1098 5052 commisceat
1114 4999 1140 5051 4.

376 5181 419 5242 18)
438 5179 506 5233 Luc.
525 5181 549 5247 3,
560 5179 584 5232 8.
656 5179 698 5246 19)
717 5179 816 5232 Psalm.
834 5179 911 5246 31,1.
981 5179 1026 5245 20)
1044 5179 1067 5231 3.
1083 5177 1146 5245 ch.
1167 5176 1258 5244 14,16.
1328 5177 1372 5244 21)
1385 5175 1483 5230 Ebrue.
1498 5176 1586 5242 12,11.
1655 5177 1702 5245 22)
1715 5176 1813 5230 Mattio.
1825 5179 1896 5242 6,l.5.

226 5306 251 5344 ss
269 5284 314 5350 23)
333 5283 432 5336 ncces.
450 5284 493 5351 34,
503 5283 544 5337 30.
651 5283 696 5351 24)
717 5281 773 5348 Osr.
800 5281 957 5350 GrepcriiI.
977 5281 1092 5348 Rspistr.
1110 5280 1154 5334 lib.
1174 5278 1232 5344 xl,
1258 5295 1295 5347 cp.
1310 5279 1356 5346 21,
1380 5279 1467 5344 Jaffe',
1492 5279 1554 5346 Περ.
1569 5279 1670 5346 pontif.
1691 5280 1731 5346 1²,
1754 5297 1795 5333 ur.
1817 5282 1897 5334 1811·

269 5387 409 5440 Mortuum
429 5385 535 5454 qnippe
553 5388 596 5438 est
614 5402 694 5438 omns
713 5401 782 5454 opus
795 5401 963 5454 perversum,
982 5383 1057 5452 quod
1077 5383 1217 5453 pertrabit
1234 5383 1270 5436 ad
1284 5386 1400 5437 mortem
1421 5421 1467 5435 ...
1488 5381 1651 5450 Baptizatur
1669 5399 1734 5450 ergo
1753 5399 1768 5434 a
1787 5386 1897 5437 mortuo

270 5491 299 5542 et
311 5489 412 5542 iterum
431 5488 526 5557 tangit
544 5505 615 5552 eum,
635 5489 682 5556 qni
702 5505 789 5558 prava
807 5506 900 5558 opera,
919 5505 992 5556 qnae
1011 5504 1040 5540 se
1058 5487 1147 5554 egisse
1166 5487 1302 5548 meminit,
1321 5485 1462 5555 deplorst3
1481 5483 1528 5538 sed
1542 5483 1644 5537 eisdem
1664 5501 1693 5536 se
1712 5485 1812 5541 iterum
1833 5493 1897 5556 post

270 5592 397 5646 lacrimas
423 5592 558 5661 implicat.
661 5593 705 5657 25)
728 5593 752 5644 2.
774 5591 844 5644 Petr.
868 5593 893 5656 2,
907 5593 948 5644 22.
1048 5592 1093 5658 26)
1120 5589 1198 5642 Consi.
1222 5606 1265 5656 ap.
1294 5589 1439 5642 Mars-uam
1458 5589 1499 5641 ΙΙ.
1522 5589 1586 5654 851,
1613 5603 1696 5654 supra
1718 5605 1746 5656 p.
1766 5593 1813 5656 13,
1836 5595 1896 5646 o.4.

269 5695 313 5762 21)
334 5695 391 5762 Ost.
413 5695 492 5748 Ocno.
510 5712 553 5762 up.
575 5693 721 5762 Conflueut.
740 5695 798 5760 860,
817 5710 901 5762 utpru
916 5695 1016 5761 p.156,
1035 5711 1057 5748 c.
1070 5697 1094 5748 1.
1182 5694 1227 5758 28)
1248 5693 1325 5746 Rern.
1347 5693 1418 5758 1,32.

1637 5789 1687 5842 56*
