4560 6426
418 436 479 498 348
578 432 823 489 oeelooaaols
842 433 971 488 REGUM
991 433 1174 488 seuuemo
1193 434 1454 489 osorouuostls
1474 433 1623 502 (KAROLI
1639 435 1684 504 11).
1705 467 1738 476 -
1756 435 1878 490 111219.

341 622 401 675 876,
420 605 573 690 comitis),
595 606 705 670 deiode
719 629 740 671 o
759 607 932 690 oimlpais
954 609 1018 692 (B)
1040 610 1278 689 coafimmrclur
1297 608 1404 692 (Sicut
1420 609 1557 674 domnus
1575 659 1583 674 .
1598 659 1626 677 ..
1643 611 1893 696 confirmamus),
1916 614 1980 674 taor
1996 610 2040 674 od

416 711 588 791 exemplem
611 709 730 792 Synodi
752 710 921 792 Popicasis
943 718 1057 796 (supro
1073 735 1107 793 p.
1128 717 1216 790 loo),
1239 713 1321 794 qaod
1341 713 1453 776 olliaet
1475 715 1623 791 ordinem,
1646 735 1773 779 omncs
1794 716 1974 796 episcopi
1997 751 2037 762 -

417 814 636 897 inscriptiones
661 814 744 877 caira
765 815 940 879 iurarueoto
956 817 1121 897 praefixae
1143 816 1269 878 onroioo
1288 817 1378 896 fictore
1400 821 1474 879 arnt
1498 856 1536 865 -
1560 817 1677 882 Koroli
1696 819 1789 901 sabra
1811 821 1955 883 intrarent
1969 818 2037 901 (C),

417 917 550 998 doaiqrrc
569 917 718 997 Capitale
734 917 907 1000 Papieasio
922 918 985 1001 (D)
998 919 1206 1000 poooriotialo
1233 919 1283 1003 (ln
1301 920 1429 984 nomine
1445 920 1552 986 Patris
1568 972 1575 986 .
1590 975 1596 988 .
1612 970 1619 986 .
1636 925 1825 1009 experietur
1838 924 1886 986 ool
1901 922 2036 986 Berardi

417 1023 553 1102 comitis,
563 1044 598 1106 p.
612 1025 684 1100 349,
700 1024 757 1087 lio.
771 1023 804 1108 4)
820 1023 861 1087 ob
876 1024 1026 1106 episcopis
1041 1024 1307 1089 suesorum-entur
1321 1023 1394 1106 (cfr.
1410 1026 1503 1089 otiam
1513 1024 1751 1092 Diamounas.
1768 1026 1836 1103 11²,
1846 1048 1881 1107 p.
1895 1029 2036 1109 rosso).
2069 1053 2080 1089 s

525 1127 645 1208 eribos
665 1147 737 1189 coro
763 1127 870 1192 dabas
896 1129 1034 1210 reliquae
1056 1134 1196 1193 cetorum
1221 1134 1329 1210 patrios
1352 1128 1450 1192 odilae
1472 1131 1553 1208 siat,
1583 1137 1612 1194 ol
1634 1153 1673 1194 ce
1694 1132 1773 1211 ipsis
1794 1135 1927 1211 apparet
1948 1135 1976 1193 el
1998 1151 2036 1194 ee

415 1229 465 1306 iis,
488 1250 566 1310 quiae
588 1231 623 1292 io
646 1234 709 1294 aot.
725 1233 775 1296 34.
801 1234 850 1296 36.
876 1233 926 1296 39.
950 1237 1000 1299 50.
1024 1233 1172 1296 diximus.

528 1333 677 1414 Cirpitolo
699 1335 811 1416 synodi
833 1333 1090 1417 Pontipoumesis,
1119 1323 1198 1418 quoe
1223 1357 1262 1400 cr
1286 1341 1380 1417 pavlo
1410 1340 1532 1400 tautum
1559 1337 1679 1400 odoros
1699 1338 1819 1401 creasse.
1840 1337 2037 1401 Himmorus

411 1436 534 1519 palmi,
556 1458 577 1500 a
593 1438 744 1518 partibas
764 1437 882 1504 Koroli
899 1441 988 1521 seclo
1010 1460 1073 1504 esso
1095 1442 1159 1505 iola
1182 1461 1280 1522 supro
1293 1462 1329 1522 p.
1347 1444 1398 1506 99.
1420 1440 1627 1506 merainimus.

1534 1545 1591 1627 (B.
1609 1545 1657 1622 ΙΙ,
1682 1547 1760 1619 235‚·
1784 1544 1822 1610 P.
1839 1546 1928 1618 532.)
2055 1574 2080 1610 ro

282 1740 398 1794 sodon.
468 1732 542 1814 (A.)
576 1732 752 1797 electior
774 1733 907 1799 Xaroli
930 1736 1180 1820 imperatoris
1203 1735 1249 1799 ab
1272 1735 1405 1799 Italici
1430 1734 1536 1819 regni
1561 1735 1762 1821 episcopis
1787 1739 1823 1797 et
1847 1736 1991 1799 ceteris

1102 1841 1349 1904 confirmata.

525 1911 747 2025 Gloriosissimo
770 1975 799 2025 et
821 1989 839 2026 a
860 1973 919 2026 Deo
943 1976 1087 2039 coronato,
1111 1989 1214 2042 niagno
1237 1975 1266 2026 et
1282 1972 1398 2042 pacifico
1413 1969 1586 2040 imperatori,
1609 1970 1711 2023 domno
1734 1972 1831 2023 nostro
1848 1970 1951 2024 Karolo
1974 1989 2034 2040 per·

416 2059 501 2124 petuo
524 2060 645 2124 augusto
668 2075 719 2112 nos
743 2069 854 2113 omnes
879 2051 1035 2136 episcopi,
1060 2050 1207 2126 abbates,
1232 2052 1368 2113 comites
1391 2071 1429 2112 ac
1454 2049 1578 2132 reliqui,
1602 2056 1650 2126 qui
1674 2056 1817 2110 nobiscum
1843 2061 2035 2112 convenerunt

417 2141 507 2195 ltalici
531 2143 610 2212 regni
633 2145 794 2213 optimates,
818 2164 935 2214 quorum
959 2147 1074 2200 nomina
1095 2145 1267 2216 garreraliter
1289 2146 1386 2200 subter
1402 2145 1541 2199 habentur
1563 2144 1678 2210 inserta,
1702 2146 1866 2213 perpetuam
1884 2135 2033 2213 optamusb
2053 2163 2078 2201 rs

414 2229 632 2298 prosperitatem
655 2235 685 2285 et
707 2249 813 2302 paoem.

521 2317 579 2370 lam
602 2318 670 2386 quia
692 2319 788 2374 divina
809 2319 901 2390 pietas
926 2338 974 2374 vos
998 2321 1144 2375 beatorum
1167 2300 1325 2389 priricipunr
1354 2318 1546 2388 apostolorum
1570 2315 1645 2371 Petri
1670 2321 1699 2371 et
1720 2317 1800 2370 Pauli
1823 2317 2033 2372 interventione

415 2420 465 2472 per
489 2402 623 2458 vicarium
647 2405 784 2475 ipsorum,
814 2407 946 2461 domnum
976 2407 1108 2462 videlieet
1139 2407 1292 2461 Iohannem
1324 2424 1460 2460 summum
1484 2404 1646 2475 pontificem
1669 2407 1699 2458 et
1721 2404 1907 2458 universalem
1931 2422 2033 2474 popam

416 2489 628 2559 spiritalemque
651 2495 760 2561 patrem
785 2496 936 2560 vestrum⁰‚
964 2495 999 2548 ad
1028 2495 1185 2564 proiectum
1215 2497 1329 2547 sanetae
1361 2493 1411 2546 Dei
1441 2492 1575 2546 ecelesiae
1603 2494 1819 2558 nostrorumque
1845 2491 1968 2545 omnium
1992 2492 2031 2545 in·

414 2567 534 2630 citavit‘1
558 2581 586 2632 et
608 2579 643 2632 nd
667 2579 812 2649 imperiale
836 2583 946 2636 culmen
969 2581 1058 2636 sancti
1075 2581 1196 2651 Spiritus
1220 2580 1323 2634 iudicio
1340 2580 1478 2650 provexit,
1502 2597 1552 2632 nos
1569 2578 1741 2632 unanimiter
1764 2596 1812 2631 vos
1836 2581 2033 2647 protectorem,
2052 2581 2078 2620 ²⁰

414 2663 558 2718 dominum
581 2682 614 2718 ae
637 2667 811 2722 defensorem
836 2669 960 2722 omnium
984 2666 1128 2723 nostrum
1154 2658 1316 2742 eligimuS,
1339 2667 1384 2720 cui
1407 2670 1437 2719 ct
1457 2666 1634 2736 gaudenter-⁰
1649 2669 1710 2719 toto
1727 2665 1818 2718 cordis
1833 2665 1934 2718 ellectu
1952 2665 2033 2719 subdi

412 2751 565 2820 gaudemus
586 2780 619 2788 -
638 2781 672 2789 -
691 2781 726 2789 —
745 2754 861 2824 Signum
884 2755 1012 2810 Airuoloi
1036 2743 1165 2810 comitiss
1186 2752 1248 2818 (cfr.
1266 2767 1353 2820 supero
1370 2767 1412 2804 ur.
1424 2751 1483 2818 229,
1498 2768 1529 2820 p.
1543 2751 1637 2816 9919)·

1096 2921 1349 2929 ———-·

642 3037 716 3122 (B.)
752 3037 1034 3104 Confirmatiol
1057 3039 1350 3126 Cisalpinorum
1374 3036 1495 3122 apudss
1516 3036 1810 3121 pontigonem.

501 3157 592 3220 Sicut
608 3156 744 3222 domnus
760 3157 924 3224 Iohannes
940 3162 1140 3246 apostolicus
1164 3167 1198 3224 ct
1220 3159 1412 3224 universalis
1436 3180 1520 3245 papa
1543 3159 1646 3244 primo
1663 3157 1786 3222 Itomae
1811 3157 1911 3240 elegit
1934 3164 2032 3242 atque

414 3283 507 3326 saera
528 3263 680 3327 unctione
705 3265 871 3328 constituit
894 3257 1088 3351 omnesque¹
1116 3265 1221 3330 Italici
1245 3265 1337 3350 regni
1354 3263 1510 3352 episcopi,
1533 3261 1681 3340 abbates,
1706 3262 1839 3325 comites
1864 3266 1897 3325 ct
1914 3262 2030 3346 reliqui
2050 3280 2075 3319 a

415 3387 536 3446 omnes,
560 3367 614 3451 qui
639 3367 798 3432 cumillis
822 3375 1055 3450 convenerunt,
1079 3368 1230 3434 domnum
1255 3377 1400 3433 nostrum
1425 3367 1599 3453 gloriosum
1623 3367 1849 3451 imperatorem
1873 3364 2031 3429 Karolum

415 3474 588 3553 augustum
612 3469 756 3533 unanimi
780 3469 952 3536 devotione
976 3470 1148 3556 elegerunt
1178 3470 1238 3536 sibi
1262 3479 1479 3556 protectorem
1508 3491 1546 3534 ac
1574 3468 1779 3533 defensorem
1811 3490 1902 3546 csse,
1930 3470 2032 3533 itaet

415 3593 484 3648 nos,
508 3573 561 3656 qui
585 3571 625 3636 de
648 3572 797 3653 Francia,
820 3573 1025 3659 Burgundio,
1048 3575 1234 3661 Aquitania,
1259 3576 1470 3662 Septimania,
1494 3573 1648 3638 Naustria
1670 3595 1707 3637 ac
1730 3573 1902 3636 Provincia
1926 3573 2031 3660 pridie

414 3673 581 3739 Kalendas
606 3674 679 3740 Iulii
703 3677 736 3740 in
760 3678 841 3758 loco,
865 3677 919 3762 qui
943 3677 1059 3743 dicitur
1081 3677 1288 3763 Pontigonis,
1313 3700 1398 3742 anno
1422 3677 1598 3746 XXXVII.
1622 3678 1653 3741 in
1677 3676 1817 3740 Francia
1840 3698 1877 3740 ac
1901 3677 2029 3762 imperii

413 3779 533 3862 primo,
564 3780 651 3844 iussu
676 3778 820 3844 eiusdem
846 3779 952 3845 domni
976 3787 1009 3846 et
1032 3781 1161 3866 gloriosi
1193 3782 1322 3866 augusti
1352 3781 1574 3859 convenimus,
1605 3781 1674 3866 pari
1708 3799 1866 3843 consensu
1891 3801 1929 3843 ae
1953 3801 2029 3843 eon·
2049 3811 2076 3850 30

413 3877 501 3946 cordi
523 3882 695 3948 dovotione
719 3884 869 3968 eligimus
893 3892 925 3949 ct
949 3884 1201 3950 confirmemusl.

519 4151 589 4232 (O.)
618 4144 696 4216 Sic*2
719 4162 854 4232 promitto
873 4179 933 4234 ego,
956 4163 1023 4233 quia
1045 4164 1079 4218 de
1100 4163 1156 4219 isto
1176 4164 1222 4218 die
1243 4163 1272 4218 in
1293 4167 1378 4218 antea
1404 4189 1439 4200 -
1458 4190 1494 4200 -
1512 4190 1547 4198 ·-
1573 4162 1618 4216 Sic
1640 4178 1684 4216 me
1701 4161 1775 4214 Deus
1795 4159 1912 4214 adiuvet
1932 4163 1960 4214 et
1976 4159 2031 4214 ista

412 4250 572 4302 sanctorum
595 4248 754 4318 patrocinia
777 4247 837 4315 (csr.
856 4263 939 4316 supra
956 4263 998 4302 or.
1011 4249 1070 4316 220,
1087 4267 1115 4318 p.
1130 4250 1199 4317 100).

519 4506 592 4589 (D.)
622 4506 675 4572 Ink
686 4517 799 4573 nomine
811 4517 902 4572 Patris
918 4521 947 4573 ct
959 4517 1024 4572 Filii
1039 4521 1068 4574 et
1079 4518 1199 4589 Spiritus
1212 4507 1332 4572 sanctii.
1358 4515 1502 4586 incipiunt
1513 4515 1646 4586 capitula,
1659 4532 1731 4584 quae
1746 4513 2031 4584 domnusimperator

413 4603 540 4671 Karalus,
563 4604 719 4660 Hludowiei
736 4605 848 4676 augusti
864 4603 928 4674 piae
944 4605 1096 4660 memoriae
1112 4605 1193 4671 filius,
1216 4623 1273 4659 una
1288 4623 1350 4659 eum
1367 4621 1504 4658 consensu
1520 4606 1550 4658 et
1566 4594 1776 4677 suggestione
1794 4592 2029 4655 venerabilium
2048 4604 2074 4645 ³⁵

412 4683 637 4768 episcoporum
662 4695 691 4747 et
707 4691 858 4747 illustrium
876 4691 1044 4762 optimatum
1061 4691 1288 4761 reliquorumque
1303 4691 1427 4746 fidelium
1451 4701 1580 4745 suorum
1605 4680 1645 4743 ad
1669 4679 1823 4743 honorem
1848 4690 1962 4742 sanctae
1978 4687 2029 4740 Dei

513 4859 539 4920 a)
559 4855 603 4908 Ila
619 4857 647 4908 ia
665 4855 689 4909 1.
702 4855 731 4923 2,
748 4859 865 4925 fortasse
883 4876 914 4910 ea
931 4859 1058 4910 codicillos
1076 4865 1185 4922 sumpla.
1273 4857 1301 4922 b)
1320 4864 1409 4923 optant
1426 4854 1450 4907 2.
1463 4853 1487 4907 6.
1575 4851 1601 4920 c)
1619 4861 1733 4906 casuum
1753 4852 1776 4905 7.
1865 4853 1891 4918 d)
1910 4853 1947 4902 ito
1964 4868 2032 4901 errem

413 4941 573 4994 vllrrrolorias
586 4941 638 5008 (8),·
655 4945 775 4996 invitavit
787 4945 865 4998 1-5.
884 4944 912 5006 ‘l;
931 4947 1048 4997 invitant.
1062 4944 1086 4997 6.
1156 4943 1181 5007 e)
1194 4944 1336 5009 gaudentes
1349 4942 1372 4993 1.
1385 4941 1409 4994 2.
1488 4941 1511 5004 s)
1530 4944 1595 4993 rlctn
1606 4949 1667 4993 surrt
1678 4942 1743 4992 baec
1756 4941 1783 4991 iu
1795 4940 1889 5007 palatio
1902 4939 2031 4990 Ticineusi

410 5045 478 5078 arvrro
496 5031 598 5080 Domini
617 5031 820 5094 DCCCLXXVL
839 5033 912 5100 regni
930 5033 1016 5084 domni
1035 5031 1132 5097 Karali,
1151 5031 1297 5082 Hludovvici
1314 5031 1418 5097 augusti
1435 5029 1493 5096 piae
1511 5029 1648 5081 memoriae
1667 5029 1724 5091 lilii,
1742 5030 1768 5078 in
1787 5028 1898 5079 Francia
1909 5027 2029 5090 XXXVI,

410 5115 508 5182 imperii
527 5116 620 5182 primo,
643 5117 779 5170 indictione
798 5120 841 5170 lX.
866 5117 928 5170 odd.
948 5116 1007 5171 11.
1100 5115 1129 5186 g)
1148 5135 1196 5168 our.
1214 5114 1238 5168 2.
1327 5114 1355 5180 lr]
1373 5116 1406 5166 Et
1423 5115 1630 5182 subscripserunt
1653 5131 1741 5166 omines
1763 5115 1881 5180 cisalpini
1906 5112 2027 5178 episcopi,
2046 5124 2073 5163 eo

409 5203 454 5266 qui
472 5203 618 5267 adiuverunt,
638 5211 663 5254 et
680 5219 788 5267 quorum
808 5205 912 5256 nomina
931 5205 1019 5258 subter
1036 5205 1171 5269 sequentia
1189 5203 1310 5271 capitulo,
1328 5219 1394 5269 quac
1412 5203 1636 5266 confirmaverunt,
1656 5209 1775 5254 tenentur
1786 5202 1913 5267 adscripta
1931 5199 1992 5250 odd.
2005 5195 2031 5262 2,

409 5295 436 5336 ul
454 5289 554 5352 opinor,
571 5305 619 5339 aaa
636 5298 732 5356 epora.
819 5290 838 5354 i)
857 5292 982 5344 Generale
994 5291 1108 5343 omnium
1121 5291 1234 5342 fidelium
1252 5286 1394 5339 inscribitii
1411 5287 1472 5355 (cfr.
1485 5305 1566 5353 oqrra
1582 5307 1625 5339 or.
1637 5287 1713 5353 2li);
1733 5287 1811 5338 Sirm.
1823 5288 1850 5337 in
1864 5286 1887 5336 1.
1902 5285 1944 5336 lo.
1963 5285 2031 5336 bane

403 5375 506 5440 salsam
521 5375 654 5439 wacemil
671 5377 814 5428 metricam:
838 5380 1022 5444 loramentum,
1041 5380 1108 5446 qnod
1121 5380 1275 5429 Hincmarus
1290 5377 1496 5442 archiepiscopus
1513 5377 1588 5428 odore
1607 5377 1692 5427 ivvssus
1711 5385 1749 5428 ost
1766 5376 1836 5442 apud
1849 5371 2029 5440 Pontiqonem3

411 5461 442 5513 (i.
453 5462 488 5514 H.
499 5462 574 5514 Perta
585 5465 676 5531 flacit:
696 5467 872 5518 luramentum
891 5468 1024 5518 llinemari
1036 5466 1220 5533 archiepiscopi
1238 5473 1263 5516 ct
1275 5466 1430 5529 reliquorum
1443 5480 1584 5530 procerum.
1655 5463 1683 5526 lr)
1703 5465 1732 5512 lu
1746 5501 1751 5513 .
1763 5501 1769 5513 .
1782 5501 1787 5514 .
1801 5462 1882 5513 surrcti
1901 5477 1949 5510 oov.
1970 5459 1992 5512 1.
2005 5456 2030 5510 3.

512 5617 539 5686 1)
559 5616 654 5685 Verbo,
675 5635 742 5688 qaue
764 5624 922 5689 amaremur,
945 5619 981 5674 od
1003 5619 1149 5688 exempla-m
1166 5618 1309 5684 domionis,
1329 5615 1752 5685 aqualia.138qq.,compoata
1765 5619 1836 5668 aurat.
1924 5612 1952 5680 2)
1974 5610 2028 5678 Osr.
2046 5632 2071 5672 rs

407 5736 476 5788 qam
493 5719 523 5772 de
539 5720 586 5775 lroc
604 5728 771 5776 romomeato
788 5723 912 5778 disseruit
930 5725 1105 5791 Iliocomms,
1127 5722 1270 5792 operculi,
1284 5738 1312 5790 p.
1326 5723 1436 5790 stoma
