4590 6428
458 429 500 492 32
719 425 991 481 ADDITAMENTA
1011 425 1059 480 AD
1076 424 1289 481 HLUDOWICI
1306 424 1356 479 Pll
1374 425 1630 482 carluuusrun.
1650 457 1682 466 -
1701 426 1749 481 Nr.
1764 427 1821 481 196.

380 613 440 667 829.
460 609 517 667 aut
539 602 622 666 duos
645 607 701 666 aut
724 623 845 687 paucos
868 601 1015 687 recipiat,
1040 601 1154 686 implet
1175 600 1411 685 hospitalitatis
1434 600 1590 676 officium3
1621 605 1654 664 et
1676 601 1862 687 episcopus,
1885 599 1947 664 nisi
1971 619 2084 663 omncs

458 707 606 792 recipiat,
629 705 823 770 inhumanus
847 705 888 768 ab
912 725 952 770 eo
976 701 1148 769 scribitur.’

563 809 623 896 (8.)
658 809 800 896 capu.
835 809 903 889 Ut,
932 806 1083 894 quando
1112 806 1297 893 episcopi
1325 807 1561 894 parrochias
1592 830 1687 873 suas
1719 808 1981 889 circumeunt,
2014 808 2085 871 hoc

459 933 704 999 summopere
735 911 951 992 studeant,
988 931 1034 975 ne
1066 909 1145 990 his,
1180 908 1322 993 quibus
1352 910 1544 996 prodesse
1575 910 1813 988 debuerant,
1847 911 1957 976 oneri
1988 911 2083 976 sint.

458 1007 674 1081 Ι)ἰιιίιίιιιιιι42
698 1037 777 1081 sane
801 1015 1003 1102 quorundam
1026 1014 1131 1079 relatu
1154 1015 1326 1079 nonnullos
1349 1017 1577 1102 episcoporum
1602 1022 1784 1082 nostrorum
1812 1017 1845 1080 in
1868 1014 2083 1103 peragrandis
2117 1039 2129 1079 ι

459 1122 639 1208 parrochiis
669 1121 736 1186 suis
767 1143 833 1186 non
863 1122 967 1185 solum
995 1117 1300 1200 consacerdotibus,
1333 1141 1445 1185 verum
1472 1121 1571 1185 etiam
1595 1119 1790 1206 quibusdam
1818 1120 1891 1185 aliis
1921 1117 2084 1198 fidelibus,

458 1225 575 1312 quibus
600 1227 783 1291 consultum
806 1225 892 1290 ferre
916 1223 1108 1304 debuerant,
1132 1224 1224 1288 oneri
1245 1215 1435 1306 existere43,
1460 1232 1493 1290 et
1515 1224 1557 1290 ob
1581 1225 1664 1290 hano
1681 1246 1815 1290 causam
1837 1224 1956 1289 multos
1979 1224 2011 1287 in
2035 1223 2086 1287 sui

459 1330 695 1396 detractionem
711 1329 1027 1413 detestationemque
1051 1326 1257 1414 pertrahere;
1281 1327 1400 1393 idcirco
1423 1329 1456 1392 in
1480 1349 1651 1394 commune
1676 1329 1859 1409 statuimus,
1883 1348 1925 1392 ne
1948 1327 2086 1391 ulterius

459 1454 664 1520 equoquam
689 1433 844 1519 episcopo
868 1433 934 1497 tale
957 1431 1033 1517 quid
1056 1431 1122 1495 fiat.
1168 1431 1351 1496 Statuimus
1375 1433 1489 1515 etiam,
1513 1439 1549 1497 ιιι
1572 1454 1715 1518 congruo
1737 1438 1886 1518 tempore
1910 1430 2086 1518 unusquis·

459 1558 523 1625 quc
556 1537 762 1624 parrochiam
795 1557 887 1600 suam
921 1537 1107 1601 circumeat.
1162 1534 1205 1599 Et
1236 1556 1432 1621 quamquam
1462 1538 1639 1602 auotoritas
1670 1501 1827 1602 candnica
1856 1525 2020 1614 doceat⁴⁴‚
2049 1539 2087 1596 ut
2105 1559 2131 1598 ro

459 1648 576 1727 quarta
603 1662 680 1728 pars
709 1641 907 1705 decimarum
941 1644 974 1704 et
1004 1636 1166 1704 redituum
1198 1659 1239 1703 ex
1269 1638 1487 1706 oblationibus
1516 1640 1661 1705 fidelium
1689 1640 1723 1704 in
1751 1660 1831 1704 usus
1860 1639 2087 1725 episcoporum

461 1745 573 1824 cedat,
604 1744 802 1829 ubicumque
831 1750 942 1807 temen
969 1742 1141 1828 episeopus
1170 1763 1231 1806 sua
1259 1742 1375 1821 habet,
1406 1745 1473 1808 suis
1504 1749 1676 1809 contentus
1706 1745 1764 1818 sit;
1796 1742 1851 1808 ubi
1874 1749 1984 1807 autem
2006 1741 2088 1807 nihil

460 1869 568 1913 rerum
599 1847 780 1914 aecclesiae
810 1867 890 1912 suae
923 1846 1038 1926 habet,
1073 1846 1213 1931 accipiat
1243 1845 1283 1911 de
1313 1853 1495 1912 memorata
1521 1855 1613 1934 parte
1643 1848 1704 1912 sibi
1729 1848 1879 1933 suisque,
1915 1867 1978 1911 non
2002 1845 2088 1932 quod

461 1953 607 2032 avaritia,
631 1951 717 2037 quod
742 1952 838 2032 absit,
862 1952 1012 2031 suaserit,
1035 1949 1092 2014 sed
1108 1951 1218 2036 potius
1235 1950 1320 2035 quod
1338 1952 1517 2016 necessitas
1535 1951 1738 2037 compulerit.
1773 1949 1929 2015 ueterum
1952 1951 1980 2014 si
2002 1950 2086 2015 acci-

461 2055 573 2142 piendi
596 2056 686 2120 nulla
709 2056 885 2120 necessitas
907 2055 1067 2138 urguerit,
1091 2053 1170 2118 nihil
1194 2054 1235 2118 do
1259 2062 1439 2120 memorata
1461 2062 1576 2140 quarta
1598 2062 1691 2140 parte
1714 2056 1867 2140 accipiat,
1892 2054 1950 2118 sed
1972 2054 2086 2120 usibus
2107 2078 2130 2118 ιι

462 2161 673 2226 ecclesiarum
690 2165 723 2223 et
738 2159 937 2247 pauperibus
951 2158 1070 2222 Christi
1087 2158 1338 2244 impertiendum
1355 2159 1533 2223 secundum
1551 2181 1643 2224 suam
1657 2159 1902 2245 dispositionem
1917 2158 2088 2242 relinquat.

565 2263 626 2349 (9.)
661 2262 822 2348 uapvl.
857 2262 926 2326 Utr
947 2262 1224 2348 chorepiscopi
1247 2262 1401 2326 modum
1424 2283 1630 2327 mensurae
1654 2283 1766 2340 suae,
1798 2264 1862 2347 qui
1889 2264 1929 2326 in
1957 2262 2088 2326 sacris

462 2366 683 2435 canonibus
706 2365 893 2453 prefixus
916 2373 993 2444 est,
1017 2387 1092 2430 non
1116 2365 1333 2432 excedant.
1377 2359 1597 2432 Elmersissell
1620 2367 1912 2453 reprehensibilem
1936 2372 1970 2432 et
1992 2364 2088 2430 valde

461 2472 612 2537 inolitum
643 2491 738 2535 usum
768 2471 1000 2557 comperimus,
1033 2490 1071 2534 eo
1100 2469 1186 2555 quod
1215 2469 1346 2556 quidam
1374 2471 1598 2556 chorepiscopi
1628 2469 1866 2534 ultramodum
1895 2491 1989 2535 suum
2011 2490 2088 2556 pro·

463 2577 652 2663 gradientes
681 2580 715 2638 et
741 2572 861 2637 donum
886 2574 990 2638 sancti
1016 2572 1157 2660 Spiritus
1180 2596 1240 2661 per
1261 2575 1493 2661 inpositionem
1518 2595 1671 2640 manuum
1694 2573 1825 2638 tradant
1848 2579 1881 2640 et
1903 2575 1967 2638 alia
1989 2593 2089 2660 quac·
2108 2596 2134 2637 so
2229 2637 2230 2641 ,

463 2703 541 2768 que,
568 2697 651 2765 quae
680 2676 757 2742 solis
780 2675 988 2762 pontificibus
1012 2674 1190 2756 debentur,
1222 2684 1335 2742 contra
1357 2679 1408 2742 las
1431 2685 1602 2764 peragant,
1625 2678 1795 2764 presertim
1820 2698 1892 2742 cum
1915 2679 2024 2743 nullus
2048 2700 2091 2744 ex

463 2783 674 2871 septuaginta
704 2780 887 2865 discipulis,
921 2801 1057 2865 quorum
1087 2781 1231 2865 speciem
1259 2782 1292 2846 in
1321 2782 1465 2847 aeclesia
1487 2789 1641 2868 geruntss,
1671 2783 1801 2867 legatur
1824 2783 1926 2846 sancti
1952 2781 2091 2869 Spiritus
2141 2819 2145 2825 ·

463 2888 584 2954 donum
614 2908 675 2973 per
705 2905 860 2950 manuum
890 2885 1123 2969 inpositionem
1154 2883 1344 2958 tradidisse;
1378 2887 1463 2971 qnod
1492 2893 1603 2950 autem
1632 2886 1709 2951 solis
1733 2886 1890 2971 apostolis
1914 2907 2091 2972 eorumque

464 2990 709 3058 successoribus
734 2988 854 3074 proprii
878 2988 920 3052 sit
942 2987 1038 3051 officii
1062 2987 1192 3052 tradere
1210 2988 1368 3074 Spiritum
1394 2996 1552 3068 sanctum,
1576 2989 1660 3054 liber
1683 2997 1815 3054 actuum
1831 2983 2092 3075 ιιροιιοιοιιιιιι46

464 3096 571 3161 docet.
623 3093 662 3156 In
692 3091 828 3156 coneilio
858 3112 936 3154 vero
960 3089 1147 3155 Desariensi
1180 3091 1226 3154 ita
1258 3091 1298 3155 dc
1330 3092 1572 3180 chorepiscopis
1601 3092 1741 3158 habetur
1768 3093 1942 3179 scriptum:
1975 3093 2090 3161 ‘Obm-
2109 3113 2135 3154 ιι

464 3189 646 3285 episcopi47
678 3215 806 3281 quoque
840 3194 882 3259 ad
909 3194 1095 3279 exemplum
1125 3194 1255 3279 quidem
1284 3201 1317 3260 et
1344 3196 1481 3262 formam
1511 3199 1721 3283 septuaginta
1749 3196 1900 3262 ridentur
1930 3220 2021 3275 esse;
2056 3206 2093 3264 ιιι

464 3299 679 3368 comministri
704 3305 812 3363 autem
836 3303 968 3382 propter
991 3295 1143 3376 studium,
1167 3297 1253 3382 quod
1278 3319 1356 3384 erga
1379 3321 1542 3386 pauperes
1559 3301 1726 3383 exhibent,
1750 3301 1971 3367 honorantur)
2008 3303 2093 3368 Item

465 3407 497 3470 in
521 3404 658 3470 coneilio
681 3401 888 3467 Antiocheno
917 3421 987 3484 cap.
1010 3400 1056 3463 X:
1092 3392 1202 3473 ‘Quill
1226 3401 1259 3465 in
1283 3402 1362 3466 vicis
1393 3409 1427 3468 ιι
1454 3405 1717 3489 possessionibus
1741 3405 1965 3491 chorepiscopi
1989 3407 2092 3470 nomi·

465 3516 598 3589 nentur,
630 3508 777 3594 quamvis
805 3527 919 3569 manns
949 3505 1188 3590 impositionem
1219 3506 1447 3593 episcoporum
1477 3509 1686 3595 perceperint
1714 3514 1747 3572 et
1773 3515 1810 3572 ut
1839 3509 1986 3596 episcopi
2016 3531 2091 3575 eon·

465 3613 585 3679 secreti
618 3612 698 3691 sint,
734 3618 844 3675 tamen
875 3615 1008 3673 sanctae
1040 3606 1163 3693 synodo
1195 3610 1336 3694 placuit,
1372 3617 1408 3675 ut
1439 3611 1569 3674 modum
1601 3611 1767 3697 proprium
1796 3618 2030 3696 recognoscant
2060 3618 2094 3678 et
2111 3633 2137 3673 ao
2223 3681 2229 3692 ,

465 3719 650 3804 gubernent
673 3714 837 3778 subiectas
861 3712 922 3777 sibi
946 3713 1104 3777 eeclesias
1130 3732 1308 3797 earumque
1332 3713 1556 3778 moderamine
1581 3735 1724 3800 curaque
1748 3715 1892 3779 contenti
1917 3714 2023 3780 sinti?

570 3819 651 3905 (10.)
687 3817 777 3903 Cap.
795 3816 872 3882 VII.
906 3814 975 3880 Ut‘
1004 3815 1186 3901 episcopi
1217 3816 1429 3881 ministros
1461 3817 1648 3883 odientes
1676 3819 1883 3883 avaritiam
1911 3840 1980 3904 per
2006 3841 2093 3906 par·

467 3925 629 3990 rochias
668 3943 760 3986 suas
800 3917 1071 3986 constituant¹.
1123 3911 1388 4005 Comperimusll
1418 3921 1619 4006 quorundam
1654 3922 1881 4008 episcoporum
1916 3924 2093 4006 ministros,

466 4019 536 4093 idm
559 4032 610 4091 est
633 4025 898 4110 chorepiscopos,
929 4021 1220 4107 archipresbiteros
1244 4029 1277 4087 et
1300 4017 1590 4106 archidiaconosll',
1620 4045 1682 4088 non
1714 4028 1817 4091 solum
1846 4027 1879 4090 in
1904 4027 2093 4113 presbiteris

468 4130 526 4196 sed
549 4130 648 4196 etiam
671 4130 703 4194 in
726 4126 878 4215 plebibus
901 4125 1093 4212 parrochiae
1117 4147 1195 4190 suae
1219 4126 1389 4190 avaritiam
1413 4127 1520 4213 potius
1552 4149 1725 4208 exercerc,
1754 4151 1849 4215 quam
1878 4131 2010 4195 utilitati
2039 4152 2092 4195 ee·
2111 4149 2137 4189 ιι

467 4234 669 4299 clesiasticae
691 4231 862 4316 dignitatis
886 4230 1042 4296 inservire
1066 4230 1243 4317 populique
1266 4230 1364 4296 saluti
1388 4233 1576 4312 consulere3
1600 4254 1697 4318 quam
1720 4234 1974 4319 neglegentiam,
1997 4234 2094 4300 immo

468 4337 655 4405 execrabile
684 4357 722 4400 ac
746 4333 953 4421 dampnabile
980 4333 1168 4420 cupiditatis
1192 4334 1320 4415 vitium,
1352 4355 1464 4400 omnes
1492 4337 1525 4401 in
1549 4357 1721 4402 commune
1745 4336 1901 4423 deinceps
1925 4338 2093 4403 vitandum

468 4441 650 4508 statuimus.
695 4435 962 4503 Pertimescenda
990 4458 1085 4523 porro
1115 4442 1149 4501 ιι
1171 4437 1345 4522 vigilanter
1369 4438 1515 4503 cavenda
1539 4447 1590 4505 est
1613 4441 1839 4506 sacerdotibus
1861 4442 1994 4507 Domini
2016 4441 2095 4507 Heli

468 4544 649 4611 sacerdotis
673 4533 813 4620 ruinam,
837 4541 902 4626 qui,
925 4540 1010 4605 filios
1034 4562 1110 4606 suos
1133 4540 1266 4626 indigne
1289 4549 1427 4627 agentes
1444 4543 1683 4631 Dominamque
1706 4546 1739 4610 in
1756 4547 1823 4610 suis
1840 4547 1949 4632 pravis
1965 4547 2094 4612 actibus

468 4648 510 4714 ad
532 4644 732 4712 iracundiam
754 4649 970 4731 provocantes
994 4643 1220 4729 sacrificioque
1242 4643 1373 4709 Domini
1396 4646 1546 4711 iniuriam
1569 4650 1767 4734 inrogantes,
1791 4650 1868 4735 quia
1891 4649 1998 4715 verbis
2022 4656 2093 4715 tan·
2112 4669 2139 4708 ιο

467 4761 536 4818 tum
568 4756 602 4815 et
630 4770 695 4814 non
725 4748 915 4812 verberibus
948 4747 1118 4834 corripuit,
1152 4769 1226 4812 cum
1259 4750 1306 4814 eis
1338 4750 1450 4814 diuina
1480 4752 1630 4838 iustaque
1662 4753 1787 4818 ultione
1819 4756 1989 4820 ruentibus
2021 4756 2094 4822 ruit.

467 4855 514 4919 At
537 4855 565 4918 si
587 4853 686 4933 forte,
710 4852 796 4938 quod
819 4852 921 4932 absit,
945 4851 1029 4915 ullus
1052 4852 1281 4938 episcoporum
1304 4853 1460 4940 deinceps
1485 4863 1666 4922 sectatores
1691 4858 1848 4922 avaritiae
1873 4859 2038 4923 ministros
2062 4860 2094 4923 in

468 4957 639 5046 parrochia
668 4978 727 5021 sua
750 4955 955 5021 constituerit
978 4960 1011 5018 et
1034 4975 1146 5019 eorum
1171 4955 1334 5040 cognitam
1358 4957 1554 5043 pravitatem
1578 4961 1772 5026 auctoritate
1795 4963 1952 5048 pastorali
1975 4963 2095 5028 acriter

572 5142 793 5217 1)1ιιιον.οπι.3.
870 5143 898 5212 g)
916 5146 984 5212 gerit
995 5161 1062 5198 corr.
1074 5155 1168 5214 gerunt
1181 5147 1204 5198 1.
1282 5146 1310 5212 h)
1328 5155 1358 5198 nt
1369 5149 1482 5218 episcopi
1493 5151 1555 5202 odd.
1569 5151 1592 5203 1.
1668 5156 1687 5220 i)
1705 5171 1753 5205 οιιι.
1766 5153 1789 5205 1.

570 5319 617 5387 42)
638 5317 714 5372 Corio.
733 5314 822 5370 Parra.
841 5314 921 5383 aar,
939 5331 961 5370 c.
974 5316 1016 5380 31,
1036 5314 1129 5382 medio,
1148 5316 1165 5369 l.
1182 5331 1204 5370 c.
1222 5316 1268 5368 col.
1281 5317 1340 5372 559.
1435 5317 1481 5386 43)
1502 5317 1559 5384 Ost.
1578 5321 1657 5375 dicar
1669 5321 1735 5391 (lap.
1753 5323 1834 5378 coclea
1846 5325 1975 5394 818.819‚
1994 5326 2093 5394 toml,
2112 5343 2138 5382 ιι

464 5443 493 5494 p.
507 5423 566 5490 278,
585 5423 669 5488 c.19,·
685 5435 769 5488 supra
782 5436 812 5488 p.
825 5420 850 5487 9,
867 5435 894 5474 a.
907 5419 932 5474 8.
954 5419 1022 5489 [Κ]
1127 5419 1172 5488 14)
1194 5418 1248 5485 Osr.
1263 5418 1347 5489 Oopp.
1363 5421 1543 5490 aprisoopornm
1554 5425 1693 5482 sto-850
1709 5426 1789 5492 infra
1806 5443 1848 5483 ar.
1860 5429 1920 5496 ⁴210,
1937 5446 1964 5484 a.
1978 5431 2002 5484 9.
2026 5427 2096 5499 [K]

467 5528 513 5594 45)
532 5525 611 5580 Cone
624 5525 712 5578 Pons.
725 5524 768 5578 zio.
783 5523 805 5591 I,
822 5540 843 5579 o.
856 5523 899 5589 27,
915 5523 1024 5590 obbraa,
1037 5523 1055 5577 l.
1069 5538 1090 5576 c.
1108 5523 1155 5576 col.
1170 5523 1229 5577 555.
1316 5522 1361 5590 46)
1381 5526 1439 5580 Act.
1457 5532 1542 5594 apost.
1562 5544 1584 5582 c.
1599 5529 1639 5583 19.
1726 5530 1770 5594 41)
1789 5530 1868 5585 Oeno.
1882 5531 2007 5587 Neooccs.
2020 5550 2042 5587 c.
2055 5535 2095 5601 13,

469 5629 566 5684 Mami
579 5628 620 5695 Π,
638 5627 686 5684 col.
699 5627 758 5682 546.
845 5627 891 5694 18)
911 5624 1445 5688 coenatum.c.10‚tc.cor.13⁶23.
1524 5630 1568 5698 49)
1589 5631 1668 5687 Ocno.
1683 5632 1771 5686 Paria
1790 5633 1871 5701 lior,
1892 5651 1913 5688 r.
1926 5637 1968 5703 ⁶25,
1986 5636 2095 5704 abbrev,

470 5733 566 5787 Marici
585 5731 665 5800 XIV,
684 5731 802 5786 505555.
907 5731 956 5799 50)
974 5730 1004 5785 id
1023 5734 1066 5786 est
1144 5730 1295 5785 archidiac.
1313 5747 1363 5787 orn.
1385 5733 1461 5789 uma.
1482 5735 1573 5791 Paris.
1678 5741 1722 5807 51)
1743 5742 1766 5793 1.
1786 5739 1847 5808 aa.
1865 5741 1941 5807 4,18.
