4568 6420
437 466 499 528 438
549 453 815 516 heumannum
835 458 883 512 AD
901 458 1016 514 csplu.
1035 457 1116 516 ΒΕΘ.
1135 455 1320 511 FRANCIAE
1339 453 1527 509 occlusus.
1546 453 1696 524 (Kanum
1713 455 1758 522 ΙΙ).
1778 487 1810 494 -
1831 455 1879 510 Nr.
1893 456 1952 510 297.

357 643 417 698 858.
437 637 590 700 excolant
612 641 716 722 prata,
739 637 826 701 unde
849 636 993 700 habeant
1015 636 1147 722 pabula,
1170 632 1324 719 quatinus
1348 651 1410 695 non
1436 632 1477 694 sit
1500 631 1593 694 vobis
1617 652 1753 695 necesse
1776 652 1837 716 per
1852 651 2064 717 quascunque

435 742 621 804 occasiones
638 761 903 824 quorumcunque
926 740 1109 803 hortatibus
1126 737 1263 801 circuire
1287 736 1360 799 loca
1375 734 1615 820 episcoporum,
1632 733 1798 814 abbatum,
1822 735 2064 799 abbatissarum

435 844 485 907 vel
509 845 663 908 comitum
688 851 722 909 et
744 844 895 921 maiores,
919 865 1016 928 quam
1039 844 1123 906 ratio
1146 841 1300 927 postulat,
1321 845 1454 924 paratas
1479 830 1690 924 exquirere⁸4
1714 848 1748 903 et
1768 859 1930 925 pauperes
1954 841 2060 903 eccle-

435 948 586 1011 siasticos
610 953 643 1011 et
664 947 809 1011 fidelium
832 953 1014 1012 vestrorum
1037 944 1246 1009 mansuarios
1265 944 1297 1007 in
1322 943 1527 1026 carricaturis
1551 949 1584 1007 et
1599 942 1811 1028 paraveredis
1829 950 1944 1007 contra
1968 942 2061 1008 debi-

435 1056 503 1114 turn
527 1051 701 1137 exigendis
725 1072 864 1135 gravare
894 1057 927 1115 et
950 1057 1123 1136 peecatum
1151 1049 1192 1113 de
1221 1047 1432 1112 facultatibus
1460 1046 1606 1110 indebite
1634 1049 1832 1132 consumptis
1862 1048 2062 1111 inanimam
2092 1064 2105 1103 ⁵

434 1160 577 1219 vestram
602 1176 796 1239 congerere;
826 1175 933 1240 neque
957 1177 976 1217 a
1000 1152 1172 1217 comitibus
1197 1151 1249 1216 vel
1272 1149 1423 1215 fidelibus
1448 1151 1566 1214 vestris
1590 1151 1662 1235 plus
1686 1152 1863 1231 studeatis,
1888 1171 1985 1236 quarn
2008 1151 2063 1216 lex

435 1266 467 1323 et
484 1260 688 1324 cousuetudo
711 1259 772 1323 fuit
789 1265 935 1344 tempore
952 1261 1053 1345 patris
1070 1258 1182 1334 vestri,
1207 1255 1247 1320 de
1265 1256 1336 1334 hoc,
1361 1254 1444 1340 quod
1461 1256 1501 1319 de
1518 1254 1653 1320 Francis
1678 1257 1849 1342 accipiunt,
1874 1255 2063 1340 exquirere:

434 1363 511 1448 quin
536 1363 645 1448 potius
669 1362 830 1438 habeatis,
854 1362 941 1427 unde
967 1362 1169 1425 sufficienter
1192 1366 1225 1424 et
1250 1359 1388 1423 honeste
1406 1379 1478 1422 cum
1496 1359 1676 1423 domesticu
1693 1366 1783 1423 corte
1800 1364 1912 1423 vestra
1927 1359 2063 1443 possitis

433 1466 544 1530 vivere
569 1472 602 1530 et
618 1467 802 1550 legationes
819 1467 977 1551 palatium
994 1474 1139 1530 vestrum
1156 1463 1316 1528 adeuntes
1333 1464 1479 1548 recipere
1504 1469 1545 1541 at,
1571 1465 1656 1528 sicut
1672 1465 1829 1548 scriptum
1853 1470 1914 1544 cst,
1937 1453 2062 1527 unde⁸⁵

433 1570 567 1654 possitis
592 1568 631 1632 de
654 1569 749 1634 iustis
765 1568 932 1633 laboribus
948 1570 1180 1633 necessitatem
1199 1567 1397 1654 patientibus
1413 1567 1569 1644 tribuere,
1594 1568 1671 1652 quia
1693 1589 1752 1632 rex
1776 1574 1809 1631 et
1833 1568 1944 1652 largus
1960 1566 2060 1630 debet
2081 1583 2106 1622 ¹⁰

434 1693 507 1737 esse
537 1682 570 1737 et
594 1695 672 1752 non,
701 1673 786 1759 quod
817 1674 983 1758 largitum,
1012 1674 1052 1738 dc
1082 1673 1241 1737 iniustitia
1268 1673 1320 1736 vel
1351 1672 1523 1757 iniquitate
1552 1671 1652 1736 debet
1680 1673 1882 1758 conquirere.
1923 1670 2060 1734 'Iudices

433 1797 509 1840 vero
534 1778 685 1843 villarum
708 1778 842 1842 colonos
871 1778 1096 1862 distringant0,
1125 1783 1161 1841 ut
1188 1798 1253 1840 nou
1280 1776 1524 1841 ecclesiasticos
1554 1775 1704 1841 homiues
1728 1776 1778 1840 vel
1807 1775 1954 1840 Francos
1978 1795 2059 1860 pau·

432 1882 574 1967 periores
598 1890 654 1945 aut
677 1881 802 1946 alienos
825 1902 937 1946 servos
961 1888 1093 1968 propter
1116 1880 1323 1966 privilegium
1340 1879 1466 1964 regium
1481 1881 1668 1965 opprimant
1691 1886 1748 1944 aut
1765 1878 1863 1943 silvas
1881 1879 1932 1943 vel
1957 1899 2059 1964 quac-

433 1985 519 2070 que‘l
542 1985 678 2050 aliorum
704 1994 779 2050 sunt
801 1989 834 2050 in
857 2008 916 2051 sua
938 1987 1104 2050 'vicinitate
1128 1985 1315 2057 devastent;
1350 1984 1426 2070 quia
1454 2005 1513 2048 rex
1541 1985 1663 2062 iustus,
1693 1985 1747 2069 qui
1778 1985 1936 2049 iustitiam
1959 1983 2059 2048 debet

432 2089 585 2174 diligere,
614 2091 779 2154 ministros
809 2113 847 2154 ac
878 2091 1008 2154 colonos
1033 2091 1148 2175 impios
1173 2095 1206 2153 et
1229 2089 1356 2173 iniquos
1384 2109 1448 2152 uon
1473 2088 1573 2152 debet
1597 2087 1733 2163 habere3
1768 2088 1825 2151 sed
1851 2088 2001 2152 omnibus
2024 2088 2057 2151 in
2079 2105 2102 2143 ιε

432 2214 467 2256 se
491 2200 524 2256 et
548 2195 580 2256 iu
605 2195 672 2258 suis
696 2194 796 2258 debet
818 2195 1036 2270 imitationem
1061 2191 1203 2257 debitam
1227 2192 1467 2273 demonstrare,
1497 2193 1589 2278 quia,
1617 2192 1644 2255 si
1669 2192 1739 2277 ipse
1763 2190 1869 2256 Deum
1893 2191 2058 2268 dilexerit,

432 2318 545 2360 omues
570 2297 647 2361 boni
671 2296 809 2382 diligent
837 2298 942 2378 illum,
973 2306 1023 2374 et,
1052 2298 1078 2360 si
1102 2298 1173 2380 ipse
1197 2296 1303 2360 Deum
1328 2297 1487 2374 timuerit,
1516 2316 1630 2360 omnes
1659 2296 1738 2360 mali
1764 2296 1926 2360 timebunt
1955 2296 2058 2360 illum.

432 2399 475 2463 ut
504 2421 560 2464 rex
591 2407 688 2486 atque
722 2403 771 2465 sui
800 2397 938 2466 ministri
967 2423 1026 2487 per
1058 2421 1199 2465 amorem
1228 2399 1291 2464 Dei
1323 2400 1444 2463 bonum
1473 2399 1597 2463 faciant
1627 2405 1659 2463 et
1690 2420 1802 2463 omnes
1834 2401 1921 2463 bona
1949 2399 2057 2463 facere

431 2503 571 2568 doceant
594 2513 645 2569 et⁰
669 2527 728 2590 per
758 2507 907 2569 timorem
936 2503 999 2569 Dei
1031 2505 1119 2568 mala
1146 2504 1275 2587 fugiant
1302 2509 1335 2566 et
1363 2524 1477 2567 omnes
1506 2504 1539 2566 in
1567 2503 1632 2566 illis
1661 2505 1748 2568 mala
1775 2504 1890 2588 fugere
1919 2503 2057 2568 discant.

431 2607 549 2673 Missos
577 2610 674 2673 etiam
706 2610 790 2673 tales
821 2631 880 2696 per
913 2629 1048 2693 regnum
1084 2607 1287 2687 constituite,
1323 2608 1377 2692 qui
1405 2607 1524 2686 sciant,
1561 2607 1663 2691 quala
1664 2627 1699 2670 er
1728 2609 1863 2670 comites
1893 2614 1926 2671 et
1956 2608 2058 2671 ceteri
2077 2625 2104 2664 so

431 2713 570 2776 ministri
593 2713 641 2775 rei
664 2712 814 2798 publicae
840 2713 996 2776 iustitiam
1021 2720 1053 2776 et
1075 2710 1229 2776 iudicium
1253 2711 1374 2796 populo
1396 2711 1535 2788 faciant,
1560 2711 1632 2796 qui,
1657 2713 1740 2774 sicut
1763 2710 1937 2775 comitibus
1961 2731 2056 2836 prae·

431 2822 608 2900 ponuntur,
630 2816 694 2880 itas
715 2817 852 2880 scientia
876 2821 930 2880 etg
953 2816 1077 2879 iustitie
1101 2835 1138 2878 sc
1162 2815 1299 2878 veritate
1325 2815 1373 2877 eis
1396 2813 1679 2899 praeemineanth
1780 2849 1783 2854 ·

543 2925 589 2983 15.
621 2919 734 2998 Haec,
764 2920 839 3005 quia
871 2919 987 2983 litteris
1022 2920 1140 2982 vestris
1172 2918 1396 3003 significastis,
1428 2919 1513 3003 quod
1543 2919 1712 2983 uobiscum
1745 2919 1786 2983 de
1820 2918 2057 2982 restauratione

431 3028 564 3086 sanotae
588 3023 748 3086 ecclesiae
772 3027 805 3085 et
835 3027 921 3085 statu
950 3044 988 3086 ac
1020 3021 1125 3086 salute
1157 3023 1268 3107 populi
1300 3021 1469 3086 christiani
1500 3029 1642 3086 tractare
1666 3022 1813 3102 velletis,
1843 3021 2056 3086 dominationi

430 3133 560 3190 vestrae
586 3127 705 3210 scripto
729 3125 941 3212 responderei
963 3125 1163 3198 curavimus,
1192 3126 1268 3211 quia
1296 3133 1330 3188 et
1352 3147 1410 3210 pro
1435 3126 1645 3190 inclementia
1668 3127 1753 3190 aeris
1778 3133 1811 3190 et
1834 3124 1918 3210 pro*
1941 3127 2053 3189 incon·
2075 3143 2100 3184 ss

430 3224 594 3291 venientia
625 3230 781 3313 temporis
815 3234 848 3292 et
877 3226 1024 3314 propterl
1056 3229 1278 3292 imminentem
1314 3228 1401 3291 diem
1431 3227 1563 3292 Domini
1598 3231 1699 3294 nostri
1728 3230 1846 3295 natalis
1878 3231 1991 3293 venire
2015 3229 2056 3292 ad

430 3333 649 3418 praesentiam
681 3338 822 3396 vestram
852 3332 1069 3416 nequivimus.
1120 3330 1311 3417 Operamini
1334 3353 1390 3396 vos
1421 3333 1551 3396 iuterim
1573 3333 1652 3410 ista,
1683 3353 1767 3417 quae
1799 3355 1871 3396 cum
1904 3331 2055 3397 fidelibus

429 3435 547 3499 vestris
572 3437 641 3499 sine
665 3443 778 3499 nostra
801 3436 962 3520 corporali
993 3437 1180 3520 praesentis
1209 3436 1336 3521 operari
1367 3437 1492 3499 valetis.
1543 3435 1585 3499 Et
1613 3457 1687 3500 oum
1718 3443 1846 3521 tempus
1875 3457 2054 3521 congruum

430 3545 463 3602 et
486 3539 587 3602 sacris
612 3539 791 3603 canonibus
815 3529 1057 3624 designatum86
1080 3538 1263 3618 advenerit,
1295 3539 1425 3624 quaudo
1456 3546 1489 3603 et
1511 3550 1596 3625 pro¹¹³
1617 3560 1820 3625 paganorum
1845 3541 2054 3605 infestatione

430 3649 464 3706 ct
486 3663 545 3728 pro
569 3645 673 3706 exorti
703 3643 860 3706 tumultus
890 3664 928 3706 ac
959 3642 1249 3728 depraedationum
1280 3651 1377 3727 atque
1409 3645 1595 3728 rapinarum
1624 3645 1832 3708 miserrimam
1855 3644 1952 3707 nimis
1976 3665 2054 3707 con·
2074 3661 2100 3699 ³⁰

429 3745 586 3809 fusione¹¹²
608 3747 702 3811 nobis
722 3747 851 3810 licuerit
875 3767 947 3810 cum
964 3747 1104 3810 dominis
1124 3754 1157 3811 et
1172 3746 1348 3810 fratribusn
1372 3768 1411 3810 ac
1428 3749 1778 3833 comprovincialibus⁰
1800 3747 2057 3835 archiepiscopis

428 3857 461 3912 et
484 3851 684 3935 coepiscopis
708 3851 867 3936 synodum
890 3851 1019 3915 favente
1042 3849 1183 3913 Domino
1208 3849 1392 3929 celebrare,
1422 3871 1505 3935 quae
1530 3851 1586 3914 uis
1615 3859 1691 3915 sunt
1720 3853 1867 3931 residua,
1899 3871 1972 3915 eum
1997 3853 2056 3930 eis,

429 3953 524 4016 sicuti
549 3974 620 4017 cum
643 3955 807 4039 magistris
831 3961 865 4017 et
887 3954 1051 4040 patribus,
1081 3960 1222 4017 tractare
1248 3960 1281 4016 et
1309 3960 1438 4016 vestrae
1463 3952 1674 4018 dominationi
1704 3953 1852 4018 debitum
1883 3955 2055 4018 consilium

428 4054 506 4119 dare
531 4055 747 4121 studebimus.
797 4057 841 4120 Et
864 4057 891 4121 si
914 4055 1006 4121 Deus
1031 4056 1230 4120 soliditatem
1254 4064 1288 4119 et
1312 4055 1451 4119 salutem
1476 4058 1636 4122 ecelesiae
1661 4065 1759 4143 atque
1783 4059 1876 4142 regui
1898 4061 1930 4122 in
1955 4081 2053 4123 manu

428 4165 538 4223 vestra
568 4159 712 4224 adunare
742 4165 776 4224 et
805 4161 1011 4246 prosperaris
1040 4160 1240 4240 decreverit,
1277 4181 1361 4245 quae
1399 4181 1472 4223 cum
1503 4161 1759 4247 archiepiscopis
1789 4169 1822 4226 et
1850 4164 2054 4249 coepiscopis
2073 4187 2099 4226 ss

428 4265 547 4326 uostris
576 4264 649 4348 plus
678 4284 856 4348 congruere
885 4264 1005 4328 divinis
1033 4264 1301 4350 dispositionibus
1339 4263 1527 4344 viderimus,
1563 4285 1661 4350 agere
1694 4266 1754 4330 sub
1784 4265 1945 4331 famulatu
1974 4268 2054 4330 recti

429 4367 595 4449 regiminis
618 4369 719 4430 vestri
742 4367 956 4432 studebimus.
1002 4369 1124 4432 Potens
1148 4373 1199 4431 est
1222 4369 1310 4431 enim
1328 4367 1419 4432 Deus
1443 4370 1549 4434 minus
1568 4371 1689 4434 bonum
1707 4371 1832 4433 initium
1857 4371 1889 4432 in
1906 4370 2053 4454 perfecte

428 4469 548 4533 bouum
572 4478 772 4535 commutare
796 4494 1000 4557 processum,
1025 4464 1112 4536 ouili
1136 4473 1282 4537 noscitur
1305 4494 1380 4536 esse
1404 4474 1581 4558 possibile,
1612 4472 1697 4558 quod
1725 4473 1918 4559 inpossibile
1950 4473 2056 4537 solent

427 4571 576 4637 homines
600 4574 756 4639 iudicare.
802 4576 837 4640 Si
862 4578 969 4641 cuimq
992 4577 1152 4662 sapientia
1175 4583 1286 4640 vestra
1310 4576 1444 4661 dignum
1475 4575 1598 4641 iudicat
1626 4577 1715 4662 loqui
1747 4583 1781 4640 et
1811 4580 1951 4640 tractare
1981 4597 2054 4640 oum

427 4677 532 4740 vicino
557 4699 635 4762 rege
659 4681 794 4764 eiusque
817 4681 986 4761 fidelibus,
1016 4681 1212 4745 secedente²
1234 4681 1275 4744 ds
1305 4681 1369 4744 ista
1397 4687 1491 4766 parte
1520 4683 1613 4766 regui
1643 4681 1762 4744 domno
1792 4686 1921 4760 nostro,
1953 4680 2054 4744 fratre
2073 4705 2100 4743 rc

426 4780 581 4846 videlicet
609 4789 736 4863 vestro,
766 4784 867 4849 multo
897 4787 1002 4870 magis
1037 4795 1112 4849 nos¹
1142 4791 1271 4871 oportet
1305 4792 1481 4871 expectare
1519 4792 1649 4873 tempus
1678 4786 1887 4864 canonicum,
1916 4792 1952 4848 ut
1982 4806 2055 4849 eum

426 4883 593 4950 fratribust
615 4893 648 4950 et
671 4890 1018 4973 comprovincialibus¹¹
1040 4889 1294 4975 archiepiscopis
1326 4897 1358 4952 et
1382 4891 1543 4976 episcopis
1573 4891 1758 4975 loquamur,
1791 4890 1866 4974 quia
1889 4891 2054 4974 generalia

528 5095 556 5158 b)
576 5097 644 5148 dona
661 5098 760 5149 scilicet
778 5100 886 5166 accipiat
904 5097 967 5148 aad.
985 5097 1010 5148 5.
1097 5097 1122 5160 c)
1141 5099 1304 5165 distinguunt
1321 5099 1345 5150 5.
1432 5097 1460 5165 d)
1479 5099 1697 5165 quaecumqueia
1785 5098 1811 5163 e)
1831 5107 1859 5150 ul
1876 5097 1901 5150 5.
1985 5097 2010 5161 fl
2029 5106 2055 5150 et

425 5183 451 5233 in
470 5181 494 5234 5,
564 5183 591 5249 gl
611 5184 637 5233 iu
656 5185 718 5235 add.
737 5185 761 5236 5.
833 5187 861 5250 h)
880 5185 1058 5252 praemineant
1075 5183 1100 5234 2.
1172 5186 1190 5246 i)
1210 5188 1320 5251 pandere
1335 5185 1359 5236 5.
1430 5185 1459 5253 k)
1478 5193 1581 5253 propter
1598 5187 1831 5236 inconvenientiam
1844 5183 1869 5235 5.
1941 5185 1961 5248 l)
1973 5201 2018 5251 pro
2030 5182 2054 5234 2.

424 5268 461 5332 m)
480 5278 583 5336 propter
668 5273 834 5322 rnisorrimam
848 5272 1112 5322 nimisconfusionsm
1127 5270 1151 5322 5.
1222 5271 1250 5338 n)
1268 5275 1441 5325 confratribus
1457 5273 1479 5325 1.
1550 5271 1576 5339 ο)
1595 5273 1799 5340 provincialibus
1810 5270 1886 5322 3-5.
1956 5273 1984 5338 p)
1998 5289 2054 5338 pro·
2071 5289 2098 5329 45

424 5357 505 5421 peruri
523 5354 547 5407 2.
639 5355 667 5424 q)
687 5377 735 5410 ons.
753 5357 777 5408 2.
869 5360 891 5421 r)
909 5360 1034 5410 suadente
1051 5367 1077 5409 et
1095 5360 1126 5410 de
1144 5357 1169 5408 5.
1262 5360 1285 5424 s)
1304 5368 1403 5427 oportet
1420 5378 1466 5412 vos
1484 5361 1509 5413 5.
1601 5359 1622 5424 ί)
1642 5361 1814 5412 confratribus
1832 5357 1855 5409 2.
1949 5357 1978 5425 u)
1996 5375 2053 5424 pro·

423 5442 579 5493 vineialibns
599 5441 621 5495 l.

527 5631 572 5697 84)
593 5628 649 5695 Gfr.
670 5630 807 5698 Munna,
828 5631 890 5685 Re.
904 5632 945 5700 ΙΙ,
963 5651 990 5701 p.
1004 5633 1056 5686 228
1068 5649 1119 5700 sqq.
1213 5635 1257 5701 85)
1278 5633 1333 5700 Gsr.
1353 5633 1451 5701 splen
1469 5637 1494 5702 4,
1504 5635 1546 5687 28.
1642 5635 1686 5700 86)
1706 5633 1763 5700 Gsr.
1783 5633 1921 5687 Admonit.
1937 5633 2052 5702 masal.

423 5735 481 5802 789,
500 5738 560 5787 tora.
575 5735 597 5802 1,
612 5753 642 5802 p.
655 5737 697 5801 55,
714 5751 737 5789 c.
751 5737 798 5801 13‚·
817 5735 894 5790 (buc.
909 5737 989 5792 l'crn.
1004 5739 1063 5804 755,
1082 5739 1099 5792 l.
1111 5755 1132 5791 c.
1148 5755 1178 5806 p.
1192 5737 1233 5805 34,
1252 5755 1273 5792 c.
1286 5739 1310 5792 4.
1399 5740 1443 5804 87)
1464 5740 1519 5806 (lsr.
1539 5739 1605 5793 Lac.
1629 5740 1669 5806 18,
1678 5740 1721 5795 27.
