4560 6426
391 427 637 482 CAPITULARIA
656 428 782 484 REGUM
801 429 983 485 ananelus
1002 430 1266 487 OGClDEN'l'hLlS
1285 432 1434 500 (KAROLI
1447 433 1493 504 ll).
1513 464 1545 472 -
1564 435 1611 489 Nr.
1624 435 1682 490 255.
1786 439 1847 501 257

338 605 366 666 4.
402 595 467 667 Ut5
495 605 528 668 in
556 604 745 670 circuitione
776 606 967 693 parrochiae
998 606 1143 692 episcopi
1173 605 1213 670 de
1242 613 1352 671 cetero
1382 607 1528 692 singulos
1557 607 1767 694 presbyteros
1791 631 1850 695 per
1867 617 1925 671 844.

230 707 376 792 singulas
400 707 536 773 iacendo
559 715 675 775 euntes
699 710 898 789 ecclesiolas,
923 712 1008 775 sicut
1029 717 1176 790 actenus,
1201 731 1264 774 non
1287 709 1496 797 praedentur;
1520 733 1592 776 cum
1610 713 1765 798 scriptum
1790 705 1851 777 sitfi

230 809 364 876 eosdem
401 813 625 898 evangelizare
660 814 780 879 debere
817 835 881 880 non
916 815 1018 901 turpis
1054 815 1135 879 lucri
1167 815 1287 899 gratia,
1327 836 1368 880 ne
1402 815 1603 902 vituperetur
1636 817 1850 881 ministerium

233 920 394 990 sanctum;
430 916 488 981 sed
521 917 726 982 considerent
758 924 791 984 et
819 918 1012 983 denuntient
1046 917 1120 983 loca
1151 917 1213 982 sibi
1237 925 1271 983 et
1293 919 1413 1004 populo
1437 921 1681 998 convenientia,
1716 927 1749 985 et
1772 921 1849 985 illuc

200 1018 429 1104 spresbyteri,
458 1027 617 1106 quotquot
643 1021 840 1107 possibilitas
872 1028 905 1086 et
933 1022 1114 1087 moderatio
1145 1021 1336 1108 providerit,
1367 1022 1481 1108 plebes
1511 1043 1586 1087 suas
1610 1022 1788 1104 adducant,
1818 1033 1850 1088 ct

231 1121 351 1186 ibidem
384 1123 527 1210 episcopi
554 1125 760 1210 praedicent,
799 1126 990 1191 confirment
1023 1133 1057 1191 et
1091 1126 1203 1211 populi
1237 1132 1363 1190 errata⁰
1393 1125 1576 1211 inquirantd
1608 1149 1646 1190 ac
1676 1127 1848 1212 corrigant.

231 1224 356 1291 Iterum
380 1233 503 1306 autem,
534 1230 610 1314 quia
633 1228 792 1295 dominica
816 1251 896 1296 voce
920 1229 1017 1295 datur
1038 1222 1199 1310 licential,
1231 1229 1285 1314 qui
1308 1229 1514 1315 evangelium
1538 1229 1729 1295 adnuntiant
1751 1242 1787 1295 ut
1810 1229 1850 1294 dc

230 1331 401 1415 evangelio
430 1332 558 1410 vivant,
590 1332 668 1397 licet
703 1333 826 1398 Paulus
861 1335 1030 1420 apostolus
1062 1333 1141 1397 nihil
1176 1333 1291 1397 horum
1324 1332 1423 1397 luerit
1451 1354 1546 1413 usus,
1584 1334 1755 1420 presbiteri
1783 1336 1849 1399 tale

232 1433 414 1498 coniectum
438 1435 569 1514 faciant,
593 1443 629 1500 ut
652 1443 685 1501 et
708 1440 853 1524 episcopi
877 1438 1034 1503 solacium
1057 1435 1202 1502 habeant
1226 1443 1260 1501 et
1283 1436 1344 1522 ipsi
1367 1457 1432 1501 non
1456 1445 1641 1523 graventur.
1687 1436 1782 1511 Quod
1805 1439 1851 1501 ita

188 1562 213 1600 sc
231 1537 325 1601 nobis
349 1539 418 1603 fieri
434 1561 529 1624 posse
546 1539 683 1620 videtur,
706 1541 858 1607 videlicet
881 1550 918 1607 ut
940 1548 1092 1627 quattuor
1109 1541 1293 1627 presbyteri
1316 1539 1357 1605 ad
1380 1540 1496 1618 locum,
1521 1541 1576 1606 ubi
1596 1543 1726 1627 quintus
1744 1541 1850 1626 degit⁶

231 1648 265 1705 et
289 1642 459 1728 episcopus
484 1643 620 1723 residet,
649 1646 764 1732 plebes
793 1667 869 1710 sues
900 1645 940 1709 de
968 1650 1121 1730 quattuor
1151 1643 1299 1730 partibus
1322 1643 1484 1708 adducere
1509 1644 1670 1720 studeant,
1693 1652 1727 1710 et
1749 1667 1848 1708 unus-

231 1745 367 1830 quisque
399 1769 510 1812 eorum
539 1748 653 1814 decern
680 1770 783 1836 panes
812 1757 845 1815 et
871 1749 1038 1814 dimidium
1069 1748 1211 1813 modium
1235 1747 1301 1811 vini
1325 1755 1358 1811 et
1379 1747 1616 1832 freschingamf
1636 1749 1677 1813 de
1699 1755 1852 1834 quattuor

233 1848 376 1915 denariis
407 1859 441 1916 et
469 1852 574 1938 pullos
603 1853 685 1918 duos
717 1861 751 1918 et
781 1875 842 1918 ova
870 1853 983 1918 decem
1015 1861 1049 1918 et
1080 1852 1223 1916 modium
1252 1871 1350 1915 unum
1375 1849 1414 1914 de
1437 1872 1566 1916 annona
1588 1851 1628 1916 ad
1653 1851 1796 1916 caballos
1819 1851 1850 1914 in

234 1953 413 2019 subsidium
438 1955 675 2022 benedictionis
699 1957 802 2042 gratia
823 1963 1013 2044 praesentet
1028 1958 1198 2043 episcopm
1223 1962 1256 2020 et
1270 1954 1419 2019 similiter
1436 1956 1576 2041 quintus,
1599 1957 1631 2019 iu
1649 1956 1739 2020 cuius
1755 1955 1850 2019 domo

138 2056 144 2066 ’
192 2083 215 2122 ιι
235 2058 407 2145 episcopus
432 2060 568 2140 residet,
598 2062 711 2139 saciat,
743 2082 804 2125 neo
828 2061 968 2146 amplius
991 2060 1033 2125 ab
1059 2082 1098 2125 eo
1122 2061 1288 2145 exigatur,
1317 2059 1380 2124 nisi
1410 2060 1492 2123 forte
1524 2061 1613 2145 ligna
1641 2065 1675 2124 et
1702 2059 1852 2123 utensilia

231 2163 262 2226 in
287 2184 367 2249 opus
391 2164 563 2229 ministerii
588 2164 782 2230 commodet.
828 2164 1036 2251 Quapropter
1060 2164 1233 2251 episcopus
1250 2162 1446 2249 providebit,
1470 2183 1510 2227 ne
1535 2163 1650 2227 domus
1674 2170 1731 2227 aut
1754 2183 1849 2248 sepes

231 2265 318 2331 illius
342 2290 362 2332 a
384 2269 541 2334 ministris
566 2274 745 2333 vastentur.

339 2377 368 2435 5.
402 2372 450 2436 Ut
472 2373 573 2438 semel
597 2373 629 2438 in
653 2395 738 2438 anno
763 2373 908 2460 episcopi
931 2373 1014 2437 hane
1038 2371 1294 2436 circumitionem
1318 2377 1464 2456 tempore
1488 2391 1633 2456 congruo
1656 2372 1794 2446 faciant;
1818 2380 1851 2436 et

232 2476 259 2540 al
283 2477 422 2563 amplius
445 2478 662 2542 ministerium
686 2498 779 2543 suum
808 2500 867 2565 per
897 2476 1052 2542 diocesim
1081 2497 1180 2562 agere
1203 2475 1376 2552 voluerint,
1408 2474 1490 2540 hanc
1521 2481 1630 2540 tamen
1663 2475 1850 2562 dispensam

189 2601 215 2640 cc
234 2600 297 2644 non
321 2581 471 2667 amplius,
496 2602 591 2666 quam
617 2581 719 2647 semel
742 2603 762 2646 a
784 2581 986 2668 presbyteris
1008 2601 1208 2667 perannum
1232 2579 1403 2665 accipiant.

339 2686 368 2748 6.
405 2684 499 2759 Quod
524 2686 608 2750 etsi
632 2685 887 2750 circumitionem
918 2687 949 2750 in
975 2685 1113 2749 salutem
1136 2691 1169 2748 et
1191 2684 1424 2749 necessitatem
1448 2684 1558 2770 populi
1582 2705 1786 2771 quacumque
1810 2685 1850 2749 de
1935 2695 1937 2702 ’

232 2809 332 2852 causa
355 2786 574 2868 demiserintss,
607 2789 848 2874 apresbyteris
878 2809 937 2853 nec
965 2789 1048 2853 hanc
1077 2787 1263 2874 dispensam
1294 2807 1401 2873 neque
1433 2788 1572 2872 pretium
1602 2789 1689 2853 illius
1718 2790 1852 2874 exigant

232 2913 337 2977 neque
353 2891 425 2956 aliis
442 2899 499 2956 aut
522 2892 589 2956 suis
612 2892 798 2958 domesticis
821 2898 878 2957 aut
892 2892 1004 2957 amicis
1020 2890 1235 2978 exigendamh
1259 2890 1448 2956 concedant.
1497 2890 1541 2956 Et
1564 2892 1691 2977 quando
1714 2893 1850 2957 circum-

232 2997 327 3061 ierint
358 3004 391 3062 et
422 2996 455 3061 in
484 2996 580 3061 domo
610 2997 793 3083 presbyteri
822 2997 1019 3074 resederint,
1053 3017 1116 3060 non
1145 2996 1206 3060 suh
1236 2995 1409 3060 occasione
1438 2993 1614 3081 adfligendi
1643 2995 1852 3081 presbyteros

188 3118 213 3157 ιι
233 3098 434 3166 inmoderate
459 3107 491 3165 et
517 3122 580 3165 nou
606 3102 792 3166 necessarie
813 3122 987 3166 numerum
1004 3100 1198 3164 famulorum
1215 3099 1379 3163 adducant
1401 3119 1507 3184 neque
1524 3099 1648 3163 vicinos
1664 3098 1706 3163 ad
1723 3107 1850 3185 pastum

233 3205 412 3290 incongrue
436 3213 628 3271 convocent.
682 3204 777 3278 Quod
805 3213 839 3270 et
871 3205 898 3269 si
933 3224 1005 3269 curu
1030 3205 1164 3269 caritate
1194 3223 1311 3268 vocare
1336 3203 1512 3280 voluerint,
1541 3201 1678 3277 laciant;
1706 3202 1851 3268 sednon

232 3308 371 3394 amplius
396 3331 415 3372 a
438 3309 631 3396 presbiteris
655 3310 708 3374 vel
732 3309 792 3373 sub
816 3309 987 3373 occasione
1004 3306 1166 3373 vendendi
1183 3308 1234 3372 vel
1259 3306 1321 3371 alio
1338 3305 1485 3391 quolibet
1500 3305 1606 3384 modo,
1629 3326 1724 3391 quam
1749 3311 1851 3370 statu·

231 3417 297 3476 tum
323 3419 385 3492 est,
409 3413 544 3498 exigant
566 3435 673 3499 neque
697 3413 916 3501 paraveredos
939 3418 995 3477 aut
1019 3412 1100 3476 alias
1125 3411 1313 3475 exactiones
1335 3409 1462 3474 tollant.

340 3519 367 3580 7.
404 3515 448 3580 Ut
480 3517 626 3605 episcopi
657 3516 843 3604 parrochias
876 3516 1142 3603 presbyterorum
1172 3520 1306 3600 propter
1338 3512 1544 3577 inhonestum
1576 3519 1610 3578 et
1633 3515 1850 3600 periculosum

187 3645 214 3684 ac
232 3621 356 3685 lucrum
386 3643 449 3686 nou
473 3621 633 3697 dividant;
661 3622 718 3687 sed
743 3622 770 3686 si
794 3621 975 3687 necessitas
998 3617 1111 3706 populi
1134 3619 1295 3703 exegerit,
1319 3622 1355 3681 ut
1376 3617 1489 3702 plures
1512 3618 1590 3682 fiant
1614 3619 1772 3684 ecclesiae
1796 3628 1852 3683 aut

232 3730 414 3790 statuantur
437 3725 565 3805 altaria,
598 3747 670 3790 cum
699 3726 823 3791 ratione
852 3731 886 3790 et
915 3724 1108 3790 auctoritate
1136 3723 1198 3787 hoe
1227 3723 1365 3802 faciant,
1397 3721 1522 3787 scilieet
1552 3729 1601 3799 ut,
1632 3724 1659 3788 si
1682 3722 1849 3808 longitudo

232 3835 288 3893 aut
316 3829 496 3914 perieulum
524 3850 628 3915 aquae
658 3831 711 3895 vel
741 3830 842 3895 silvae
871 3837 928 3894 aut
956 3829 1094 3894 alicuius
1125 3833 1234 3891 certae
1264 3827 1400 3891 rationis
1431 3827 1484 3890 vel
1514 3827 1722 3891 necessitatis
1751 3848 1851 3892 causa

231 3934 425 4019 poposcerit,
449 3939 485 3996 ut
506 3935 647 4020 populus
672 3942 705 3998 et
727 3954 826 3998 sexus
849 3933 1016 4010 infirmior,
1039 3932 1210 3996 mulierum
1227 3929 1382 3995 videlicet
1404 3931 1457 3995 vel
1480 3930 1650 4008 infantum,
1673 3930 1849 3995 autetiam

232 4035 386 4101 debilium
418 4035 612 4102 inbecillitas
642 4037 682 4101 ad
715 4038 889 4102 eeclesiam
919 4023 1133 4123 principalem
1163 4055 1228 4099 non
1251 4033 1357 4120 possit
1380 4054 1565 4112 occurrere,
1590 4039 1622 4098 et
1645 4055 1708 4098 non
1732 4042 1782 4099 est
1804 4034 1851 4098 sic

189 4167 213 4208 ss
233 4141 328 4225 longe
352 4140 439 4219 villa,
462 4147 497 4205 ut
520 4141 690 4228 presbyter
717 4142 783 4206 illic
812 4141 881 4205 sine
905 4140 1050 4226 periculo
1074 4138 1115 4204 ad
1139 4145 1267 4224 tempus
1291 4144 1325 4202 et
1348 4157 1489 4222 congrue
1512 4158 1577 4202 nou
1601 4139 1706 4225 possit
1730 4139 1850 4219 venire,

233 4250 394 4309 statuatur
420 4245 538 4318 altare:
567 4252 600 4310 et
629 4246 656 4310 si
683 4245 730 4309 ita
759 4245 879 4331 populo
909 4244 1092 4329 complacet
1121 4249 1154 4308 et
1181 4240 1387 4306 commodum
1409 4241 1521 4317 luerit,
1555 4262 1596 4306 ne
1628 4242 1698 4306 sine
1726 4242 1850 4308 ratione

233 4347 483 4426 scandalizetur,
506 4348 679 4434 parrochia
701 4353 833 4412 maneat
855 4347 1001 4412 indivisa.
1053 4346 1111 4411 Sin
1139 4352 1249 4411 autem
1277 4345 1446 4431 praelatae
1471 4365 1590 4410 causae
1613 4346 1852 4431 postulaverint

232 4458 265 4517 et
286 4453 439 4538 populus,
468 4473 532 4517 non
562 4451 741 4516 conductus
770 4472 876 4536 neque
906 4451 1085 4538 cupiditate
1110 4451 1161 4515 vel
1185 4448 1307 4514 invidia
1332 4450 1504 4527 excitatus,
1529 4448 1586 4514 sed
1611 4449 1851 4515 rationabiliter

231 4553 475 4637 adclamaverit,
498 4562 535 4619 ut
564 4555 704 4621 ecclesia
731 4555 797 4619 illis
829 4554 900 4619 lieri
929 4561 963 4619 et
990 4554 1163 4640 presbyter
1193 4552 1314 4618 debeat
1343 4553 1501 4632 ordinari,
1530 4552 1590 4618 hoc
1613 4553 1759 4640 episcopi
1781 4556 1849 4640 epi-

189 4691 215 4728 sc
234 4659 409 4745 scopaliter
431 4666 515 4723 teste
530 4658 603 4724 Deo
627 4661 660 4724 in
677 4659 897 4723 conscientiae
913 4659 1055 4744 puritate
1072 4677 1145 4723 curn
1162 4657 1288 4722 ratione
1311 4664 1345 4722 et
1368 4658 1563 4722 auctoritate
1579 4657 1650 4721 sine
1669 4658 1849 4724 intentione

234 4764 337 4850 turpis
365 4763 444 4827 lueri
471 4770 597 4828 mature
622 4765 756 4829 consilio
786 4763 940 4827 canonico
970 4767 1111 4828 tractent
1141 4768 1173 4826 et
1205 4760 1337 4825 utilitati
1364 4781 1402 4824 ac
1433 4761 1530 4825 saluti
1553 4761 1721 4826 subiectae
1744 4762 1851 4848 plebis

233 4887 381 4953 quaeque
405 4865 533 4952 agenda
556 4873 632 4932 sunt
653 4875 828 4952 peragant3
852 4875 886 4932 et
901 4866 1080 4933 secundum
1103 4865 1188 4952 quod
1211 4863 1434 4931 subtraxerint
1450 4864 1585 4930 cuilibet
1602 4865 1795 4951 presbytero
1811 4866 1851 4930 de

233 4971 420 5057 parrochia,
452 4972 493 5036 de
523 4971 678 5059 dispensa
707 4991 836 5058 quoque
863 4971 976 5038 debita
1007 4971 1048 5036 ab
1079 4971 1133 5035 illc
1162 4970 1268 5035 minus
1298 4969 1459 5056 accipiant
1482 4976 1516 5035 et
1538 4968 1651 5049 alteri,
1685 4970 1740 5054 qui
1764 4969 1851 5056 quod

233 5074 385 5140 dividitur
407 5097 427 5139 a
451 5075 621 5161 parrochia
644 5075 787 5161 suscipit,
810 5075 870 5140 sub
894 5075 956 5140 hac
979 5074 1094 5140 eadem
1118 5094 1272 5140 mensura
1294 5074 1463 5159 inponant.

190 5209 215 5249 ss
340 5181 369 5244 8.
406 5179 450 5243 Ut
472 5179 616 5266 episcopi
639 5180 699 5244 sub
723 5181 910 5260 occasione,
940 5181 1032 5266 quasi
1054 5177 1280 5244 auctoritatem
1304 5176 1445 5242 habeant
1465 5197 1636 5257 canonum,
1660 5176 1711 5240 his
1729 5176 1847 5241 consti-

234 5283 312 5348 tutis
333 5283 550 5349 excellentiae
574 5292 705 5349 nostrae
728 5303 931 5370 nequaquam
954 5283 1114 5348 resultent
1137 5289 1193 5348 aut
1215 5280 1403 5366 neglegant,
1428 5279 1486 5346 sed
1510 5281 1618 5366 potius
1641 5301 1793 5361 canones,
1816 5288 1852 5346 ut

336 5456 361 5524 c)
379 5455 466 5510 cna2.
535 5459 561 5522 d)
578 5458 708 5524 inquirent
726 5457 749 5510 1.
818 5459 843 5524 a)
856 5461 931 5528 deget
945 5458 966 5511 l.
1037 5459 1061 5522 s)
1075 5458 1240 5525 frischingam
1251 5455 1277 5509 2.
1351 5453 1571 5525 gldimissrinth.
1646 5453 1674 5523 h)
1687 5457 1851 5524 exigendah.

337 5612 365 5681 s)
385 5609 442 5677 cfr.
458 5615 514 5666 aa.
527 5611 594 5678 1.a,·
614 5610 689 5666 mc.
712 5611 792 5666 rore.
805 5611 861 5666 ur.
879 5613 918 5678 (a.
931 5611 1006 5680 ssa),
1026 5610 1122 5664 masos
1133 5609 1192 5677 rx,
1215 5610 1262 5664 σοι.
1280 5611 1332 5666 aas
1353 5625 1376 5665 c.
1389 5609 1430 5662 ao.
1456 5607 1525 5678 [rr]
1613 5609 1640 5675 a)
1663 5611 1684 5662 r.
1700 5609 1772 5664 ree.
1791 5611 1851 5678 aa.

237 5717 263 5785 l)
284 5718 306 5772 l.
320 5713 436 5770 Corinth.
454 5716 583 5784 9,14.15.

339 5827 376 5864 ιι..
395 5827 561 5865 coenonema
578 5827 603 5866 n.
1617 5806 1652 5861 33
