4568 6434
401 458 463 522 228
518 453 785 508 ADDITAMENTA
804 453 852 506 ΑΙ)
871 451 1117 507 onPITUtnrtla
1137 449 1266 506 REGUM
1286 447 1470 504 andnemu
1490 447 1717 503 ORIENTALIS.
1738 477 1769 487 -
1790 448 1837 501 Nr.
1849 448 1908 503 252.

323 641 383 694 895.
402 630 499 696 fidem
541 629 715 716 pudicitiae
753 627 825 692 Deo
864 626 963 691 debet
1001 623 1183 691 custodire'.
1237 624 1363 690 mentor
1399 623 1660 689 consecraverint
1697 627 1730 686 et
1766 623 1851 687 inter
1887 622 2019 687 6118188ο

401 733 475 808 Qua
497 735 689 798 auctoritate
713 739 869 818 paternae
900 731 1024 795 suffulti
1053 735 1183 794 senten·
1236 731 1362 794 velatas
1393 729 1600 792 oblationesg
1629 728 1783 805 fecerint,
1822 725 1939 791 iterum
1971 727 2019 790 eie

401 839 466 903 tiae
498 839 532 902 in
564 837 625 901 hoc
657 857 750 900 sacro
781 841 943 900 conventu
966 834 1128 898 sancimus
1152 839 1185 897 et
1237 833 1371 898 concedi
1394 832 1528 918 Spiritui
1552 839 1664 896 sancto
1689 831 1829 895 mentiri.

400 941 501 1006 libere
514 940 704 1019 iudicamus,
721 937 817 1024 quod,
835 937 862 1001 si
878 945 990 1023 sponte
1003 929 1185 1002 velamen50

400 1045 548 1131 quamvis
571 1064 636 1108 non
659 1049 886 1107 consecratum
915 1041 977 1107 sibi
1005 1042 1184 1127 inposuerit
2050 1063 2063 1100 s

399 1156 433 1213 et
456 1149 488 1212 in
512 1148 653 1213 eeclesia
675 1147 761 1212 inter
774 1146 902 1210 velatas
918 1145 1116 1210 oblationem
1132 1144 1205 1210 Deo
1221 1145 1387 1224 obtulerit,
1410 1144 1489 1208 velit
1505 1145 1597 1220 nolit,
1620 1143 1855 1208 sanctimoniae
1872 1142 2019 1207 habitum

399 1252 533 1317 ulterius
551 1251 672 1315 habere
690 1248 839 1323 debebit;
862 1250 941 1314 licet
956 1255 1161 1314 sacramento
1178 1249 1367 1313 confirmare
1383 1247 1462 1312 velit
1484 1268 1522 1310 eo
1538 1254 1651 1312 tenore
1675 1253 1709 1311 et
1724 1247 1848 1311 ratione
1873 1247 2020 1311 velamen

399 1355 460 1418 sibi
484 1353 696 1441 inposuisset,
721 1359 757 1417 ut
778 1351 895 1417 iterum
919 1353 1023 1439 possit
1045 1352 1218 1440 deponere.

507 1474 680 1561 Capeto.
730 1473 1183 1560 Demonachiaregula-
1575 1471 1681 1557 (268.)

398 1580 498 1642 riter
541 1577 779 1643 exeuntibus
822 1579 903 1642 sive
943 1578 1036 1663 luga
1071 1600 1182 1664 regu·
1280 1575 1468 1652 Monacha⁸,
1506 1577 1532 1640 si
1563 1597 1622 1662 pro
1657 1576 1747 1640 lucro
1782 1576 1909 1640 animae
1942 1597 2065 1647 susem

399 1682 493 1746 laris
525 1681 786 1768 disciplinae
816 1681 989 1767 elapsis.
1045 1682 1081 1746 si
1111 1683 1183 1767 quis
1235 1683 1327 1746 oumb
1358 1680 1491 1744 licentia
1521 1679 1708 1744 abbatissae
1739 1700 1817 1744 suae
1849 1678 1909 1742 adb
1933 1679 2021 1742 aliud

399 1785 578 1850 monachus
609 1806 666 1871 pro
687 1786 778 1849 lucro
801 1784 949 1850 animaeb
972 1786 1042 1849 vel⁰
1062 1785 1186 1850 anima·
1238 1785 1473 1849 monasterium
1495 1803 1633 1869 pergere
1656 1783 1868 1868 disposuerit⁰
1884 1782 2020 1847 ibidem-

400 1889 490 1953 rumd
514 1909 571 1954 suo
594 1889 789 1954 monasterio
811 1889 901 1954 exire
926 1896 979 1954 et⁶
1002 1888 1089 1953 aliud
1112 1907 1185 1975 pro·
1239 1909 1301 1974 que
1340 1908 1545 1952 commanere
1580 1886 1792 1964 decreveritd,
1831 1907 2021 1951 concessum

398 1994 545 2079 posuerit
567 1993 689 2058 intrare
719 1992 998 2058 consentientibus
1020 1994 1185 2079 episcopo,
1239 1991 1320 2058 estl.
1382 1992 1417 2056 Si
1454 2012 1530 2055 vero
1566 1991 1645 2076 fuga
1679 1990 1873 2076 disciplinae
1907 1992 2023 2055 aliam⁰

399 2097 520 2161 abbate
545 2103 577 2160 et
599 2096 779 2176 fratribus‘,
804 2097 1024 2162 consentimus
1048 2103 1081 2162 et
1104 2118 1181 2161 con·
1236 2097 1522 2180 congregationem
1546 2093 1699 2180 quaerits,
1731 2094 1838 2158 redire
1863 2095 2066 2180 cogaturs.1⁵

399 2200 583 2279 cordamus,
612 2202 688 2286 quia
712 2201 743 2265 id
767 2200 886 2265 iecisse
910 2201 1029 2265 multos
1054 2208 1184 2266 sanctos

399 2304 548 2388 legimus.
600 2303 656 2369 sic
685 2324 762 2368 vero
791 2303 870 2387 fuga
899 2303 1059 2387 regularis
1088 2302 1184 2368 disci-

398 2408 508 2494 plinae
525 2406 656 2493 elapsus
674 2407 874 2492 propositum
891 2407 1074 2472 sanctitatis
1092 2407 1277 2485 calcaverit,
1301 2405 1494 2470 omnimodis
1516 2406 1738 2472 coercendush
1758 2414 1790 2471 et
1805 2408 1846 2472 ab
1864 2407 2024 2472 omnibusr

399 2510 609 2575 detestandus
633 2509 753 2596 atque*
781 2511 867 2575 omni
891 2530 988 2575 onere
1012 2518 1064 2576 est
1086 2509 1280 2596 gravandus,
1303 2518 1339 2574 ut
1363 2510 1470 2574 saltim
1494 2510 1611 2576 rubore
1634 2509 1852 2576 verecundiae
1870 2511 2023 2576 confusus
2053 2511 2054 2516 ’

397 2623 430 2678 et
453 2634 550 2679 onere
575 2615 775 2700 paupertatis
800 2614 941 2678 afflictus
966 2613 1093 2690 redeat,
1122 2634 1218 2698 quenr
1247 2613 1360 2677 relicta
1390 2613 1624 2697 singularitatis
1646 2614 1848 2700 professione
1871 2617 2022 2680 inimicus
2041 2649 2067 2687 20

399 2717 565 2784 tenebat¹.
611 2717 646 2782 si
670 2716 793 2782 autem¹
818 2724 883 2784 tam
913 2718 1101 2782 inreverens
1129 2724 1161 2781 et
1191 2719 1341 2802 pertinax
1364 2724 1429 2794 est,
1458 2724 1494 2782 ut
1527 2717 1567 2782 ad
1598 2720 1832 2783 monasterium
1861 2720 1967 2784 redire
1991 2727 2024 2784 et

402 2823 602 2908 propositum
627 2822 780 2886 monachi
802 2823 1013 2887 reluctaverit
1037 2821 1225 2896 observare,
1248 2820 1436 2906 inpleantur
1452 2844 1550 2908 super·
1573 2843 1646 2886 eum
1665 2823 1852 2902 constituta,
1876 2843 1960 2908 quae
1982 2823 2023 2887 de

397 2947 436 2991 eo
465 2928 586 3011 scripta
618 2931 693 2989 sunt
723 2927 755 2990 in
787 2933 900 2990 sancto
930 2946 1054 2991 canone
1083 2927 1116 2989 in
1148 2925 1286 2991 concilio
1316 2925 1541 2992 Oalcidoncnsi
1574 2949 1645 3013 cap.
1666 2919 1760 3004 11111,
1788 2949 1892 3014 papae
1917 2927 2024 2992 Siricii

398 3022 539 3110 sextam,
568 3029 688 3094 Leonis
705 3022 894 3110 XXVImf‘i,
926 3031 1077 3114 quatinus
1102 3037 1248 3095 retrusus
1272 3030 1452 3114 ergastulo¹
1480 3030 1617 3115 decoqui
1651 3031 1755 3116 possit
1782 3031 2024 3117 poenitudinis¹²

399 3137 474 3220 igne
498 3134 698 3221 purgatorio.
2042 3161 2067 3201 aa

507 3255 673 3341 Oapffl.
712 3254 767 3318 De
785 3254 959 3336 clericis,
984 3255 1186 3340 quieemel
1578 3255 1685 3342 (218.)

400 3361 437 3424 in
474 3361 582 3424 clero
614 3357 798 3444 deputati
833 3365 935 3423 sunt.
991 3357 1029 3423 In
1061 3357 1185 3443 synodo
1283 3357 1337 3423 Sir
1360 3360 1432 3444 quis
1458 3360 1595 3424 clericus
1618 3362 1650 3424 in
1672 3361 2026 3426 monasterionutritua

400 3463 629 3528 Oalcidonensi
658 3483 729 3547 cap.
748 3460 824 3530 VII.
856 3467 1013 3526 statutum
1048 3469 1116 3543 est,
1150 3469 1186 3527 ut
1239 3462 1338 3527 fuerit
1372 3471 1405 3528 et
1437 3463 1469 3526 in
1501 3465 1641 3528 ecclesia
1667 3465 1796 3551 publice
1826 3467 1943 3550 legerit
1974 3465 2026 3528 vel

400 3567 524 3644 clerici,
563 3556 664 3651 ‘quis'4
702 3567 804 3630 semel
842 3567 875 3630 in
918 3567 1005 3630 clero
1038 3564 1185 3650 deputati
1239 3567 1421 3632 cantaverit
1434 3574 1466 3630 et
1479 3568 1684 3652 postmodum
1700 3568 1740 3632 ad
1757 3568 1880 3633 saeculi
1892 3570 2026 3651 negotia

504 3757 546 3812 26.
582 3758 664 3823 blito
681 3759 781 3810 emaci
798 3758 937 3809 renaudum
955 3755 1016 3824 Bag.
1036 3756 1118 3824 App.,·
1135 3759 1257 3826 inponere
1275 3760 1348 3812 codd.
2043 3779 2069 3816 ao

503 3861 570 3915 251).
606 3863 704 3929 l)velo
724 3863 794 3929 ch„
813 3862 911 3915 Barca.
997 3863 1025 3931 g)
1045 3865 1144 3916 oblatas
1162 3863 1255 3929 Dicta,
1275 3865 1382 3918 Helmrt.

506 3965 548 4018 26.
584 3967 609 4030 a)
629 3968 711 4019 Siricii
729 3983 812 4034 papae
829 3968 902 4018 rubr.
919 3967 948 4017 in
966 3966 1070 4020 Morene.
1090 3966 1182 4021 14628.
1255 3967 1297 4033 .b)
1315 3971 1339 4021 id
1358 3977 1397 4020 cat
1415 3987 1478 4022 arrae
1488 3971 1576 4036 ploras
1587 3971 1700 4022 interlin.
1718 3971 1746 4020 in
1765 3967 1839 4021 1-3.
1922 3970 1946 4031 c)
1963 3969 2025 4020 alia·

399 4071 456 4105 rum
480 4053 542 4104 add.
565 4053 669 4105 Monac.
765 4055 792 4115 dl
810 4054 835 4105 id
858 4061 897 4104 eet
919 4055 1027 4128 aliarum
1047 4055 1135 4120 ylorra
1155 4055 1269 4108 interlin.
1293 4056 1320 4106 iu
1340 4054 1419 4120 1-3;
1445 4074 1461 4107 a
1479 4057 1540 4108 odd.
1559 4055 1589 4116 6;
1615 4058 1646 4108 de
1670 4057 1732 4108 odd.
1753 4056 1856 4108 Monac.
1953 4059 1978 4107 el
1998 4057 2025 4106 in

399 4140 461 4191 cdd.
476 4140 578 4190 Monac.
678 4140 941 4206 Oquibusnosodd.
960 4140 996 4190 id.
1083 4140 1236 4208 g)Sirioii
1253 4158 1359 4208 papae.
1396 4143 1422 4193 Si
1441 4143 1800 4208 quieveromonaclrusluga
1818 4142 1852 4192 id.
1941 4142 1969 4206 h)
1988 4151 2027 4192 est

399 4228 583 4277 reccercendns
602 4225 638 4278 id.
726 4226 744 4292 i)
763 4226 909 4278 hominibus
927 4225 953 4278 5.
1023 4225 1052 4291 k)
1070 4234 1147 4293 atque
1167 4263 1193 4277 ..
1209 4265 1215 4278 .
1233 4228 1337 4279 tenebat
1355 4244 1403 4280 om.
1416 4227 1519 4280 Monac.
1608 4229 1627 4290 l)
1647 4230 1794 4280 inreverens
1806 4229 1900 4280 reverti
1913 4228 2026 4279 noluerit
2043 4259 2067 4300 35

400 4321 425 4362 et
447 4313 625 4364 retractaverit
644 4312 733 4379 iugum
758 4312 888 4380 propositi,
912 4312 1036 4364 canonica
1059 4313 1149 4378 regula
1176 4313 1273 4364 invitus
1296 4313 1425 4380 ergastulo
1452 4323 1567 4368 retrusus
1592 4331 1665 4380 perp.
1691 4314 1726 4364 id.
1823 4315 1858 4378 m)
1877 4315 1919 4364 Vl.
1941 4311 2024 4365 1-3.

400 4399 430 4464 n)
448 4415 521 4466 purg.
540 4416 615 4466 poen.
634 4401 694 4466 igne
712 4399 817 4451 Monac.

503 4500 567 4554 268.
605 4502 659 4570 Qsr.
683 4502 743 4552 Tae.
757 4502 822 4566 ΙΙΙ,
846 4520 886 4553 nr.
900 4500 941 4555 26.
960 4501 1003 4555 26.
1078 4503 1104 4567 a)
1123 4504 1184 4570 (lap.
1203 4503 1259 4554 XV.
1277 4503 1419 4570 praeruiur't
1440 4503 1538 4568 luera·
1564 4505 1629 4555 Item
1654 4503 1685 4554 de
1707 4503 1952 4555 sarrctimonialibus.
1988 4505 2027 4555 Er

400 4590 488 4640 eodem
508 4587 552 4653 (sc.
571 4588 738 4652 Tridariarrrr')
757 4591 873 4642 concilio.
910 4590 1115 4641 Sanctimonialis
1133 4589 1208 4656 Rapa
1226 4591 1265 4640 De
1282 4591 1428 4657 virginibus
1446 4591 1532 4656 sacris,
1551 4607 1619 4655 quaa
1637 4597 1739 4657 propter
1753 4591 1930 4641 districtiorem
1948 4592 2027 4642 vitam

401 4678 433 4728 ad
461 4676 531 4727 aliud
558 4677 740 4727 monasterium
769 4677 805 4728 ire
833 4677 1010 4743 disposuerint.
1065 4679 1102 4727 llx
1131 4677 1238 4730 concilio
1270 4678 1431 4729 ‘triburiensi
1465 4695 1522 4745 cap.
1544 4679 1589 4728 Xl.
1616 4677 1735 4744 Virgines
1761 4693 1848 4728 sacrae
1879 4678 1900 4726 si
1929 4677 2026 4728 Burclr.
2045 4703 2072 4742 40

401 4765 429 4828 b)
449 4773 550 4830 propter
574 4765 751 4816 districtiorem
774 4765 852 4814 vitam
874 4764 907 4816 ad
931 4763 1028 4814 Burclr.
1123 4765 1148 4825 cl
1167 4765 1340 4832 disposuerint
1356 4764 1392 4816 id.
1488 4765 1515 4825 d)
1535 4765 1661 4828 decrevit,
1688 4765 1803 4830 synodus
1826 4765 1930 4815 concedi
1949 4763 2027 4830 ch.;

400 4851 566 4916 decreverint,
584 4851 698 4918 synodus
716 4851 832 4902 concedit
850 4849 947 4902 Barclr.
1035 4849 1060 4912 e)
1078 4849 1158 4901 alium
1177 4851 1261 4902 locum
1279 4850 1324 4903 r'r'd.
1411 4851 1432 4915 s)
1451 4852 1607 4917 quaesierint
1625 4887 1672 4902 ...
1690 4859 1815 4918 coguntur
1833 4850 1931 4902 Barrlr.

503 4952 545 5007 27.
580 4956 607 5017 a)
625 4954 868 5006 calcidonense.
904 4955 931 5006 Si
950 4951 1260 5020 quinciacensem,
1279 4955 1325 5011 lia.
1345 4953 1373 5020 7)
1393 4954 1496 5007 Monac.
1517 4953 1608 5007 14628.

503 5055 567 5111 uva.
606 5059 660 5126 er.
684 5058 745 5110 Tot.
759 5058 818 5122 III,
835 5076 877 5109 ar.
890 5055 932 5110 27.
1034 5056 1061 5122 8)
1079 5059 1143 5125 Cap.
1157 5059 1214 5111 XX.
1232 5059 1373 5126 praemittit
1391 5059 1489 5122 Diera3
1514 5059 1548 5110 Ut
1566 5059 1651 5110 clerici
1671 5060 1697 5110 in
1716 5059 1868 5112 monasterio
1886 5061 1976 5111 nutriti
1995 5061 2027 5112 ad

402 5147 498 5198 saeculi
512 5147 614 5212 nogotia
626 5163 677 5197 non
690 5146 856 5213 egrediantur
866 5145 936 5196 rubr.
950 5144 978 5195 r'rr
989 5143 1053 5197 0811.
1060 5143 1125 5194 XII
1130 5153 1214 5209 port.,·
1233 5149 1295 5198 ltern
1306 5162 1338 5197 ex
1347 5147 1456 5198 concillo
1465 5145 1625 5196 Triburiensi
1637 5161 1694 5212 cap.
1704 5147 1788 5198 XXII.
1800 5147 1872 5198 mor.
1882 5148 1910 5197 ia
1920 5145 2026 5198 Helmrt.
2045 5173 2070 5211 4⁵

505 5315 549 5383 ro)
570 5315 625 5383 oa.
646 5314 723 5370 msc.
744 5314 872 5369 vonna
890 5317 949 5384 888,
967 5330 990 5370 0.
1009 5316 1051 5383 21,
1071 5315 1169 5368 naas
1183 5315 1247 5384 κν,
1267 5317 1315 5372 ar.
1333 5316 1392 5370 are.
1480 5315 1525 5384 ar)
1545 5314 1622 5370 oona.
1637 5299 1757 5369 orraaes.
1775 5331 1796 5369 ε.
1808 5316 1834 5376 4,
1854 5316 1950 5370 ustor
1963 5315 2029 5381 vn,

401 5422 449 5476 cot.
468 5422 527 5476 374.
619 5421 663 5484 52)
682 5420 773 5488 Sapra
787 5436 816 5488 p.
829 5420 888 5487 226,
907 5419 1022 5474 uetiti:
1048 5423 1187 5488 quatenus
1205 5423 1329 5478 retrusae
1347 5419 1377 5474 in
1396 5418 1451 5473 suia
1472 5417 1620 5488 ergastulis
1639 5421 1749 5474 tantum
1768 5419 1877 5473 lacinus
1896 5421 2029 5475 continua

403 5524 604 5580 lamentatione
627 5525 760 5579 deflentes
784 5525 973 5594 purificatorio
1004 5524 1113 5594 possint
1138 5525 1330 5595 poenitudinis
1354 5525 1420 5594 igne
1443 5524 1604 5592 decoquere.
1704 5524 1749 5590 63]
1772 5523 1871 5577 Leonis
1896 5526 1967 5592 epist.
1991 5525 2030 5579 od

404 5629 516 5696 Rustic,
535 5628 608 5694 Jafft
625 5629 641 5683 l.
654 5645 675 5682 c.
694 5630 734 5696 1²,
759 5644 802 5682 ur.
815 5629 865 5683 544
871 5651 879 5695 ;
905 5645 927 5684 c.
943 5629 985 5684 26.
1008 5645 1051 5696 op.
1075 5627 1202 5698 Diorrya„
1224 5628 1286 5684 Ood.
1312 5644 1408 5683 canon.
1424 5646 1452 5697 p.
1469 5630 1529 5695 459,
1548 5644 1569 5682 c.
1585 5628 1625 5682 14.
1649 5644 1695 5696 ap.
1712 5626 1808 5681 Mauri
1826 5626 1878 5694 VI,
1901 5629 1949 5684 cci.
1969 5630 2029 5685 tos.

401 5735 447 5801 54)
467 5732 545 5787 Oeno.
565 5731 687 5786 Obolced.
705 5749 726 5788 o.
746 5733 771 5800 7,
790 5732 887 5786 Mouet
898 5731 965 5800 VII,
983 5732 1029 5786 col.
1047 5733 1107 5790 376.
2049 5762 2074 5801 50
