4568 6420
394 441 455 502 518
838 435 1052 490 Hluounuos
1072 435 1119 488 DE
1138 435 1277 489 ORDINE
1296 434 1443 488 PAIanll
1461 433 1570 487 c.1-3.

393 713 626 779 Admonitio
650 712 859 777 Hinomari
881 712 1095 777 Remorum
1120 711 1420 797 archiepiscopi
1449 711 1494 775 ad
1518 711 1734 796 episcopos
1757 717 1794 774 et
1816 709 1861 774 ad
1885 730 2018 794 regem

878 833 1216 898 Karolomannum
1240 854 1309 918 per
1332 833 1539 918 capitula·.

781 1023 979 1088 Hincmarus
1003 1023 1173 1108 episeopus
1198 1043 1236 1086 ac
1259 1021 1366 1107 plebis
1391 1021 1454 1088 Dei
1478 1021 1629 1086 famulus.

510 1158 589 1247 Cap.
610 1167 634 1225 l.
689 1115 763 1226 Pro
786 1162 906 1227 aetatis
931 1168 964 1225 et
987 1162 1070 1225 sacri
1100 1159 1221 1224 ordinis
1250 1159 1441 1244 antiquitate
1467 1160 1664 1245 posteriores
1689 1164 1850 1243 tempore,
1881 1157 1958 1223 boni
1987 1164 2020 1222 et

398 1265 565 1350 sapientes
588 1266 664 1344 viri,
695 1266 815 1350 rogatis
839 1265 1051 1350 exiguitatem
1075 1285 1197 1342 meam,
1227 1271 1276 1341 ut,
1303 1264 1357 1348 qui
1381 1263 1518 1347 negotiis
1543 1261 1775 1327 ecelesiasticis
1800 1268 1832 1326 et
1856 1261 2019 1347 palatinis,
2059 1276 2071 1312 ⁵

397 1367 526 1452 quando
549 1369 582 1432 in
606 1370 819 1455 amplitudine
836 1377 870 1434 et
893 1370 1017 1434 unitate
1033 1369 1126 1453 regui
1148 1388 1307 1454 prospere
1326 1365 1517 1452 agebantur,
1542 1364 1675 1430 intertui
1699 1372 1732 1429 et
1747 1365 1884 1429 consilia
1899 1364 2019 1429 doctri-

397 1492 537 1556 namque
567 1473 710 1552 illorum,
741 1474 795 1558 qui
824 1479 969 1536 sanctam
1000 1472 1172 1536 ecclesiam
1202 1472 1234 1535 in
1267 1471 1441 1534 sanctitate
1471 1476 1504 1533 et
1536 1469 1660 1533 iustitia
1692 1475 1864 1550 rexerunt,
1900 1469 1955 1532 sed
1987 1474 2021 1533 et

399 1595 526 1652 eorum,
566 1577 620 1660 qui
655 1575 852 1640 soliditatem
883 1576 974 1660 regni
1009 1581 1157 1660 ternpore
1192 1575 1359 1659 superiore
1397 1572 1586 1658 prosperius
1618 1572 1863 1658 disposuerunt,
1897 1571 2019 1650 audivi,

399 1698 533 1762 quorum
565 1679 750 1764 magisterio
781 1678 986 1743 traditionem
1020 1681 1178 1743 maiorum
1211 1698 1342 1742 suorum
1372 1677 1483 1757 didici,
1515 1683 1591 1763 post
1623 1677 1745 1742 obitum
1780 1678 1880 1742 etiam
1910 1675 2020 1741 domni

399 1779 584 1844 Hludowici
601 1775 823 1867 imperatoris¹
850 1781 1010 1845 incorum
1028 1782 1193 1867 obsequio,
1218 1782 1271 1867 qui
1297 1802 1355 1867 pro
1371 1781 1508 1845 filiorum
1528 1782 1609 1860 eius,
1633 1787 1711 1845 tuno
1735 1782 1889 1866 temporis
1906 1801 2020 1866 regum
2049 1801 2074 1839 ro

399 1891 599 1963 nostrorum,
624 1885 798 1949 concordia
821 1893 1027 1970 sategerunt,
1059 1906 1117 1972 pro
1141 1886 1271 1950 modulo
1296 1906 1367 1949 meo
1390 1885 1618 1970 frequentibus
1642 1885 1829 1965 itineribus,
1853 1884 1961 1950 verbis
1988 1892 2021 1950 et

400 1987 530 2072 scriptis
554 1987 716 2066 laboravi,
747 1988 787 2052 ad
811 1989 1047 2053 institutionem
1077 1990 1172 2053 istius
1203 1989 1330 2054 iuvenis
1359 1997 1392 2054 et
1416 1988 1562 2053 moderni
1592 1989 1677 2074 regis
1709 1991 1808 2053 nostri
1841 1995 1873 2054 et
1904 1987 1944 2053 ad
1968 2010 2021 2052 re-

396 2090 597 2155 erectionem
621 2091 752 2156 honoris
768 2099 802 2156 et
825 2094 916 2178 pacis
933 2094 1092 2158 ccclesiae
1116 2115 1153 2158 ac
1179 2095 1268 2180 regni
1292 2093 1438 2158 ordinem
1455 2095 1711 2159 ecclesiasticum
1730 2101 1763 2158 et
1778 2094 2021 2179 dispositionem

400 2195 516 2259 domus
542 2196 650 2280 regiae
675 2197 707 2260 in
725 2217 816 2260 sacro
840 2197 970 2283 palatio,
996 2198 1079 2262 sicut
1095 2197 1203 2262 audivi
1228 2204 1261 2262 et
1277 2198 1353 2277 ridi,
1377 2197 1614 2272 demonstrem;
1638 2205 1798 2282 quatenus
1822 2197 1853 2261 in
1877 2197 2021 2262 novitate

396 2319 455 2362 sua
478 2319 517 2362 ea
540 2298 687 2363 doctrina
711 2299 889 2380 imbuatur,
920 2301 1011 2364 utin
1037 2301 1191 2385 regimine
1220 2302 1312 2386 regni
1336 2300 1408 2365 Deo
1432 2303 1562 2386 placere
1592 2307 1625 2366 et
1648 2301 1680 2364 in
1705 2300 1766 2364 hoc
1791 2301 1923 2365 saeculo
1949 2301 2020 2364 feli·
2049 2325 2074 2363 ra

395 2403 476 2466 citer
494 2423 644 2486 regnare
678 2410 711 2468 et
738 2403 779 2466 do
809 2405 976 2489 praesenti
1008 2425 1109 2489 regno
1139 2404 1178 2468 ad
1209 2411 1377 2468 aeternum
1406 2404 1514 2468 valeat
1545 2405 1727 2490 pervenire.
1786 2403 2021 2490 Experimento

395 2506 515 2591 quippe
545 2507 788 2590 cognoscimus,
818 2509 893 2592 quia
921 2528 979 2571 vas
1008 2527 1143 2584 novum,
1173 2528 1236 2592 quo
1265 2508 1354 2593 prius
1385 2529 1503 2594 sapore
1535 2515 1568 2572 et
1591 2507 1690 2573 odore
1720 2507 1879 2572 imbutum
1913 2507 2021 2585 fuerit,

397 2607 477 2672 illud
501 2609 535 2672 in
560 2616 724 2695 posterum
748 2609 803 2675 diu
827 2609 991 2691 retinebit,
1016 2611 1099 2675 sicut
1122 2616 1155 2674 et
1179 2609 1308 2696 quidam
1334 2612 1465 2696 sapiens
1488 2610 1580 2674 dicit:

750 2707 855 2790 ‘Qu02
879 2717 981 2780 semel
1006 2716 1204 2781 cst'imbuta
1228 2736 1340 2780 recens
1365 2714 1510 2780 servabit
1533 2713 1673 2778 odorem.

813 2818 915 2884 Testa
937 2817 1013 2883 diu.'
2051 2846 2078 2886 aa

502 2919 546 2983 Et
569 2913 737 3005 legimus3,
767 2921 928 3006 quomodo
952 2920 1142 2985 Alexander
1171 2921 1201 2984 in
1226 2921 1367 3006 pueritia
1392 2942 1450 2985 sua
1475 2921 1588 2986 habuit
1612 2920 1756 2985 baiulum
1780 2921 1910 2984 nomine
1934 2920 2019 2984 Leo-

396 3021 522 3102 nidam,
551 3023 658 3088 citatis
683 3025 826 3089 moribus
858 3030 891 3088 et
914 3025 1127 3110 incomposito
1152 3025 1284 3088 incessu
1308 3025 1501 3104 notabilem,
1531 3045 1614 3110 quae
1638 3045 1733 3108 puer,
1765 3023 1855 3109 quasi
1886 3023 1937 3088 lac
1964 3022 2021 3088 ad-

397 3127 571 3191 ulterinum
591 3147 733 3211 sugens,
765 3127 805 3191 ab
829 3147 868 3191 eo
892 3128 1039 3214 sumpsit.
1085 3127 1180 3192 Unde
1213 3129 1245 3191 in
1274 3129 1385 3192 adulta
1415 3135 1524 3193 aetate
1554 3128 1686 3213 sapiens
1716 3134 1749 3191 et
1782 3149 1839 3192 rex
1871 3127 2021 3192 sortisse

400 3230 504 3316 ipsum
528 3229 792 3316 reprehendebat
820 3239 852 3294 et
875 3231 978 3295 vitare
1002 3232 1144 3311 volebat,
1169 3231 1237 3311 sed,
1265 3239 1301 3295 ut
1324 3231 1452 3317 legitur,
1485 3253 1558 3296 oum
1582 3231 1690 3295 omnia
1714 3252 1817 3316 regna
1840 3231 1964 3312 vicerit,
1989 3233 2022 3295 in

398 3333 461 3397 hoo
485 3353 520 3397 se
546 3335 652 3419 ipsum
675 3335 806 3399 vincere
829 3357 892 3399 non
915 3336 1029 3420 potuit.
2048 3364 2074 3404 as

505 3437 582 3523 Oap.
608 3441 638 3500 2.
688 3438 865 3524 Intellegat
901 3439 998 3522 igitur
1028 3437 1177 3503 dominus
1215 3459 1288 3517 rex,
1322 3437 1362 3502 ad
1397 3438 1482 3523 quod
1515 3438 1656 3502 officium
1688 3444 1738 3502 est
1769 3444 1958 3523 provectus,
1991 3443 2024 3502 et

397 3539 552 3605 obaudiat
582 3542 865 3608 commonitionem
901 3550 999 3626 atque
1029 3542 1313 3606 comminationem
1344 3562 1457 3626 regum
1488 3543 1575 3626 regis
1609 3540 1747 3605 dicentis
1782 3542 1812 3605 ei
1847 3562 1920 3605 cum
1950 3541 2023 3604 aliis

397 3644 545 3729 regibus:
571 3637 642 3708 ‘Et‘i
661 3666 745 3708 nunc
763 3643 880 3730 reges',
904 3645 1017 3730 inquit,
1042 3645 1249 3730 intellegite:
1275 3645 1458 3724 erudimini,
1483 3647 1537 3731 qui
1560 3645 1711 3709 iudicatis
1728 3652 1857 3709 terram.
1897 3641 2023 3709 Servite

398 3748 542 3811 Domino
566 3749 597 3811 in
622 3749 738 3812 timore
762 3757 794 3813 et
818 3750 965 3814 exultate
990 3750 1019 3812 ei
1037 3763 1110 3812 cum
1135 3755 1284 3814 tremore.
1326 3748 1574 3834 Apprehendite
1592 3747 1795 3834 disciplinam
1819 3769 1869 3826 ne,
1894 3747 2023 3832 quando

397 3851 556 3915 irascatur
583 3851 758 3931 Dominus,
789 3861 822 3917 et
850 3853 993 3939 pereatis
1020 3851 1061 3916 de
1090 3854 1142 3916 via
1170 3851 1282 3927 iusta’;
1315 3853 1398 3917 sicut
1420 3855 1539 3918 multos
1568 3853 1650 3916 hanc
1680 3852 1961 3916 commonitionem
1991 3859 2024 3915 et
2050 3881 2076 3921 aa

398 3955 683 4020 comminationem
711 3957 925 4042 neglegentes
956 3959 1083 4042 perisse
1112 3958 1267 4041 legimus,
1304 3955 1505 4032 audivimus,
1540 3962 1573 4018 et
1602 3957 1842 4042 etiamnostro
1877 3961 2023 4041 tempore

400 4052 549 4124 scimusl.
590 4059 755 4124 Obaudiat
778 4061 877 4124 etiam
901 4067 1044 4124 sanctam
1069 4062 1261 4146 scripturam
1287 4060 1349 4125 sibi
1373 4060 1643 4146 praecipientem:
1668 4051 1835 4143 ‘Diligitcss
1857 4058 2023 4140 iustitiam,

397 4164 451 4249 qui
477 4162 628 4226 iudicatis
646 4169 776 4228 terram.
812 4163 936 4228 Sentite
955 4163 995 4227 de
1012 4163 1151 4227 Domino
1175 4165 1207 4226 in
1225 4163 1379 4240 bonitate,
1404 4169 1437 4227 et
1460 4163 1492 4225 in
1517 4162 1727 4248 simplicitate
1751 4160 1856 4225 cordis
1873 4161 2022 4246 quaerite

397 4267 502 4340 illum;
534 4267 610 4350 quia
640 4266 672 4330 in
701 4266 886 4331 malivolam
915 4267 1056 4331 animam
1089 4288 1153 4330 non
1181 4267 1327 4332 introibit
1355 4267 1515 4352 sapientia
1545 4287 1604 4330 neo
1635 4265 1795 4330 habitabit
1824 4267 1856 4328 in
1886 4285 2021 4351 corpore
2112 4317 2114 4322 ,

397 4369 526 4433 subdito
549 4367 714 4454 peccatis)
1711 4359 1714 4366 ’
2050 4404 2076 4443 ³,

505 4470 583 4558 Oap.
601 4477 630 4536 3.
668 4471 738 4556 Ego
762 4479 870 4538 autem
895 4480 929 4538 et
952 4495 1010 4559 pro
1034 4474 1185 4558 imposito
1209 4473 1389 4538 ministerio
1413 4481 1446 4539 et
1469 4495 1525 4559 pro
1549 4474 1635 4538 bona
1658 4480 1692 4540 et
1717 4473 1898 4539 rationabili
1913 4479 2024 4537 vestra

397 4577 543 4641 iussione
568 4575 741 4660 aggrediar
765 4577 894 4661 exequi,
924 4578 1009 4661 quod
1033 4578 1165 4662 rogatis,
1198 4599 1260 4641 non
1286 4598 1358 4641 meo
1383 4599 1482 4642 sensu
1515 4599 1621 4663 neque
1644 4577 1753 4641 verbis
1776 4579 1867 4655 meis,
1896 4574 1964 4654 sed,
1988 4582 2025 4640 ut

399 4679 550 4767 praemisi
558 4671 582 4758 7,
601 4681 759 4743 maiorum
777 4679 948 4744 traditione
966 4680 1140 4744 attendens
1157 4680 1319 4745 dicentem
1336 4681 1513 4746 Dominum
1531 4680 1571 4745 ad
1588 4681 1797 4767 prophetam:
1819 4671 1899 4744 ‘Tu8
1915 4685 2024 4743 autem

397 4783 531 4848 audiens
562 4781 724 4846 nuntiabis
749 4783 796 4846 eis
821 4805 862 4846 ex
887 4781 958 4848 me’.
1005 4785 1067 4848 ‘Ex
1092 4783 1165 4866 me',
1189 4786 1302 4871 inquit,
1337 4793 1370 4850 et
1392 4808 1457 4850 non
1482 4809 1524 4850 ex
1547 4792 1590 4862 te,
1619 4785 1705 4870 quia,
1737 4785 1913 4870 sicutipse
1937 4783 2024 4863 dicit,

396 4889 461 4973 ‘qui
485 4910 505 4950 a
528 4887 704 4971 semetipso
728 4887 880 4970 loquitur,
905 4889 1043 4972 gloriam
1067 4890 1231 4976 propriam
1248 4888 1395 4974 quaerit’
1436 4891 1557 4953 Sancta
1575 4890 1735 4974 scriptura
1758 4890 1894 4952 inomni
1911 4889 2024 4953 ordine
2051 4925 2077 4962 ω

396 4999 429 5056 et
452 4991 656 5078 professione
681 4991 853 5075 unicuique
878 4991 1130 5056 administratori
1155 4994 1322 5078 praecipit,
1348 5000 1383 5057 ut
1406 4994 1574 5078 intellegat
1599 4999 1725 5072 cuncta,
1750 5014 1834 5078 quae
1859 4993 1920 5068 ait;
1944 5012 2022 5078 quo-

397 5096 493 5174 niam,
511 5095 545 5186 si
569 5093 742 5177 intellegit,
766 5092 1001 5158 administratio
1027 5117 1122 5180 quam
1142 5097 1236 5180 gerit,
1262 5095 1348 5161 unde
1366 5097 1536 5161 exordium
1555 5097 1672 5182 caepit,
1698 5095 1867 5160 sollicitius
1893 5096 2024 5181 satagit,

394 5206 430 5262 ut
461 5198 501 5263 de
532 5196 820 5262 administrationis
857 5199 981 5263 talento
1017 5199 1079 5264 sibi
1110 5200 1232 5265 credito
1268 5203 1426 5266 rationem
1458 5194 1676 5267 redditurus9.
1733 5192 1903 5265 ‘Omnesffl
1937 5202 2023 5266 enim

498 5352 523 5420 a)
542 5353 635 5406 Rubra
653 5359 692 5407 De
710 5357 799 5408 ordine
818 5357 906 5424 palatii
925 5357 1017 5408 adiecit
1035 5356 1115 5410 Sirra.
1153 5358 1208 5426 CJr.
1226 5375 1308 5424 supro
1322 5375 1351 5422 p.
1361 5355 1420 5422 517,
1440 5369 1491 5411 aot.
1504 5357 1528 5410 2.

499 5493 525 5560 l)
540 5492 694 5548 Hludowier'
707 5494 762 5548 Pii.
840 5494 867 5560 2)
883 5493 996 5546 Horatii
1009 5493 1096 5561 Epist.
1110 5493 1153 5548 lib.
1168 5494 1192 5559 I,
1206 5510 1245 5561 cp.
1258 5495 1283 5561 2,
1297 5511 1318 5548 o.
1332 5496 1373 5548 69.
1445 5495 1472 5563 3)
1493 5493 1692 5563 Quintilianus,
1704 5493 1747 5547 Dc
1759 5493 1875 5547 institut.
1889 5494 2023 5562 arnual,
2049 5511 2075 5550 cs

393 5611 413 5649 o.
427 5599 449 5663 l,
462 5597 486 5650 9.
562 5597 588 5661 4)
610 5595 709 5650 Paolm.
723 5598 747 5682 2,
764 5599 856 5664 rosqc
932 5599 959 5663 5)
980 5595 1020 5650 Sc.
1035 5596 1066 5649 H
1068 5597 1212 5650 lotharium
1228 5599 1270 5652 11.
1289 5605 1314 5652 ct
1332 5599 1521 5653 Hludoroicum
1534 5599 1605 5661 111.,·
1623 5598 1672 5663 cfr.
1690 5597 1764 5650 Prou
1781 5598 1798 5650 1.
1809 5613 1831 5651 c.
1846 5615 1875 5665 p.
1888 5599 1914 5664 6,
1932 5604 1986 5651 aot.
1999 5600 2024 5652 5.

393 5703 421 5768 6)
442 5700 581 5770 Sap-ld.
600 5701 624 5755 4.
707 5702 734 5770 7)
755 5701 846 5770 Supra
864 5702 913 5754 lin.
924 5703 947 5756 9.
1029 5702 1058 5769 8)
1078 5702 1174 5755 Erech.
1195 5707 1220 5771 ὅ,
1241 5705 1279 5755 ll.
1363 5705 1390 5772 9)
1411 5702 1684 5769 conmemorare.
1772 5701 2024 5769 10)1tom.14,10.
