4568 6420
325 453 330 462 ’
436 480 501 543 sss
721 477 818 533 sors
836 478 882 532 nn
901 477 1147 533 aususausus
1166 476 1306 532 auarus
1325 475 1454 531 amasa
1472 504 1506 516 -
1524 477 1645 532 ussus
1664 476 1721 532 sor.

353 631 414 688 ⁸⁶⁵⁴
545 652 592 714 18.
627 649 713 723 Quid
736 653 865 736 longius
888 653 1115 717 immoremur?
1151 651 1220 716 Iam
1244 651 1332 714 omui
1357 650 1523 714 dubietate
1540 655 1663 715 remota
1686 655 1719 714 at
1742 651 1789 714 rei
1811 652 1949 716 veritate
1973 671 2059 714 corn-

430 759 524 837 perta
546 774 664 816 norum
687 753 800 817 auditu
824 755 931 819 soclus
956 755 1162 839 nefandaque
1179 753 1358 840 pollutione
1374 752 1581 833 horrendum,
1604 753 1799 840 praesertim
1815 754 1908 819 cuius
1924 755 2061 818 fetorem

431 854 494 918 iam
518 856 574 919 diu
597 877 655 941 per
678 857 864 921 innumeros
894 860 991 942 longe
1020 858 1151 942 lataque
1182 857 1270 920 fama
1300 855 1516 942 disperserat,
1547 877 1589 921 ne
1618 857 1847 942 praesentibus
1876 877 1913 920 ac
1942 857 2061 921 futuris

430 959 620 1043 pestiferam
638 963 878 1047 corruptionem
901 963 1030 1042 inferat,
1053 963 1116 1026 nisi
1140 961 1286 1025 severius
1311 959 1565 1045 diligentiusque
1590 961 1760 1040 evallatur,
1784 960 1874 1025 nulla
1896 960 1961 1024 leri
1984 980 2062 1023 cura

429 1061 481 1122 vel
506 1060 708 1148 indulgentia
730 1065 936 1129 tractandum
966 1066 1070 1128 visum
1100 1071 1160 1129 ost.
1211 1062 1285 1128 Nou
1316 1065 1402 1127 enim
1431 1063 1654 1142 dubiumst,
1684 1065 1760 1149 quia
1788 1064 1947 1128 naturalis
1976 1063 2062 1126 inter
2092 1076 2105 1116 ὓ

430 1162 563 1228 fratrem
588 1172 622 1230 et
644 1186 793 1230 sororem
817 1169 1008 1233 concubitus
1025 1168 1155 1231 veniam
1177 1166 1367 1251 temporalis
1392 1187 1455 1232 non
1477 1175 1620 1230 meretur
1644 1167 1788 1244 honoris,
1812 1174 1846 1231 at
1868 1167 1949 1230 nihil
1972 1165 2062 1230 aliud

429 1272 542 1346 restat,
578 1289 674 1354 quam
708 1270 851 1334 vindicta
882 1279 915 1335 et
946 1271 1160 1356 poenitentia,
1201 1291 1262 1333 nec
1289 1270 1394 1334 'habet
1426 1270 1563 1334 ulterius
1591 1269 1821 1356 progrediendi
1853 1271 2061 1334 occasionem

429 1369 614 1437 damnabile
641 1374 774 1452 crimen,
798 1374 883 1459 quod
902 1375 1010 1438 statim
1032 1373 1383 1459 apraevaricatoribus
1400 1375 1512 1451 multa,
1536 1394 1620 1458 quae
1637 1375 1769 1438 fuerant
1785 1375 1885 1451 licita,
1909 1373 2061 1459 paenitus

430 1481 593 1560 amputat:
623 1475 762 1560 ideoque
792 1477 854 1541 hoc
883 1498 922 1541 eo
952 1478 1055 1541 rarius
1084 1498 1103 1540 a
1132 1477 1264 1541 saeculo
1294 1477 1447 1560 contigit,
1478 1497 1542 1562 quo
1574 1485 1717 1556 constat,
1747 1477 1823 1562 quia
1852 1478 1962 1541 nullus
1985 1474 2061 1539 inde

430 1579 619 1662 exemplum
645 1580 707 1643 sibi
731 1582 961 1667 praesumpsit,
985 1580 1069 1665 quod
1094 1601 1268 1665 numquam
1293 1580 1420 1644 veniale
1445 1579 1530 1664 apud
1554 1579 1666 1644 mundi
1683 1581 1821 1665 gloriam
1844 1602 1918 1645 csse
1941 1581 2056 1665 potuit.
2077 1603 2103 1641 so

429 1679 493 1744 Sed
519 1703 592 1744 cum
616 1682 756 1766 quilibet
779 1684 974 1768 aliquotiens
997 1684 1030 1747 in
1054 1683 1138 1748 hanc
1163 1683 1324 1746 miseriam
1349 1683 1433 1768 lapsi
1457 1691 1550 1759 suut,
1580 1704 1645 1747 non
1675 1683 1715 1748 de
1746 1683 1899 1769 exemplo
1924 1685 2059 1748 alterius

428 1785 563 1864 accidit,
598 1784 656 1850 sed
685 1786 726 1850 de
758 1788 893 1871 antiqua
923 1787 1044 1851 diaboli
1080 1786 1193 1851 frauda
1223 1794 1256 1851 et
1288 1787 1385 1850 simili
1414 1787 1600 1872 fragilitatis
1630 1788 1772 1873 impulsu
1802 1809 1840 1851 ac
1869 1787 2060 1872 praecipitio

426 1905 544 1950 recens
568 1894 602 1952 et
624 1890 717 1973 quasi
740 1911 826 1953 nova
850 1893 942 1954 ruina
965 1891 1036 1956 fuit.
1083 1889 1177 1954 Istud
1200 1898 1309 1956 autem
1334 1892 1539 1975 contagionis
1565 1913 1685 1974 genus,
1714 1891 1801 1978 quod
1830 1912 1916 1954 nuno
1945 1891 2060 1976 incipit

428 2008 501 2053 esse
526 2010 647 2053 norum
671 1998 704 2056 ct
730 2003 828 2058 antea
851 1993 944 2058 nobis
969 2001 1039 2059 erat
1062 1993 1263 2074 inauditum,
1299 1992 1478 2058 cavendum
1503 2003 1569 2073 ast,
1599 2017 1640 2060 ne
1665 1995 1849 2059 morbosam
1873 2001 2001 2082 pestem
2026 2000 2060 2059 et

428 2090 642 2157 incurabilem
664 2095 752 2159 luem
777 2098 890 2180 generi
912 2099 1113 2162 transmittat
1136 2097 1291 2178 humano,
1309 2106 1358 2160 ut
1380 2097 1440 2176 ita,
1464 2097 1618 2163 uidelicet
1641 2099 1733 2183 origo
1756 2100 1949 2184 pernitiosa,
1982 2099 2056 2162 furr-
2078 2115 2103 2154 ¹⁶

427 2193 512 2258 ditus
537 2198 751 2282 exstirpetur,
784 2220 846 2284 quo
875 2201 998 2264 nullum
1029 2202 1216 2286 exemplum
1247 2201 1436 2285 nullamque
1459 2202 1629 2286 fragilibus
1654 2204 1817 2287 relinquat
1840 2204 2059 2280 occasionem,

427 2319 467 2362 ne
493 2298 587 2374 forte,
612 2300 697 2384 quod
722 2302 822 2374 absit,
847 2305 922 2368 talis
947 2305 1149 2368 consuetudo
1172 2305 1347 2382 inolescat,
1373 2323 1436 2387 qua
1459 2306 1642 2369 naturalem
1667 2306 1956 2390 consanguinitatis
1981 2325 2059 2369 con·

427 2401 570 2466 cubitum
595 2405 667 2488 quis
691 2405 828 2488 devitet,
859 2417 892 2472 et
914 2409 1065 2473 fornicari
1089 2411 1203 2472 contra
1226 2415 1376 2471 naturam
1407 2410 1440 2472 in
1464 2410 1594 2494 proprio
1618 2430 1740 2494 genere
1763 2409 1837 2473 leve
1866 2409 1927 2473 hoc
1958 2409 2058 2474 aesti-

427 2525 519 2569 mans
542 2507 664 2571 malum
689 2508 838 2574 licentius
863 2519 1041 2576 assuescat.

538 2611 585 2674 19.
621 2609 682 2674 His
706 2630 784 2696 ergo
808 2614 1080 2679 consideratiset
1102 2614 1276 2698 diligenter
1300 2617 1479 2700 perspectis
1503 2616 1679 2701 lugendam
1701 2619 1818 2682 incesti
1841 2617 2058 2704 pollutionem
2077 2629 2106 2670 ²⁰

424 2711 457 2774 in
479 2711 643 2796 publicum
668 2714 833 2778 exalatam
857 2717 1008 2802 publicae
1032 2717 1254 2802 poenitentiae
1279 2718 1502 2784 satisfactione
1527 2721 1730 2805 purgandam
1754 2720 1967 2786 decrevimus.

1038 3011 1447 3020 ——-——-——-—

576 3289 677 3395 307.
727 3286 1089 3398 RELATIO
1125 3290 1233 3399 DE
1272 3293 1905 3407 THEUTBERGAE

780 3439 1298 3554 REOEPTIONE
1343 3446 1705 3558 SCRIPTA.

1104 3622 1202 3706 865.
1229 3633 1324 3724 Aug.
1347 3635 1380 3707 3.

539 3793 686 3874 Tradita
715 3815 760 3874 est
788 3812 828 3876 ab
850 3811 1026 3876 Hiucmuro
1054 3815 1089 3876 ia
1117 3816 1205 3878 Ana.
1233 3815 1360 3882 Berlin.
1390 3819 1433 3882 ad
1453 3840 1483 3884 a.
1500 3822 1578 3896 865,
1609 3821 1652 3884 cd.
1676 3821 1781 3886 Waitc
1798 3844 1832 3903 p.
1851 3826 1947 3904 l'loq.
1996 3825 2058 3906 Qui
2076 3853 2103 3892 as

423 3908 459 3974 dc
475 3911 550 3988 iltis,
574 3931 654 3991 quae
680 3918 753 3978 uate
775 3915 976 3993 receptionem
991 3917 1118 3998 reginae
1132 3920 1299 3996 everterint,
1322 3919 1396 3984 hacc
1411 3923 1504 3986 corba
1521 3923 1712 4007 proeruittit:
1738 3922 1921 4012 [Arsanias]
1942 3976 1949 3990 .
1967 3974 2000 3991 ..
2023 3929 2056 3992 in

424 4013 712 4080 Gundulfi-villam
736 4018 777 4081 ad
800 4018 1008 4083 Hlotharium
1033 4022 1131 4084 venit.
1182 4020 1243 4085 Cui
1266 4033 1299 4086 et
1322 4024 1483 4110 episcopis
1507 4047 1546 4089 ac
1568 4027 1765 4111 primoribus
1788 4031 1880 4113 regni
1912 4032 1960 4093 sui
1985 4032 2054 4116 epi-

424 4118 525 4182 stolas
549 4139 653 4204 papae
678 4119 782 4198 dedit,
808 4122 1025 4201 continentes,
1049 4126 1140 4208 qnia,
1171 4126 1233 4189 nisi
1264 4147 1402 4191 uxorem
1432 4149 1524 4193 suam
1555 4129 1806 4216 Theodbergam
1838 4135 2000 4219 reciperet
2024 4141 2058 4200 et

423 4217 637 4284 Waldradam
661 4222 771 4302 (quom
794 4243 824 4286 u.
841 4225 912 4301 862,
936 4223 986 4287 die
1010 4227 1059 4288 29.
1082 4247 1122 4292 ct.
1145 4227 1252 4307 April.
1277 4229 1311 4291 ia
1328 4231 1563 4294 orofrimoaium
1585 4233 1735 4316 duxerat)
1757 4234 1912 4314 abiceret,
1936 4258 2055 4302 renun-

423 4315 530 4387 'ciante
566 4322 628 4386 sibi
658 4325 814 4402 Arseuio,
845 4325 935 4391 illum
960 4325 1000 4390 ab
1025 4330 1111 4391 omni
1137 4329 1384 4394 christianorum
1414 4335 1571 4398 societate
1602 4335 1771 4402 debuisset
1798 4339 1922 4418 eicere,
1958 4361 2056 4423 quern
2075 4372 2102 4412 ω

422 4427 455 4488 in
479 4426 626 4510 pluribus
650 4429 798 4511 epistolis
822 4429 881 4494 has
903 4431 1178 4516 praecedentibus
1201 4438 1550 4502 excommmunicetum
1575 4446 1609 4502 ct
1631 4459 1651 4502 a
1674 4442 1837 4505 consortio
1861 4441 2055 4507 christiano·

424 4548 493 4590 rum
523 4527 661 4593 eiectum
690 4531 858 4596 multoties
883 4533 1132 4618 praedicaverat
1260 4540 1418 4603 Arsenius
1449 4539 1490 4605 ad
1516 4541 1696 4607 flaciacum
1726 4543 1854 4608 obviam
1883 4545 2058 4612 Hlothario

424 4630 546 4714 pergit,
577 4629 700 4695 ducens
724 4633 985 4720 Theotbergam,
1016 4659 1098 4722 quae
1130 4641 1328 4725 aliquamdiu
1354 4643 1590 4708 honorabiliter
1613 4647 1646 4710 in
1670 4667 1770 4731 regno
1794 4647 1908 4712 Karoli
1932 4645 2058 4733 deguit;

424 4738 458 4795 et
480 4739 615 4817 accepto
640 4744 847 4802 sacramento
870 4759 889 4802 a
912 4739 1086 4805 duodecim
1110 4742 1296 4808 hominibus
1321 4766 1363 4809 ex
1387 4753 1480 4831 parte
1504 4747 1682 4828 Hlotharii,
1706 4748 1844 4814 eandem
1861 4751 2055 4816 Theodber-

422 4855 513 4918 gam,
538 4837 628 4900 nulla
652 4839 874 4905 ecclesiastica
898 4843 1123 4909 satisfactione
1147 4867 1204 4931 pro
1233 4846 1394 4911 adulterio
1417 4849 1550 4933 publico
1578 4851 1619 4915 ab
1644 4872 1683 4916 eo
1708 4853 1887 4917 secundum
1912 4875 2055 4920 canonas
2075 4883 2100 4924 ss

424 4959 533 5002 sacros
557 4947 699 5025 patrata,
728 4942 774 5006 illi
803 4944 835 5007 in
859 4946 1099 5010 matrimonium
1130 4948 1282 5014 reddidit.
1336 4950 1583 5016 Sacramentum
1614 4961 1723 5018 autern
1756 4977 1814 5040 pro
1839 4955 2056 5042 Theodberga

422 5043 616 5128 praestitum
640 5062 682 5108 ex
705 5053 797 5129 parte
814 5047 980 5112 Hlotharii
1005 5050 1051 5114 ita
1075 5072 1109 5114 se
1134 5051 1241 5126 habet,
1269 5052 1368 5116 veluti
1392 5053 1549 5119 dictatum
1573 5065 1606 5120 et
1628 5057 1731 5122 Roma
1748 5059 1893 5124 delatum
1918 5061 1960 5124 ab
1985 5062 2054 5146 ipso

424 5145 574 5210 Arsenio.
1597 5160 1654 5242 (B.
1679 5161 1778 5240 dccst;
1800 5160 1839 5225 P.
1856 5166 1946 5240 503.)

534 5337 658 5449 lurans
688 5390 841 5471 promitto
875 5411 936 5474 ego
971 5393 1045 5456 talis
1075 5413 1133 5478 per
1167 5394 1247 5458 haec
1278 5405 1418 5479 quatuor
1451 5406 1564 5462 sancta
1596 5397 1717 5465 Christi
1746 5403 1936 5487 evangelia,
1969 5424 2054 5487 quae

423 5489 573 5552 manibus
597 5490 679 5552 meis
703 5499 818 5575 tango,
848 5502 947 5578 atque
976 5495 1056 5558 istas
1084 5504 1269 5561 sanctorum
1300 5499 1469 5583 reliquias,
1497 5502 1573 5585 quia
1607 5505 1716 5567 senior
1738 5525 1831 5569 meus
1856 5505 2050 5570 Hlotharius
2071 5531 2099 5570 ro

423 5611 494 5670 rex,
527 5590 612 5654 filius
640 5594 802 5676 quondam
831 5597 904 5681 piae
936 5597 1167 5663 recordationis
1195 5600 1360 5665 Hlotharii
1392 5604 1593 5668 serenissimi
1615 5605 1838 5691 imperatoris,
1871 5608 1988 5672 amodo
2023 5615 2055 5673 et

423 5693 578 5778 deinceps
596 5697 733 5782 accipiet
749 5697 998 5784 Theodbergam
1015 5721 1151 5766 uxorem
1176 5725 1266 5768 suam
1291 5727 1348 5790 pro
1368 5705 1515 5790 legitima
1532 5715 1680 5774 matrona
1703 5717 1736 5775 et
1759 5732 1833 5776 eam
1856 5713 1903 5776 sic
1920 5712 2054 5777 habebit
