4590 6420
375 447 621 504 CAPITULARIA
640 449 770 505 REGUM
786 449 971 507 FRANOIAE
990 453 1102 511 ocem.
1122 455 1345 526 (HLUDOWICI
1364 457 1491 530 Bderl).
1503 490 1537 500 -
1550 459 1600 515 Nr.
1612 461 1673 516 282.
1691 461 1749 516 283.
1811 465 1872 528 363

251 631 368 702 diripiat
390 624 444 688 vel
467 624 594 689 comitis
618 631 675 689 aut
698 626 829 690 vassalli
853 630 954 693 nostri
978 637 1035 694 aut
1058 632 1194 696 alicuius
1217 631 1362 697 defuncti
1384 654 1437 698 res
1461 641 1517 698 aut
1532 633 1705 701 facultates
1719 636 1873 703 invadere
1892 643 1953 700 877.

253 729 305 792 vel
332 750 491 815 usurpare
524 735 712 814 praesumat
739 729 792 793 vel
825 732 982 798 uxoribus
1015 734 1242 799 defunctorum
1278 738 1432 801 laieorum
1464 759 1502 802 ac
1536 741 1611 829 tiliis¹
1640 761 1875 826 quamcumque

252 832 438 898 violentiam
468 833 587 897 inferat
617 846 646 897 et
673 843 767 897 nullus
795 844 830 897 ad
860 844 1003 900 illorum
1031 848 1237 918 eleemosynam
1267 849 1425 904 faciendam
1456 843 1731 928 eleemosynarios
1765 865 1874 908 eurum

250 945 395 1016 impediat.
440 945 545 1011 Quodsi
560 945 664 1014 aliquis
680 948 909 1016 praesumpserit,
933 951 963 1003 et
978 951 1131 1005 seeundum
1146 951 1222 1022 leges
1246 953 1438 1034 mundanas
1461 954 1514 1009 hoc
1538 967 1611 1010 eum
1633 946 1741 1012 banno
1764 953 1875 1012 nostro

209 1059 221 1095 5
251 1036 417 1104 componat,
450 1036 480 1087 et
509 1033 661 1088 seeundum
689 1034 766 1104 leges
795 1035 999 1090 ecclesiasticas
1026 1037 1092 1092 inde
1120 1039 1267 1106 ecelesiae,
1299 1057 1383 1108 quam
1417 1040 1514 1108 laesit,
1547 1043 1716 1110 satisfaciat,
1745 1035 1877 1120 insuper

130 1169 132 1175 .
250 1124 376 1174 nostram
399 1121 600 1174 harmiscaram
624 1120 776 1175 seeundum
798 1121 912 1176 modum
935 1124 1033 1194 culpae
1057 1128 1087 1180 et
1110 1128 1141 1180 ut
1162 1126 1244 1180 nobis
1267 1127 1406 1196 placuerit
1428 1129 1575 1184 sustineat.
1673 1187 1674 1192 ,

356 1215 435 1280 Post
458 1215 539 1280 hace
562 1216 648 1280 lecta
671 1216 813 1301 capitula
836 1215 925 1280 dedit
940 1218 1090 1282 omuibus
1111 1221 1275 1284 licentiam
1293 1243 1366 1286 cum
1383 1221 1447 1285 Dei
1464 1223 1569 1306 gratia
1592 1229 1625 1286 et
1642 1244 1702 1287 sua
1718 1222 1872 1288 redeundi

250 1319 291 1384 ad
315 1312 464 1407 propria⁸
488 1320 634 1405 exceptis
658 1320 718 1396 his,
743 1341 822 1405 quos
847 1322 1035 1407 specialiter
1058 1346 1116 1411 pro
1140 1326 1336 1410 specialibus
1354 1327 1462 1392 causis
1479 1326 1722 1392 considerandis
1739 1327 1792 1392 vel
1816 1349 1873 1413 pro

250 1423 336 1489 dona
357 1423 542 1489 liberandas
564 1445 674 1490 secum
698 1425 872 1509 aliquantis
896 1425 1012 1491 diebus
1035 1447 1170 1494 manere
1195 1431 1373 1516 praecepit.

207 1623 232 1662 10
353 1599 377 1664 t)
396 1600 512 1652 libranda
529 1600 638 1651 corruerit
656 1599 790 1652 Drtmmler
809 1599 825 1652 l.
839 1617 859 1652 c.
880 1600 934 1651 ΙΙΙ
937 1601 956 1662 ²,
974 1611 999 1667 p.
1012 1599 1056 1667 47,
1075 1601 1170 1662 aaat.1,·
1189 1605 1238 1670 cfr.
1257 1613 1340 1655 eutem
1354 1605 1425 1670 Dies,
1447 1605 1557 1672 Etymcl.
1573 1605 1633 1656 WB.
1654 1605 1680 1658 d.
1698 1622 1761 1656 rom.
1776 1605 1874 1672 Spal,

249 1703 268 1738 r.
280 1705 303 1738 a.
323 1687 446 1739 lisama

351 1840 379 1910 8)
398 1839 455 1906 Osr.
475 1839 557 1910 Oupp.
577 1840 644 1896 Piat.
663 1843 722 1910 869,
741 1857 825 1910 supro
838 1859 866 1910 p.
880 1841 939 1909 334,
958 1858 980 1898 c.
996 1843 1021 1896 4.

511 2392 612 2497 283.
662 2385 1088 2496 cnPITULA
1127 2387 1613 2499 ELECTIONIS

271 2543 752 2657 HLUDOWIOI
791 2543 1045 2652 BALBI
1085 2543 1542 2655 OOMPENDH
1577 2545 1845 2656 FACTA.

205 2781 229 2820 „
785 2723 882 2806 877.
909 2733 1003 2807 Nov.
1025 2734 1085 2807 30.
1115 2773 1162 2783 -
1191 2735 1277 2810 Dee.
1299 2736 1334 2809 8.

354 2901 450 2985 Acte
471 2922 638 2985 coravmtus
657 2917 909 3000 Compenda'ensa's
924 2921 1068 2984 exstant:
1096 2917 1125 3004 l)
1147 2918 1235 2999 apat
1249 2918 1461 2996 sirmondum,
1487 2919 1596 2984 Cureti
1615 2918 1706 2984 Calvi
1724 2919 1872 3004 Capitate

241 3047 276 3106 p.
293 3029 438 3105 ttttsqq,
460 3022 559 3087 codice
581 3021 714 3103 quodum
736 3021 903 3087 Leodiemt
923 3021 1077 3100 adlstba'tm
1111 3020 1145 3106 2)
1169 3022 1269 3086 ecdem
1297 3024 1360 3088 loco
1387 3044 1420 3102 p.
1438 3025 1564 3103 stirp,
1587 3043 1626 3086 aa
1648 3023 1746 3088 codiee
1766 3024 1873 3089 Bello-

245 3129 370 3194 aucensi
388 3128 527 3212 fortusse
550 3126 651 3206 edttc;
681 3125 716 3212 3)
738 3127 774 3190 ta
789 3127 878 3191 Aua.
895 3125 1022 3192 Baetin,
1045 3125 1088 3189 ad
1109 3145 1139 3189 a.
1157 3128 1229 3201 877,
1252 3125 1644 3209 cu.Waiap.1tssqp.;
1667 3126 1701 3212 4)
1724 3127 1760 3190 tu
1774 3127 1873 3192 codice

244 3234 318 3298 otim
340 3231 446 3297 Paris.
463 3234 563 3309 4761,
593 3251 677 3295 uuae
707 3231 873 3312 deperdito.
925 3236 948 3294 l.
974 3233 1004 3298 2.
1028 3235 1057 3296 4.
1081 3230 1226 3294 omittant
1241 3227 1471 3314 professionem
1493 3229 1676 3296 Hludowtct
1697 3232 1770 3315 (A),
1795 3253 1874 3296 eom-

203 3337 471 3402 nomenclationem
492 3334 641 3414 Ansaptst
663 3333 743 3417 (D),
765 3334 991 3418 professionem
1015 3334 1226 3414 episcoporum
1250 3332 1320 3416 (E).
1370 3331 1521 3416 Commta
1541 3333 1577 3396 ta
1607 3339 1633 3399 1.
1657 3333 1714 3398 bae
1738 3335 1872 3415 trascrip-

247 3443 328 3506 tione
348 3438 498 3520 praedita
524 3440 614 3500 secat:
655 3437 758 3518 Ordo,
796 3438 937 3523 qualiter
968 3437 1182 3502 Hludowicus
1212 3458 1272 3502 rex
1307 3457 1391 3501 anno
1426 3429 1656 3502 incarnationis
1690 3438 1870 3503 dominicae

244 3541 537 3621 DCCCLXXVII,
562 3541 618 3605 Vl.
640 3540 719 3606 Idus
742 3539 953 3620 Decembris,
985 3542 1026 3606 ab
1052 3543 1230 3607 Hinemaro
1261 3541 1506 3628 archiepiscopo
1540 3541 1602 3605 fuit
1635 3549 1808 3607 coronatus
1837 3544 1870 3606 in

244 3646 444 3735 Compendio
468 3646 606 3733 palatio;
636 3645 765 3731 quando
790 3645 945 3727 ethaeo,
970 3667 1052 3730 quae
1078 3652 1272 3730 sequuntur,
1300 3646 1342 3710 ab
1366 3645 1528 3731 episcopis
1557 3646 1660 3732 petita
1684 3652 1760 3710 sunt
1783 3645 1870 3731 apud

244 3774 355 3838 regem
371 3758 404 3815 et
420 3750 461 3814 ab
479 3771 517 3815 eo
533 3751 694 3835 promissa
710 3751 886 3835 episeopis;
908 3749 944 3812 a'u
961 3752 996 3812 2:
1019 3749 1114 3812 Anuo
1129 3748 1365 3812 incarnationis
1381 3747 1562 3812 dominicae
1578 3747 1870 3814 DCOOLXXVII.

201 3884 225 3924 aa
245 3858 276 3922 in
301 3855 500 3943 Compendio
517 3855 638 3940 palatio
655 3854 746 3930 baec,
770 3874 853 3938 quae
870 3857 1060 3938 sequuntur,
1083 3850 1123 3915 ab
1141 3853 1304 3938 episeopis
1319 3853 1422 3936 petita
1439 3858 1515 3916 sunt
1539 3851 1623 3938 apud
1640 3852 1869 3917 Hludowicum

243 3981 355 4046 regem
379 3968 412 4024 et
434 3958 476 4023 ab
500 3979 540 4022 eo
563 3958 724 4043 promissa
747 3957 920 4042 episcopis.

353 4061 403 4128 De
425 4082 485 4144 quo
507 4065 659 4126 conventu
680 4065 708 4126 et
730 4061 822 4126 rebus
844 4065 938 4125 autea
958 4061 1053 4144 qeatts
1067 4061 1180 4142 optime
1196 4060 1337 4141 raserunt
1361 4060 1448 4125 Aea.
1462 4059 1589 4124 Bertin.
1612 4061 1632 4126 t.
1650 4081 1674 4126 c.
1697 4059 1747 4124 aas
1762 4061 1870 4139 uerbis,

242 4187 320 4250 quae
341 4167 420 4230 actis
435 4167 662 4247 praemittamu-
690 4165 914 4245 Hludowicus,
939 4173 1075 4251 accepto
1092 4165 1210 4229 nuncio
1232 4165 1265 4228 iu
1281 4162 1446 4227 Audriaoe
1470 4163 1547 4228 villa
1575 4162 1616 4229 de
1639 4170 1744 4229 morte
1768 4165 1869 4251 patris

243 4270 307 4350 sui,
335 4291 416 4356 quos
439 4269 545 4354 potuit
568 4269 753 4334 conciliavit
776 4269 855 4345 sibi,
884 4268 965 4334 daus
996 4270 1042 4334 eis
1072 4268 1222 4333 abbatias
1252 4273 1284 4331 et
1308 4268 1480 4332 comitatus
1510 4287 1548 4331 ae
1571 4267 1666 4331 villas
1690 4267 1868 4332 secundum

199 4397 224 4438 ao
242 4375 494 4458 uniuscuiusque
517 4373 780 4459 postulationem.
832 4372 875 4437 Et
896 4373 958 4437 iter
981 4393 1083 4458 agens
1108 4421 1165 4439 ...
1189 4393 1290 4457 usque
1315 4371 1356 4436 ad
1372 4371 1519 4436 Versum
1544 4396 1627 4446 ...;
1650 4372 1705 4436 ubi
1729 4373 1868 4437 audiens

241 4485 365 4565 patrem
394 4498 488 4543 suum
517 4480 697 4565 sepultum,
733 4485 766 4543 et
798 4478 889 4562 regni
918 4478 1077 4564 primores
1109 4484 1175 4541 tam
1208 4476 1345 4543 abbates
1381 4497 1477 4561 quam
1510 4476 1644 4539 comites
1673 4474 1869 4562 indignatos,

242 4584 316 4668 quia
338 4582 532 4667 quibusdam
555 4583 695 4647 honores
718 4581 853 4647 dederat
875 4582 944 4645 sine
967 4582 1097 4645 illorum
1121 4602 1299 4660 consensu,
1328 4587 1361 4645 et
1396 4579 1437 4644 ob
1469 4578 1501 4644 id
1534 4579 1705 4644 adversum
1731 4603 1767 4645 se
1792 4603 1869 4644 con-

241 4687 381 4773 spiratos
409 4707 499 4766 esse,
531 4707 680 4752 reversus
710 4692 759 4751 est
789 4684 1035 4772 Compendium.
1095 4683 1163 4772 Ipsi
1195 4691 1304 4749 autem
1338 4685 1495 4770 primores
1531 4703 1604 4746 cum
1634 4681 1784 4749 Riehilde

242 4797 435 4855 conventum
460 4811 552 4855 suum
577 4789 618 4853 ad
642 4787 964 4855 Mentem-witmari
986 4787 1219 4868 condixerunt,
1249 4787 1390 4873 indeque
1422 4788 1537 4851 missos
1567 4805 1645 4850 suos
1670 4787 1711 4852 ad
1741 4787 1866 4853 Hlodo-

198 4921 222 4960 :u
241 4896 358 4960 wicum
386 4893 592 4968 direxerunt;
626 4891 683 4956 sed
719 4898 751 4954 et
788 4891 1001 4956 Hludowicus
1038 4893 1164 4976 legatos
1200 4913 1275 4957 suos
1310 4890 1350 4956 ad
1386 4913 1442 4958 cos
1476 4889 1606 4956 direxit.
1665 4889 1709 4954 Et
1743 4890 1866 4956 discur-

239 5000 387 5064 rentibus
418 4999 504 5062 inter
539 5017 594 5060 eos
630 4996 751 5071 missis,
789 4995 830 5060 ad
865 4997 927 5061 hoc
960 5005 1151 5082 perventum
1185 5005 1251 5076 est,
1285 5004 1321 5062 ut
1351 4995 1512 5062 Richildis
1548 5002 1581 5059 et
1617 4995 1678 5080 ipsi
1710 4996 1867 5082 primores

239 5102 281 5167 ad
310 5124 384 5168 eum
408 5098 642 5186 Compendium
667 5100 819 5164 venirent
935 5099 1095 5164 Richildis
1126 5099 1363 5188 Compendium
1395 5099 1437 5164 ad
1466 5097 1690 5164 Hludowicum
1721 5100 1866 5176 veniens,

239 5207 339 5270 missa
362 5205 464 5270 sancti
488 5202 640 5268 Andreae
663 5202 728 5284 (die
751 5206 802 5267 30.
825 5224 865 5269 m.
890 5202 985 5285 Nou.)
1008 5204 1118 5270 attulit
1150 5205 1180 5270 ei
1212 5209 1444 5291 praeceptum,
1476 5222 1536 5287 per
1565 5200 1650 5285 quod
1674 5207 1768 5288 pater
1790 5223 1867 5266 suus

239 5309 285 5372 illi
308 5329 443 5394 regnum
467 5313 544 5371 ante
568 5312 705 5370 mortem
730 5327 821 5370 suam
845 5303 1040 5388 tradiderat,
1072 5316 1105 5372 et
1128 5316 1255 5394 spatam
1280 5327 1363 5393 quae
1387 5309 1523 5369 vocatur
1545 5304 1651 5369 sancti
1674 5305 1778 5388 Petri,
1809 5327 1868 5394 per

196 5433 223 5472 m
242 5431 338 5495 quam
362 5433 436 5477 eum
460 5410 501 5476 de
525 5431 626 5496 regno
651 5410 839 5488 revestiret,
874 5408 931 5473 sed
964 5416 997 5474 et
1026 5412 1154 5494 regium
1177 5413 1407 5476 vestimentum
1440 5414 1473 5472 et
1503 5428 1653 5473 coronam
1681 5429 1719 5473 ae
1748 5411 1866 5475 fustem

241 5535 283 5579 ex
306 5535 384 5579 auro
408 5521 442 5582 et
465 5515 616 5600 gemmis.
662 5511 705 5576 Et
728 5512 986 5578 discurrentibus
1009 5513 1129 5598 legatis
1152 5515 1237 5578 inter
1260 5512 1487 5578 Hludowicum
1521 5518 1554 5576 ct
1580 5512 1673 5596 regni
1696 5515 1866 5598 primores,

240 5627 273 5683 ct
301 5620 404 5706 pactis
434 5618 611 5683 honoribus
643 5616 781 5700 singulis
811 5637 891 5701 quos
923 5618 1101 5703 petierunt,
1124 5617 1184 5681 VI.
1201 5616 1279 5681 Idus
1308 5615 1503 5682 Decembris
1532 5636 1694 5680 consensu
1724 5621 1866 5684 omnium

240 5729 307 5788 tam
331 5724 556 5810 episcoporum
580 5727 612 5786 et
635 5718 792 5784 abbatum
814 5741 911 5804 quam
937 5721 1031 5806 regni
1053 5721 1229 5806 primorum
1246 5727 1495 5804 ceterommquc
1519 5720 1572 5804 qui
1591 5718 1766 5788 adfuerunt
1789 5744 1866 5788 cou-

1602 5829 1654 5884 46*
