4634 6436
434 433 474 494 74
915 427 1161 482 CAPITULARIA
1180 425 1393 481 fluorunuu.
1412 455 1445 466 -
1463 425 1513 480 Νι.
1525 425 1585 480 205.

356 609 416 662 851.
434 603 597 670 veraciter
619 601 772 668 fidelibus
795 602 863 668 suis
885 600 969 666 haec
993 597 1173 664 secundum
1188 598 1253 664 Dei
1276 598 1475 663 voluntatem
1501 603 1534 663 et
1556 598 1665 683 legem
1689 619 1728 662 ao
1750 597 1869 662 iustam
1891 596 2061 674 rationem,

431 707 512 773 velit
539 712 596 772 aut
623 705 707 770 nolit
735 704 805 786 ille,
834 704 889 790 qui
911 703 1021 767 divino
1045 702 1179 768 consilio
1202 707 1237 767 et
1260 701 1394 768 decreto
1419 707 1453 765 et
1475 701 1551 766 huic
1574 700 1824 766 convenientiae
1847 700 2005 764 resistens
2029 703 2062 763 ct

432 810 659 875 contradicens
693 808 807 889 luerit,
841 811 1076 891 exsequantur.
1121 804 1166 869 Et
1195 805 1222 868 si
1238 803 1363 890 aliquis
1394 804 1433 868 de
1465 804 1649 869 senioribus
1678 804 1718 868 de
1747 803 1808 867 bae
1836 802 2062 867 convenientia

432 914 550 979 exierit
572 917 630 977 aut
653 933 689 977 se
713 911 888 978 retraxerit
911 911 984 976 velr
1005 909 1081 973 huic
1105 909 1270 974 communi
1293 908 1443 986 decreto,
1468 907 1555 993 quod
1577 907 1679 988 absit,
1703 905 1964 986 contradixerit¹,
1987 926 2061 969 cum

432 1018 544 1105 plures
567 1016 731 1081 seniorum
753 1020 937 1080 nostrorum
960 1013 1075 1078 fideles
1099 1018 1132 1077 et
1156 1033 1330 1097 regnorum
1347 1011 1506 1097 primores
1523 1010 1673 1075 inunum
1690 1008 1913 1088 convenerint,
1938 1029 2060 1088 eorum,
2090 1035 2102 1074 ι

432 1120 488 1205 qui
513 1119 595 1185 haec
625 1118 891 1197 observaverint,
921 1117 1084 1182 seniorum
1115 1115 1250 1180 consilio
1277 1121 1311 1180 et
1334 1116 1562 1202 episcoporum
1590 1114 1709 1180 iudicio
1738 1135 1777 1178 ac
1799 1112 1961 1178 communi
1984 1133 2060 1178 con-

411 1245 540 1304 ¹sensu,
564 1224 706 1308 qualiter
727 1223 769 1288 de
793 1242 843 1303 eo,
867 1223 922 1308 qui
942 1220 1050 1286 debite
1072 1218 1256 1285 admonitus
1277 1218 1507 1304 incorrigibilis
1523 1218 1798 1304 perseveraverit,
1821 1217 1984 1301 agendum
2009 1216 2060 1296 sit,

432 1327 563 1393 favente
586 1326 728 1391 Domino
753 1326 994 1392 decernemus¹.

539 1430 584 1494 Ει
610 1435 646 1494 ιιι
675 1430 830 1496 obnixius
862 1427 1086 1513 suprascripta
1115 1425 1259 1512 capitula
1285 1446 1305 1489 a
1334 1425 1427 1490 nobis
1454 1425 1634 1490 auxiliante
1657 1424 1798 1489 Domino
1828 1423 2061 1489 inviolabiliter

433 1534 647 1599 observentur
682 1539 716 1598 et
749 1554 809 1597 nos
841 1532 897 1597 illa
931 1532 1162 1597 observaturos
1198 1530 1320 1594 certius
1357 1530 1538 1610 credatur‘,
1571 1530 1721 1595 manibus
1748 1529 1887 1616 propriis
1922 1527 2058 1594 eademb
2079 1553 2103 1591 10

433 1636 547 1703 subter
569 1637 801 1704 firmavimusu.

980 1752 1269 1819 Adnuntiatic'
1298 1752 1508 1818 Hlotharii.

540 1878 718 1959 Volumus,
746 1883 784 1942 ut
805 1897 864 1941 vos
888 1876 1060 1960 sapiatis',
1093 1875 1170 1962 quid
1193 1880 1306 1941 noster
1328 1874 1489 1940 adventus
1513 1875 1566 1939 hic
1589 1875 1698 1940 luerit.
1744 1873 1904 1938 Venimus
1927 1872 1997 1951 hic,
2024 1877 2061 1936 ιιι

434 1983 530 2048 simul
566 1982 743 2047 adiuvante
773 1981 845 2047 Deo
881 2001 955 2046 cum
984 1978 1133 2044 fidelibus
1161 1979 1280 2043 nostris
1309 1979 1349 2044 de
1377 1978 1442 2044 Dei
1465 1978 1633 2042 voluntate
1662 1984 1696 2042 ct
1723 1983 1810 2041 statu
1840 1981 1973 2041 sanctae
2005 1997 2058 2040 ac-

433 2086 554 2151 clesiae
583 2106 622 2149 ac
650 2086 742 2170 regni
772 2092 805 2149 et
832 2084 993 2148 communi
1016 2088 1127 2148 nostro
1151 2105 1190 2147 ec
1212 2089 1321 2148 vestro
1345 2084 1492 2168 profectu
1517 2081 1815 2161 consideraremus,
1848 2083 1932 2146 sicut
1955 2086 1989 2146 et
2011 2081 2057 2144 fe·
2078 2111 2102 2149 ιι

433 2190 553 2264 cimus;
587 2193 621 2254 et
643 2187 767 2272 gratias
790 2186 876 2251 Dec!
911 2207 1023 2250 sumus
1047 2184 1123 2251 inde
1153 2187 1200 2252 sic
1224 2185 1359 2250 adunati
1383 2192 1416 2250 et
1438 2206 1497 2250 nos
1522 2184 1729 2250 adinvicem
1754 2192 1883 2250 etcum
1907 2183 2059 2249 fidelibus

432 2293 565 2373 nostris,
594 2292 678 2356 sicut
700 2312 760 2356 nos
784 2289 1065 2375 recognoscimus,
1095 2289 1171 2375 quia
1195 2295 1229 2354 ct
1250 2289 1335 2355 infra
1358 2310 1497 2375 regnum
1522 2298 1555 2355 et
1579 2296 1672 2355 extra
1694 2310 1830 2375 regnum
1854 2310 1913 2376 per
1935 2306 2060 2354 marcas

433 2400 561 2460 nostras
583 2394 677 2460 nobis
701 2400 753 2460 est
775 2394 1007 2482 necessarium.

959 2548 1262 2614 Adnuntiatio'
1290 2548 1534 2614 Hludcwici.

541 2669 635 2735 Sicut
657 2689 751 2736 meus
774 2669 876 2734 frater
897 2669 1011 2734 vobis¹
1034 2669 1128 2752 dicit,
1154 2691 1274 2755 magna
1296 2670 1479 2736 necessitas
1505 2677 1555 2734 cst
1577 2670 1672 2735 nobis
1696 2676 1729 2735 et
1751 2670 1805 2733 isti
1829 2669 1949 2756 populo
1973 2667 2058 2732 chri·
2077 2696 2103 2735 ro

433 2774 554 2854 stiano,
588 2772 643 2858 qui
672 2773 767 2837 nobis
795 2777 845 2837 est
872 2795 893 2837 a
915 2771 986 2837 Dec
1011 2774 1220 2855 commissus,
1251 2779 1288 2838 ut
1314 2795 1375 2838 nos
1404 2772 1445 2838 ad
1473 2774 1613 2839 invicem
1642 2773 1689 2838 sic
1717 2773 1894 2838 concordes
1922 2779 1956 2838 et
1978 2772 2060 2836 uniti

434 2877 552 2958 simus,
576 2875 738 2961 quomodo
761 2874 827 2940 Dei
848 2875 1001 2942 voluntas
1025 2882 1076 2942 est
1102 2885 1135 2942 et
1157 2899 1257 2943 verae
1281 2878 1477 2943 fraternitati
1501 2878 1665 2943 convenit.
1710 2877 1805 2951 Quod
1827 2898 1931 2962 usquc
1954 2875 2060 2956 modo,

433 2985 606 3067 postquam
628 2979 721 3044 Deus
746 2978 833 3044 istud
855 3000 993 3064 regnum
1013 2982 1046 3045 in
1065 3003 1182 3046 manus
1204 2986 1332 3046 nostras
1349 2987 1421 3067 post
1438 2986 1565 3067 patrem
1581 2988 1726 3045 nostrum
1743 2980 1843 3056 misit,
1866 3001 1925 3064 per
1941 2980 2060 3060 omnia,

427 3083 519 3148 'siout
546 3082 727 3147 necessitas
754 3080 876 3161 fuerat,
908 3103 972 3147 non
998 3084 1133 3148 fuimus:
1167 3089 1200 3150 ct
1227 3083 1301 3148 ideo
1326 3089 1417 3150 tanta
1440 3084 1513 3149 Deo
1538 3084 1704 3149 contraria
1726 3088 1760 3148 et
1783 3082 1878 3147 nobis
1905 3103 1944 3146 ac
1968 3082 2061 3147 vobis

434 3185 707 3272 impedimentosa
737 3186 936 3250 acciderunt.
981 3186 1025 3251 Et
1055 3188 1132 3272 quia
1161 3188 1258 3253 modo
1281 3186 1421 3253 Domino
1452 3187 1628 3252 adiuvante
1659 3186 1705 3250 sic
1738 3206 1849 3250 sumus
1878 3185 2059 3266 unanimes,
2079 3211 2103 3252 rs

434 3290 518 3355 sicut
545 3309 605 3375 per
632 3293 756 3353 rectum
785 3307 859 3353 csse
883 3289 1056 3370 debemus,
1089 3291 1217 3372 sciatis,
1251 3292 1328 3377 quia
1350 3294 1574 3377 unusquisque
1599 3299 1745 3356 nostrum
1769 3296 1903 3377 paratus
1928 3296 1994 3370 est,
2024 3294 2061 3354 ut

435 3414 529 3458 suum
548 3393 691 3473 fratrem,
715 3391 913 3477 ubicumque
936 3393 1118 3458 necessitas
1140 3394 1249 3474 fuerit,
1274 3401 1307 3458 et
1331 3395 1415 3459 infra
1439 3395 1577 3481 patriam
1603 3401 1636 3458 ct
1658 3394 1738 3458 foris
1761 3394 1900 3478 patriam
1923 3397 1980 3456 aut
2002 3415 2061 3478 por

434 3519 470 3562 se
498 3497 605 3582 ipsulm
634 3501 690 3560 aut
717 3516 777 3581 per
804 3494 962 3560 infantem
984 3495 1038 3559 vol
1064 3494 1179 3561 fideles
1209 3517 1285 3562 suos
1310 3503 1344 3561 et
1367 3498 1503 3563 oonsilio
1526 3504 1560 3562 et
1581 3497 1704 3561 auxilio
1729 3497 1775 3560 sic
1799 3495 1945 3576 adiuvet,
1976 3495 2062 3560 sicut

434 3601 537 3666 frater
558 3599 652 3664 fratri
674 3604 882 3686 perrectum
905 3599 1015 3665 lacere
1039 3598 1149 3664 debet.

1009 3751 1302 3816 Adnuntiatio'
1330 3752 1482 3818 Karcli.
2078 3783 2104 3822 ss

460 3855 463 3862 ¹
543 3873 677 3954 Sciatis,
707 3873 784 3958 quia
807 3880 841 3937 et
863 3892 923 3937 nos
947 3877 980 3937 et
1001 3871 1117 3937 fideles
1141 3873 1243 3936 nostri
1266 3873 1430 3937 veraciter
1452 3874 1733 3959 recognoscimus,
1763 3876 1839 3960 quic
1861 3877 1979 3963 partim
2002 3899 2060 3942 ne·

435 3977 602 4057 cessitate,
625 3977 745 4063 partim
769 3977 915 4042 indebita
938 3978 1117 4058 voluntate,
1145 3977 1229 4041 siout
1253 3998 1345 4042 meus
1369 3977 1471 4042 frater
1493 3977 1705 4043 Hludovricus
1729 3977 1820 4042 vobis
1843 3978 1936 4056 dixit,
1959 3981 2062 4046 multa

435 4079 623 4145 acciderunt
653 4080 686 4144 in
716 4080 779 4144 istc
809 4100 926 4166 regno,
961 4100 1044 4166 quae
1074 4079 1168 4144 nobis
1198 4101 1336 4145 necesse
1368 4101 1433 4144 nou
1462 4080 1580 4148 fuerat.
1624 4081 1668 4146 Ει
1696 4083 1825 4163 sciatis,
1860 4085 1935 4170 quia
1964 4105 2061 4167 nuno,

434 4185 556 4270 gratias
579 4183 666 4248 Deo!
701 4183 836 4249 adunati
859 4205 970 4249 sumus
994 4189 1027 4250 et
1049 4205 1108 4248 nos
1132 4181 1173 4247 ad
1197 4184 1337 4249 invicem
1363 4188 1396 4248 et
1419 4205 1492 4249 cum
1514 4182 1666 4249 fidelibus
1689 4186 1819 4266 nostris,
1842 4193 1879 4251 ut
1901 4207 2060 4252 unacum

434 4286 500 4352 Dei
522 4286 696 4367 adiutorio,
724 4293 845 4373 quanto
869 4286 984 4350 melius
1007 4292 1039 4351 et
1062 4287 1157 4351 citius
1182 4287 1422 4351 rationabiliter
1443 4307 1631 4372 possumus,
1657 4309 1886 4373 procuremus,
1909 4291 2060 4376 qualiter,
2079 4319 2104 4358 ιι

435 4411 520 4477 quae
548 4389 701 4475 neglecta
730 4397 819 4472 sunt,
849 4390 1022 4455 emendata
1044 4391 1138 4470 fiant,
1162 4395 1198 4455 ut
1221 4395 1254 4454 et
1278 4389 1370 4454 Deus
1394 4390 1437 4453 sit
1460 4389 1554 4454 nobis
1577 4391 1739 4477 propitius
1763 4397 1796 4457 ct
1819 4394 2061 4460 ecclesiasticus

436 4493 513 4559 ordo
536 4492 683 4558 debitum
707 4493 863 4559 honorem
886 4493 1009 4559 habeat
1037 4499 1070 4558 et
1099 4493 1191 4579 regni
1219 4494 1313 4557 nobis
1338 4493 1502 4557 commissi
1525 4494 1725 4579 prosperitas
1748 4493 1918 4582 proveniat
1942 4504 1974 4562 ct
2000 4499 2062 4562 iste

436 4597 575 4683 populus
600 4597 797 4662 christianus
820 4617 936 4683 paoem
959 4596 1080 4661 habeat
1109 4601 1142 4659 et
1164 4595 1257 4660 vobis
1280 4597 1335 4659 lox
1359 4601 1392 4660 ct
1418 4596 1544 4661 iustitis
1568 4591 1799 4662 conservetur8
1822 4605 1855 4663 et
1877 4621 1934 4664 vos
1958 4602 2061 4684 nobis,

436 4699 521 4764 sicut
543 4705 769 4766 antecessores
785 4701 885 4764 vestri
908 4699 1028 4765 nostris
1052 4698 1318 4764 antecessoribus
1335 4699 1497 4780 fecerunt,
1521 4698 1665 4765 debitum
1684 4701 1838 4766 honorem
1855 4709 1889 4768 et
1904 4705 2060 4770 auxilium

436 4803 632 4871 exhibeatis.
675 4803 720 4868 Et
743 4805 886 4890 qualiter
908 4804 969 4869 hoc
992 4803 1232 4869 consideratum
1260 4809 1294 4869 et
1317 4803 1480 4868 veraciter·
1501 4802 1726 4869 confirmatum
1749 4805 1898 4871 manibus
1921 4808 2060 4893 propriis
2079 4835 2105 4876 rc

435 4906 627 4990 habeamus,
650 4906 704 4972 hic
728 4908 820 4972 vobis
843 4909 1020 4993 relegetur.
2090 4915 2091 4918 ’

471 5060 522 5126 Et
544 5063 708 5128 relecta
736 5068 832 5128 sunt
860 5063 900 5126 in
923 5068 1154 5148 conspectu
1177 5061 1314 5127 totius
1337 5061 1488 5148 populi
1511 5063 1809 5148 suprascripta
1832 5066 2025 5150 capitula.

538 5267 561 5336 r)
585 5271 627 5322 vel
708 5272 892 5324 contradixerit
914 5288 962 5322 oar.
981 5268 1004 5321 4.
1111 5270 1134 5335 s)
1158 5272 1309 5322 decernetur
1326 5268 1350 5320 2.
1457 5269 1478 5334 ι)
1502 5271 1613 5323 credatis
1630 5269 1654 5322 4.
1753 5271 1782 5337 u)
1801 5273 1912 5339 Reliqua
1930 5274 2021 5326 derunt
2037 5274 2088 5329 4„

435 5353 464 5421 v)
484 5356 669 5424 Imcriptioacr
686 5358 727 5410 bio
744 5366 767 5410 et
784 5359 859 5426 infra
876 5374 924 5410 om.
946 5355 1006 5422 1.2,
1024 5359 1093 5410 lineo
1111 5366 1196 5409 tantm
1214 5374 1267 5408 arra
1284 5374 1367 5408 vacuo
1385 5357 1482 5409 relicto.
1569 5356 1604 5424 ιι)
1623 5365 1652 5408 ιιι
1669 5358 1733 5410 cdd.
1751 5357 1775 5410 2.
1863 5358 1892 5423 ιι)
1912 5361 1986 5412 nobis
2003 5359 2027 5413 2.

538 5523 566 5592 8)
586 5522 644 5592 Osr.
665 5526 813 5580 σοιιυειιιιιι
828 5526 907 5596 prior
923 5544 944 5582 c.
958 5529 982 5596 5,
1001 5542 1088 5596 supra
1100 5544 1130 5595 p.
1143 5527 1184 5582 69.
1212 5525 1281 5596 [K]
2077 5542 2103 5582 ιι

1049 5717 1460 5728 *W*—
