4568 6434
331 431 598 509 ADDITAMENTA
617 453 665 508 AD
682 453 926 509 carmennum
947 453 1074 510 undull
1096 454 1279 510 carnellu
1297 452 1525 510 ORIENTALIS.
1545 484 1576 494 -
1596 453 1644 508 Nr.
1662 452 1722 509 252.
1774 455 1832 517 221

326 627 504 714 Cap-14.
549 628 605 694 Dc
635 628 795 694 decimis
819 633 997 716 antiqua·
1392 628 1498 715 (lla.)
1863 632 1923 686 895.

217 753 296 796 rum
310 739 349 796 et
365 734 521 797 noviter
537 741 858 798 consecratarum
876 735 999 798 eccle·
1097 733 1162 798 Ut·
1177 734 1305 798 novalis
1321 754 1405 810 rura,
1422 753 1505 818 quac
1518 733 1610 797 iuxta
1624 731 1728 795 cultos
1742 751 1838 814 agros

217 837 377 900 siarum.
414 835 781 901 Placuiti’huicsancto
799 839 943 916 concilio,
966 846 1001 902 ut
1054 838 1145 913 liunt,
1169 836 1350 902 ecclesiaeb
1374 837 1527 922 antiquae
1544 833 1757 900 decimentur.
1796 833 1839 898 ut

217 937 395 1003 secundum
424 940 608 1005 sanctiones
637 940 815 1005 canonumb
844 941 1001 1015 decimae,
1055 945 1082 1006 si
1106 942 1191 1006 ultra
1212 941 1351 1005 miliaria
1374 939 1422 1004 IV
1445 940 1497 1004 vel
1519 940 1550 1003 V
1573 941 1605 1004 in
1629 940 1714 1003 saltu
1737 957 1837 1024 quae-

185 1042 300 1106 ⁵sicut
323 1049 378 1107 et⁰
400 1044 484 1109 elice
505 1045 740 1130 possessiones,
764 1045 906 1129 antiquis
922 1066 999 1108 con·
1054 1046 1134 1111 libet
1156 1044 1254 1128 digna
1278 1065 1418 1130 persona
1441 1044 1572 1129 aliquod
1592 1044 1709 1107 novale
1727 1041 1837 1105 conla-

216 1153 387 1212 serventur
410 1148 569 1224 ecclesiis,
595 1147 700 1212 sicutd
724 1147 1000 1213 inOalcidononsi
1054 1150 1237 1214 boraverit⁰
1266 1147 1453 1232 ibidemque
1490 1167 1563 1211 cum
1594 1148 1642 1211 sui
1675 1164 1839 1211 consensu

216 1257 329 1314 sancto
347 1251 483 1315 concilio
500 1257 658 1316 statutum
676 1243 762 1315 est95
777 1260 863 1338 cap.o
875 1250 974 1314 XVII
981 1249 1000 1317 ¹.
1053 1254 1195 1339 episcopi
1207 1252 1380 1316 ecclesiam
1395 1252 1624 1331 construxerit,
1637 1255 1709 1336 post
1724 1269 1838 1313 conss-

216 1353 250 1418 Si
267 1356 338 1441 quis
355 1361 485 1420 autem⁰
501 1355 534 1418 in
550 1354 709 1419 affinitate
725 1355 879 1439 antiquae
892 1356 998 1419 eccle·
1054 1357 1232 1420 orationem
1251 1355 1410 1418 ecclesiae
1429 1353 1597 1439 provideat
1613 1353 1838 1440 presbyterum

218 1460 286 1524 siae
300 1459 429 1524 novalia
441 1479 517 1523 rura
530 1459 722 1536 excoluerit,
739 1457 867 1522 decime
880 1458 999 1523 exinde
1053 1460 1189 1543 eiusque
1218 1457 1433 1522 conductum‘l
1463 1464 1495 1522 et
1523 1457 1564 1521 de
1588 1456 1703 1520 codem
1728 1456 1838 1520 elabo-

173 1578 199 1616 ¹⁰
218 1562 329 1627 debita
359 1563 511 1647 antiquae
544 1562 698 1626 reddatur
727 1562 897 1626 ecclesiae.
943 1562 1001 1627 sis
1054 1567 1125 1625 ratu
1149 1560 1292 1626 decimas
1316 1562 1422 1627 eidem
1447 1560 1608 1625 ecclesiae
1633 1560 1788 1624 conferat.

216 1687 293 1731 vero
310 1667 342 1730 in
357 1665 503 1751 qualibet
519 1665 602 1730 silva
614 1666 665 1729 vel
682 1665 812 1730 deserto
829 1667 902 1730 loco
916 1668 1002 1731 ultre

217 1768 353 1833 miliaria
376 1767 423 1832 IV
440 1776 496 1832 aut
512 1769 543 1832 V
560 1768 611 1832 vel
639 1791 678 1833 eo
708 1770 847 1854 amplius
872 1769 1002 1855 aliquod

216 1873 358 1938 dirutum
382 1871 661 1936 conlaboraverith
685 1880 717 1936 et
740 1873 804 1937 illic
828 1875 1052 1938 consentiente
1069 1873 1223 1958 episcopo
1240 1872 1414 1936 ecclesiam
1432 1875 1650 1936 construxerit
1674 1879 1708 1936 et
1724 1893 1837 1936 conse-

217 1985 339 2042 cratam
356 1976 602 2061 perpetraverit,
619 1977 796 2062 prospiciat
812 1978 1039 2063 presbyterum
1058 1976 1098 2041 ad
1115 1976 1282 2039 servitium
1299 1975 1360 2040 Dei
1379 1975 1532 2041 idoneum
1549 1983 1582 2040 et
1597 1976 1790 2054 studiosum,
1809 1983 1842 2040 ct

120 2103 122 2110 ’
173 2098 199 2136 ¹⁵
216 2085 293 2144 tunc
316 2079 447 2144 demum
471 2079 763 2144 nonamdecimam
781 2101 885 2146 novae
910 2081 1023 2146 reddat
1038 2081 1213 2157 ccclesiae,
1237 2079 1329 2143 salva
1352 2077 1476 2143 temen¹
1497 2087 1661 2166 potestate
1685 2079 1840 2166 episcopi.

326 2198 501 2285 Cap.·15.
557 2199 612 2265 De
646 2202 867 2287 sepultura
903 2223 1002 2266 mor·
1397 2199 1506 2286 (iba.)

217 2311 379 2369 tuorum.
418 2303 537 2367 Restat
552 2310 685 2390 propter
699 2305 886 2383 instantem,
903 2303 1003 2390 quaeb
1100 2304 1284 2369 Mortuum*
1297 2304 1437 2390 sepelire
1454 2325 1532 2369 sane
1550 2326 1612 2369 non
1629 2305 1661 2368 in
1679 2305 1742 2369 alic
1758 2305 1842 2372 loco.

218 2416 295 2473 tunc
313 2408 456 2472 maxima
473 2407 644 2486 occurriti’,
661 2409 906 2490 necessitatem,
929 2409 1001 2472 ubi·
1055 2409 1117 2473 nisi
1134 2407 1219 2495 apud
1233 2407 1416 2486 ecclesiam,
1432 2407 1488 2471 ubi
1507 2408 1603 2472 sodes
1620 2414 1671 2472 est
1684 2407 1841 2492 episcopi,

217 2559 393 2615 distribuite'.
434 2561 495 2630 lpse
524 2577 573 2630 per
594 2560 760 2630 prophetam
784 2559 923 2628 loquitur:
951 2559 1094 2614 ‘Inferte“
1116 2577 1226 2614 omnem
1251 2560 1386 2615 decimam
1410 2559 1439 2614 in
1463 2560 1591 2614 horreum
1616 2578 1721 2626 meum,
1749 2562 1782 2613 ut
1806 2559 1843 2612 sit

174 2658 201 2698 ιο
219 2645 296 2700 cibus
315 2646 343 2699 in
362 2647 444 2701 domo
463 2663 537 2712 mea;
557 2648 586 2699 et
604 2645 721 2715 probata
740 2645 831 2699 mein
850 2644 907 2712 his,
926 2643 996 2699 dicit
1015 2644 1165 2699 Dominus'.
1203 2645 1304 2701 Paulus
1323 2647 1466 2717 apostolus
1484 2647 1567 2701 dicit:
1594 2647 1674 2700 ‘De”
1693 2647 1758 2700 filiis
1778 2646 1844 2700 Levi

216 2733 401 2788 sacerdotium
425 2732 595 2802 accipientes
620 2732 781 2785 mandatum
812 2731 918 2785 babent
945 2731 1066 2786 decimas
1089 2749 1197 2786 sumere
1221 2749 1237 2786 a
1261 2734 1366 2804 populo
1395 2732 1546 2788 secundum
1575 2734 1679 2804 legem,
1707 2734 1736 2787 id
1762 2736 1805 2787 est
1828 2751 1844 2786 a

216 2821 348 2875 fratribus
372 2821 436 2875 suis.
474 2820 595 2874 Hilarem
604 2824 627 2854 '⁸
650 2819 725 2874 enim
751 2820 876 2873 datorem
894 2819 992 2888 diligit
1014 2819 1164 2874 Dominus'.
1207 2820 1337 2875 Salomon
1356 2819 1440 2874 dicit:
1463 2819 1561 2874 ‘alliu
1579 2820 1712 2874 dividunt
1729 2819 1843 2890 propria

217 2910 245 2960 et
262 2907 377 2962 ditiores
396 2907 478 2970 liunt,
502 2905 552 2960 alii
571 2906 687 2976 rapiunt
711 2923 766 2960 non
789 2924 839 2961 sua
861 2910 890 2960 et
912 2924 1021 2976 semper
1042 2907 1072 2961 in
1095 2910 1221 2977 egestate
1245 2910 1326 2963 sunt'.
1368 2909 1443 2963 lesus
1461 2907 1534 2962 tilius
1553 2907 1639 2976 Syrac
1656 2907 1738 2963 dicit:
1757 2908 1846 2962 ‘ln¹⁰⁰

216 2995 291 3049 omni
310 2995 379 3048 datu
392 2993 509 3048 hilarem
528 2993 571 3047 fac
584 2993 693 3048 vultum
710 2997 739 3048 et
756 2994 785 3047 in
805 2994 978 3048 exultatione
996 2994 1139 3048 sanctifica
1157 2994 1278 3048 decimas
1297 2997 1368 3049 tuas.
1409 2995 1450 3048 Da
1468 2995 1606 3049 altissimo
1625 2996 1776 3050 secundum
1795 2995 1845 3047 da·

173 3099 198 3138 ιι
216 3084 276 3136 tum
295 3081 354 3135 eius
373 3084 401 3135 et
419 3081 448 3134 in
467 3080 539 3134 bono
558 3079 638 3135 oculo
662 3080 889 3136 adinventionem
908 3081 993 3136 facito
1012 3099 1143 3137 manuum
1166 3086 1288 3147 tuarum,
1312 3083 1444 3151 quonium
1469 3083 1603 3137 Dominus
1627 3083 1783 3137 retribuens
1803 3085 1846 3136 est

217 3171 246 3222 et
263 3167 365 3238 septies
385 3169 495 3221 tantum
515 3166 614 3219 reddet
629 3165 701 3221 tibi'.
743 3168 916 3238 Augustinus
934 3167 1017 3222 dicit:
1043 3167 1198 3222 ‘Decimam
1217 3169 1291 3224 enim
1309 3169 1417 3224 tributa
1433 3173 1499 3224 sunt
1520 3169 1663 3240 egentium
1684 3169 1841 3223 animarum

217 3253 321 3320 Quodsi
339 3253 476 3308 decimam
495 3251 618 3318 dederis,
641 3269 696 3307 non
716 3253 803 3307 solum
823 3254 1025 3308 abundantiam
1050 3255 1162 3324 frugum
1189 3256 1319 3325 recipies,
1345 3256 1392 3311 sed
1416 3257 1501 3310 etiam
1526 3256 1675 3310 sanitatem
1699 3273 1843 3325 corporum

216 3342 400 3410 consequeris.
437 3340 571 3395 Dominus
590 3341 665 3394 enim
685 3345 785 3400 noster.
805 3343 853 3411 qui
871 3342 1005 3412 dignatus
1025 3346 1067 3397 ert
1085 3346 1176 3398 toturn
1197 3343 1272 3405 dare,
1291 3342 1426 3398 decimam
1445 3361 1462 3396 a
1480 3342 1560 3397 nobis
1573 3342 1707 3412 dignatur
1719 3343 1845 3411 repetere

216 3445 271 3483 non
290 3427 353 3494 sibi,
371 3428 418 3482 sed
438 3427 518 3482 nobis
536 3427 595 3481 sine
613 3426 700 3481 dubio
713 3427 895 3498 profuturam.
933 3428 1011 3484 Unde
1031 3429 1167 3499 propbeta
1179 3429 1260 3484 dicit:
1285 3429 1465 3484 “Primitius²
1483 3445 1564 3483 areae
1578 3431 1643 3482 tuae
1656 3431 1685 3482 et
1697 3426 1845 3482 torcularis

173 3532 200 3570 so
216 3515 259 3569 tui
283 3532 338 3568 non
361 3514 486 3568 tardabis
509 3513 607 3568 offerre
630 3513 724 3567 inibi'.
772 3514 801 3568 Si
825 3515 932 3569 tardius
958 3515 1024 3570 dare
1051 3519 1197 3584 peccatum
1223 3521 1278 3580 est,
1306 3519 1442 3585 quantum
1467 3516 1546 3585 peius
1575 3533 1630 3570 non
1655 3515 1776 3568 dedisse!
1808 3515 1846 3568 De

216 3601 357 3672 primitiis.
376 3601 553 3669 denegetis,
573 3599 607 3654 de
626 3601 745 3655 artificio
763 3602 847 3656 redde
866 3601 995 3656 decimas.
1032 3602 1102 3656 Cum
1128 3602 1202 3656 euim
1228 3590 1349 3657 decimas
1375 3602 1468 3656 dando
1492 3607 1521 3658 et
1539 3607 1649 3657 terrena
1668 3605 1696 3655 et
1714 3602 1847 3657 coelestia

218 3688 305 3758 possis
327 3705 442 3742 munera
461 3687 623 3757 promereri,
653 3704 739 3755 quare
762 3705 812 3758 per
829 3688 976 3743 avaritiam
1003 3688 1108 3758 duplici
1133 3691 1161 3742 te
1185 3688 1378 3743 benedictione
1402 3689 1570 3744 defraudas?
1606 3689 1681 3742 Haec
1704 3689 1779 3742 enim
1803 3691 1846 3743 est

217 3774 328 3830 Domini
347 3774 500 3830 iustissima
518 3774 703 3837 consuetudo,
726 3777 772 3838 ut,
792 3774 814 3828 si
833 3778 865 3828 tu
886 3775 929 3829 illi
947 3776 1084 3830 decimam
1103 3793 1159 3830 non
1177 3775 1299 3834 dederis,
1318 3779 1350 3828 tu
1368 3775 1404 3830 ad
1424 3776 1559 3830 decimam
1578 3776 1722 3832 revoceris.
1760 3775 1844 3830 Dabis

218 3862 305 3932 impio
324 3861 421 3928 militi,
439 3862 513 3930 quod
532 3878 589 3916 non
608 3860 649 3916 vis
672 3861 739 3916 dare
757 3861 902 3916 sacerdoti.
949 3862 1115 3916 Beneiscers
1134 3862 1267 3917 Dominus
1290 3879 1399 3932 seraper
1417 3865 1531 3933 paratus
1550 3865 1607 3926 est,
1635 3861 1681 3916 sed
1701 3862 1844 3916 hominum

176 3963 201 4002 ss
219 3949 329 4003 malitia
347 3947 519 4018 prohibetur.
563 3947 692 4002 Decimae
716 3948 790 4002 enim
813 3965 846 4002 ex
871 3947 967 4002 debito
992 3949 1172 4017 requiruntur
1195 3952 1224 4002 et
1247 3949 1296 4017 qui
1317 3965 1363 4003 eas
1381 3941 1448 4003 dare
1467 3949 1597 4012 noluerit,
1616 3965 1659 4002 res
1678 3948 1784 4002 alienas
1803 3948 1846 4002 in·

218 4035 305 4090 vadit.
341 4033 379 4089 nt
397 4035 496 4103 quanti
516 4051 652 4104 pauperes
675 4034 703 4088 in
727 4034 809 4094 locis.
838 4034 886 4088 ubi
904 4034 964 4104 ipse
981 4034 1106 4098 habitat,
1134 4035 1182 4088 illo
1202 4034 1323 4089 decimas
1342 4053 1397 4089 non
1416 4036 1502 4090 dante
1521 4036 1595 4090 lame
1613 4035 1715 4089 mortui
1734 4035 1847 4096 suerint,

219 4125 360 4176 motorum
382 4119 595 4176 homicidiorum
620 4138 682 4175 reus
707 4125 773 4176 ante
793 4120 917 4174 tribunal
939 4120 1046 4174 aeterni
1071 4120 1172 4175 indicis
1190 4121 1346 4190 apparebit.
1392 4121 1446 4187 Qui
1465 4139 1531 4191 ergo
1550 4121 1603 4176 sibi
1622 4125 1673 4176 aut
1693 4122 1845 4190 praemium

219 4225 378 4279 comparare
402 4210 453 4262 ant
475 4212 653 4278 peccatorum
678 4208 819 4263 desiderat
837 4207 1044 4276 indulgentiam
1062 4207 1225 4277 promereri,
1245 4208 1342 4263 reddat
1360 4207 1481 4263 decimas
1501 4211 1530 4262 et
1547 4207 1582 4262 de
1601 4224 1699 4262 novem
1719 4209 1847 4278 partibus

219 4296 332 4350 student
350 4295 555 4364 eleemosynam
575 4295 659 4348 dare'.

176 4462 203 4500 to
324 4435 363 4489 14.
399 4436 426 4501 ιι)
439 4437 637 4489 luTriburicusi
649 4437 766 4488 concilio.
792 4439 831 4487 Dc
844 4437 975 4488 novalium
988 4437 1092 4488 decimis
1103 4437 1212 4488 rurba-‚in
1223 4436 1330 4494 seusu.-
1343 4438 1465 4488 Arnoll'us
1478 4435 1847 4503 impraemeditatius.

220 4522 311 4576 11628.
398 4522 427 4591 b)
444 4524 547 4576 Placuit
629 4540 755 4574 canonum
774 4541 822 4573 om.
841 4522 945 4574 Monac.
968 4520 1058 4574 14628.
1146 4521 1171 4584 c)
1190 4539 1238 4574 om.
1256 4523 1289 4574 id.
1389 4523 1417 4588 d)
1436 4524 1503 4575 sicut
1584 4524 1735 4590 capllVll.
1752 4522 1849 4574 osmid.

219 4613 244 4676 e)
257 4610 361 4662 Initium
381 4611 440 4661 novi
457 4611 548 4676 cupitis
564 4611 592 4660 ιἰι
605 4608 701 4661 Soliab.
784 4611 805 4672 1)
824 4617 900 4676 prout
917 4609 954 4659 ibi
966 4609 1060 4675 legitur
1079 4608 1141 4659 odd.
1161 4606 1185 4660 3.
1204 4607 1232 4670 43
1248 4609 1336 4674 plasea
1354 4609 1467 4660 interlita
1487 4610 1514 4659 ι’-ιι
1535 4608 1556 4660 1.
1574 4608 1605 4672 23
1623 4617 1649 4660 et
1667 4609 1729 4660 odd.
1743 4608 1848 4661 Monac.

221 4695 312 4750 14628.
370 4697 399 4765 g)
413 4699 694 4765 Arnolfusimpcrator.
725 4698 751 4749 Si
765 4697 822 4763 quis
835 4695 1012 4748 vcroMoaao.
1026 4693 1117 4747 14628.
1188 4697 1216 4758 b)
1229 4697 1384 4748 laboraverit
1395 4695 1498 4746 Monac.
1510 4693 1585 4746 3853.
1658 4694 1677 4758 i)
1691 4713 1739 4747 cm.
1754 4695 1849 4747 Satist.

324 4782 386 4834 lta.
424 4783 478 4850 (ὅν.
498 4782 557 4834 ch.
571 4782 630 4848 111,
649 4801 690 4834 or.
707 4782 746 4834 12.
761 4781 801 4835 1³.
879 4784 905 4846 ιι)
924 4784 1039 4849 Capiti.
1069 4784 1099 4833 ln
1112 4784 1224 4834 Saxonis
1242 4792 1268 4834 et
1279 4783 1405 4850 'l'uringia
1417 4781 1531 4834 decimae
1543 4783 1685 4846 antiquitus
1697 4783 1850 4834 constitutae

176 4893 202 4932 st
220 4871 363 4934 (constetne
376 4869 407 4934 c.)
420 4879 555 4921 serventur
566 4870 704 4922 sidentur.
741 4872 771 4920 In
784 4870 895 4921 Francia
907 4876 992 4920 autem
1006 4870 1039 4920 ad
1052 4870 1173 4934 antiquas
1185 4869 1279 4921 dentur
1293 4869 1421 4920 ecclesias.
1457 4869 1490 4920 Et
1508 4869 1534 4919 in
1553 4870 1657 4921 novalia
1675 4869 1737 4920 add.
1752 4868 1851 4932 Discum

218 4958 336 5024 Synodus
357 4956 485 5008 Liutberti
506 4956 577 5023 apud
600 4957 759 5024 Mogontiaco
782 4958 855 5008 mbr.
877 4957 904 5008 ιἰι
931 4957 999 5016 Gol.,·
1025 4957 1133 5019 Quando
1158 4957 1252 5021 aliquis
1285 4956 1375 5008 novule
1398 4956 1595 5008 collaboraverit
1620 4957 1679 5023 plus
1703 4958 1727 5008 ll
1752 4957 1795 5008 vel
1813 4959 1850 5008 lll

217 5059 263 5096 scu
290 5044 325 5093 1v
352 5043 471 5094 milliaris
493 5044 520 5093 in
546 5042 616 5096 saltu
644 5043 715 5095 rubr.
743 5061 786 5109 ap.
815 5042 876 5108 Req.
982 5041 1010 5106 1))
1037 5043 1160 5110 antiquae
1185 5043 1308 5095 ecclesiae
1334 5042 1416 5094 Dima.
1521 5042 1546 5104 cl
1563 5043 1788 5095 conlaboraverint
1814 5043 1850 5093 iu.

217 5131 245 5192 d)
264 5128 396 5182 conductu
415 5129 446 5180 de
464 5128 526 5196 Περ,

324 5215 364 5267 15.
400 5216 427 5280 ιι)
447 5216 501 5267 Sub
520 5215 626 5267 Arnollo
645 5216 796 5282 imperatore
814 5212 1168 5268 rubr.iull{oooc.14628.
1257 5213 1284 5278 1))
1303 5231 1371 5282 quae
1390 5254 1396 5266 .
1413 5253 1439 5266 ..
1459 5216 1570 5267 occurrit
1589 5232 1636 5266 mn.
1656 5215 1691 5267 ici.

179 5329 204 5368 ω
326 5301 384 5354 lira
421 5302 476 5370 CJr.
498 5300 560 5354 Tau.
574 5300 634 5370 ΙΙΙΙ,
650 5320 692 5353 ur.
707 5301 747 5354 lt.
768 5301 810 5356 15.
896 5301 922 5368 ι)
940 5304 1054 5370 Capvl.
1073 5303 1213 5370 praemittit
1231 5302 1319 5362 Diem
1338 5304 1387 5355 Ubi
1412 5319 1518 5370 corpora
1543 5302 1657 5355 fidelium
1683 5303 1851 5369 sepeliantur.

221 5390 261 5440 lix
279 5387 387 5441 concilio
400 5387 561 5438 Triburisnsi
580 5403 635 5455 cap.
647 5389 716 5440 Vlll.
734 5389 807 5441 rubr.
824 5391 852 5440 ia
870 5388 978 5440 Helmst.

324 5524 370 5594 91))
386 5523 462 5578 Ocno.
477 5521 596 5577 Oltalccd.
608 5539 630 5578 c.
641 5525 682 5591 11,
697 5525 792 5578 Massi
803 5524 865 5592 VIL
878 5526 924 5580 col.
934 5525 999 5586 37&
1019 5525 1070 5590 cfr.
1083 5525 1159 5578 diam
1170 5525 1269 5594 Ancep.
1283 5524 1325 5592 11,
1336 5541 1358 5579 c.
1366 5525 1408 5593 34,
1423 5529 1482 5580 tom¹
1496 5524 1519 5590 I,
1529 5542 1560 5594 p.
1570 5524 1630 5579 422.
1719 5525 1763 5589 96)
1789 5522 1852 5576 Μα-

221 5627 287 5682 lnclr.
305 5629 330 5691 3,
342 5629 382 5681 10.
453 5627 497 5692 91)
516 5627 617 5683 Ebrac.
637 5630 695 5695 7,.1.
770 5629 814 5697 911)
833 5631 857 5684 2.
873 5628 991 5684 (limata
1009 5631 1035 5696 9,
1045 5630 1068 5683 ’1.
1151 5629 1195 5697 99)
1214 5628 1293 5684 Proo.
1314 5631 1355 5696 ll,
1365 5628 1406 5684 24.
1490 5629 1552 5698 100)
1574 5627 1670 5683 Eccles.
1688 5629 1729 5694 db,
1742 5629 1851 5682 11-13.

226 5734 249 5800 1)
270 5730 376 5798 (lamio,
395 5749 465 5800 quoae
482 5738 640 5800 seqrcrmtur,
659 5737 778 5801 eccemrto
796 5737 859 5786 accat
876 5747 909 5786 ac
926 5733 1075 5801 Ariprsstiai
1092 5748 1208 5786 morse
1225 5737 1279 5787 aot.
1292 5733 1333 5786 88.
1353 5734 1440 5786 citato.
1529 5733 1558 5800 2)
1578 5731 1667 5786 dicad.
1686 5732 1779 5798 eum.
