4552 6420
424 489 486 552 530
880 481 1096 537 HINCMARUS
1115 482 1162 536 DE
1181 481 1319 538 ORDINE
1338 482 1485 536 PALATII
1507 501 1529 539 o.
1543 485 1586 540 31.

538 657 617 742 Cap.
642 658 694 720 37.
748 655 828 719 Post
866 654 937 735 illa,
971 675 1054 740 quae
1093 657 1126 718 in
1158 654 1283 739 synodo
1323 656 1408 740 apud
1439 656 1629 742 martyrium
1664 656 1807 722 Sanctae
1841 655 1974 722 Maurae
2006 655 2047 720 de

425 761 583 826 maiorum
607 757 892 825 constitutionibus
918 758 1057 824 oolleota
1079 763 1112 822 et
1136 758 1204 841 regi
1220 756 1414 823 Hludowioo
1436 779 1541 843 nuper
1556 749 1747 824 delunoto²²
1768 758 1859 823 luere
1878 749 2047 834 direeta²³‚

427 863 509 929 huso
533 863 573 928 de
598 861 710 927 ordine
734 860 848 945 palatii
872 867 905 924 et
920 860 1134 945 dispositione
1156 861 1249 944 regui
1271 860 1365 926 vobis
1389 860 1430 924 ad
1453 862 1692 926 institutionem
1715 863 1808 928 istius
1832 862 1920 946 regis
1944 862 2046 926 nostri

425 986 463 1032 ao
488 965 707 1030 ministrorum
732 964 802 1028 eius
826 963 982 1048 regnique
1005 964 1218 1048 provisorum,
1248 963 1332 1027 siout
1355 963 1482 1049 seriptis
1510 971 1543 1028 et
1566 965 1674 1029 verbis
1704 964 1867 1029 seniorum
1891 962 1990 1029 diditi
2013 970 2048 1028 at

426 1069 497 1152 ipse
514 1067 621 1132 adhue
643 1061 676 1130 in
692 1064 915 1130 adolescentia
930 1085 1005 1130 mea
1020 1064 1095 1144 vidi,
1119 1064 1237 1128 devote
1261 1065 1398 1128 iussioni
1413 1071 1542 1131 vestrae
1562 1065 1718 1130 obediens
1735 1064 1847 1131 obtuli.
1882 1065 2046 1131 Personas
2086 1095 2099 1134 r

425 1175 535 1236 autem
564 1169 733 1233 hominurn
762 1174 795 1232 et
822 1189 933 1232 mores
961 1167 1196 1253 aequalitates
1225 1167 1369 1244 illorum,
1397 1188 1457 1252 per
1480 1189 1575 1252 quos,
1606 1169 1634 1232 si
1658 1169 1768 1252 aliqua
1790 1175 1866 1232 sunt
1889 1167 2046 1253 collapsa,

422 1273 645 1349 restituantur,
669 1278 779 1336 vestra
802 1270 948 1335 sollertia
967 1268 1166 1355 providebit3
1189 1270 1343 1354 quoniam
1367 1269 1407 1334 de
1430 1269 1493 1350 his,
1516 1291 1599 1354 quos
1622 1278 1768 1354 tempore
1791 1269 1902 1334 domni
1918 1269 2045 1334 Hludo-

424 1374 497 1439 wioi
526 1374 732 1460 imperatoris
762 1373 827 1438 vidi
859 1373 972 1458 palatii
1002 1377 1231 1456 procuratores
1263 1378 1296 1436 et
1325 1373 1416 1457 regni
1448 1373 1647 1457 praelautos,
1677 1374 1840 1438 neminem
1871 1373 1939 1436 snio
1971 1394 2046 1438 esso

424 1478 651 1561 superstitem
675 1477 743 1540 snio
767 1475 935 1541 tumendo
958 1475 1084 1539 illorum
1107 1475 1281 1540 nobilitate
1305 1465 1433 1540 natos²4
1455 1496 1513 1560 pro
1530 1478 1678 1561 patribus
1701 1475 1795 1554 filios,
1818 1476 1896 1540 lioet
1916 1475 2046 1540 illorum

421 1600 529 1644 mores
558 1578 792 1663 aequalitates
820 1578 978 1662 ignorem.
1022 1575 1092 1661 Ipsi
1122 1597 1198 1640 vero
1227 1583 1417 1662 procurent,
1443 1585 1568 1642 utnon
1597 1580 1662 1644 sint
1691 1579 1834 1644 moribus
1864 1598 1902 1642 ao
1926 1579 2044 1642 virtute
2074 1611 2098 1652 ω

424 1688 523 1766 atquo
546 1701 604 1766 pro
621 1680 739 1746 aetatis
756 1681 938 1765 quantitate
953 1679 1007 1744 vel
1022 1681 1178 1765 temporis
1194 1680 1350 1765 qualitate
1367 1682 1530 1767 sapientia
1552 1689 1584 1746 et
1600 1682 1716 1747 studiis
1738 1682 1831 1746 bonis
1847 1679 2047 1765 degeneres3

422 1789 582 1868 quatenns
613 1785 729 1848 merito
759 1787 889 1868 patrum
923 1782 995 1846 looa
1022 1788 1055 1846 et
1084 1782 1192 1846 officia
1219 1784 1396 1868 suppleant
1423 1791 1457 1850 et
1485 1805 1519 1849 se
1549 1785 1582 1849 in
1611 1786 1683 1871 ipsa
1713 1784 1919 1871 suppletione
1952 1789 2045 1848 caute

424 1886 619 1966 custodiant,
648 1883 722 1964 ‘ne'‚
754 1891 789 1949 ut
813 1891 945 1950 sanetus
970 1883 1149 1969 Gregorius
1173 1877 1296 1966 dioitffi,
1328 1888 1372 1951 ‘in
1395 1887 1533 1954 eulmine
1556 1887 1688 1952 honoris
1711 1889 1808 1974 positi
1836 1908 1897 1952 usu
1919 1887 2045 1970 gloriae

421 1985 670 2074 permutentur,
694 1988 779 2052 siout
802 1986 892 2065 Saul,
916 1986 971 2071 qui
994 1987 1085 2072 prius
1108 1989 1140 2051 in
1163 1988 1323 2052 electione
1347 1988 1480 2058 honoris
1496 1991 1604 2060 extitit
1626 1991 1769 2070 humilis,
1793 1996 1909 2075 postea
1932 2010 2045 2074 repro-

422 2091 493 2156 bari
518 2091 637 2158 meruit
658 2096 792 2176 propter
814 2090 989 2154 elationem
1012 2091 1156 2156 tumoris.
2074 2126 2097 2164 n

527 2260 572 2327 22)
591 2260 626 2314 s.
639 2259 698 2326 aso,
715 2257 758 2313 on
775 2261 800 2313 5.
820 2277 852 2312 m.
865 2260 982 2327 Amet.
1070 2261 1116 2326 os)
1135 2259 1236 2330 nynou.
1250 2277 1294 2330 ap.
1308 2259 1334 2313 o.
1349 2261 1472 2314 Macram
1489 2261 1548 2328 ssi,
1567 2276 1587 2314 c.
1601 2263 1626 2327 5,
1645 2260 1740 2314 Mans
1756 2239 1917 2340 norico.
1930 2263 1979 2317 541
1989 2277 2043 2329 sqq.

418 2361 464 2429 24)
484 2359 540 2427 Csr.
554 2360 653 2416 Paalm.
665 2361 707 2429 44,
722 2362 769 2415 17.-
787 2363 840 2416 Pro
859 2361 986 2430 patribus
1004 2361 1061 2414 tuis
1080 2362 1141 2415 nati
1159 2364 1225 2416 sunt
1241 2362 1295 2417 tibi
1313 2362 1372 2416 filii.
1459 2363 1504 2429 25)
1523 2361 1560 2415 In
1575 2361 1697 2431 Groyorr't‘
1710 2361 1885 2418 Commentor.
1903 2364 1933 2416 in
1946 2366 1968 2417 1.
1980 2363 2043 2432 Rep.

417 2479 439 2518 c.
452 2465 492 2532 15,
510 2467 541 2516 ot
556 2463 597 2517 uit
614 2463 744 2531 Βιιεαειω,
763 2463 826 2517 hoec
842 2463 918 2518 aerbo
935 2463 977 2518 ito
994 2479 1049 2517 non
1068 2464 1207 2532 loquentum
1224 2464 1272 2530 cfr.
1291 2479 1351 2518 vero
1369 2464 1413 2519 lib.
1425 2463 1471 2530 VI,
1490 2465 1565 2531 alil,
1586 2463 1676 2533 Opera
1694 2464 1746 2532 IV,
1764 2466 1811 2520 ool.
1826 2466 1886 2521 365.
