4590 6420
371 438 618 495 CAPITULARIA
636 439 763 496 REGUM
781 440 964 495 assuctus
982 435 1244 493 ocemuurnhls
1263 437 1566 508 (KAROLOMANNI).
1585 467 1618 477 -
1637 436 1685 492 Nr.
1696 437 1756 494 287.
1815 440 1877 524 3173

370 619 399 680 l.
434 612 592 679 Placuit¹¹²
608 615 707 680 etiam
723 615 817 681 nobis
834 622 868 681 et
882 613 1034 680 fidelibus
1049 613 1178 688 nostris,
1201 617 1246 694 ut,
1268 613 1463 698 quicumque
1478 612 1562 676 infra
1578 633 1714 698 regnum
1729 617 1877 677 nostrum
1895 619 1956 674 884.

262 716 383 802 aliquid
407 718 551 803 rapuerit
574 724 630 782 aut
653 716 869 802 depraedatus
892 717 1001 796 fuerit,
1025 715 1134 781 omnia
1155 717 1188 778 in
1211 715 1342 801 triplum
1359 723 1530 803 componat
1552 723 1586 782 et
1608 719 1752 784 bannum
1775 717 1877 784 domi·

261 823 369 887 uicum
398 821 567 908 persolvat
595 826 629 886 et
658 821 794 907 insuper
822 821 986 909 publicam
1014 820 1249 907 poenitentiam
1279 820 1354 883 inde
1383 820 1497 899 faciat,
1533 821 1618 885 siout
1645 823 1677 885 in
1708 820 1879 907 capitulari

262 933 506 991 antecessorum
531 917 762 991 continetur14.
807 925 842 990 Si
872 933 986 1010 autem·
1012 926 1145 990 colonus
1174 930 1231 989 aut
1261 945 1376 990 servus
1398 924 1511 1005 fuerit,
1539 925 1689 990 similiter
1717 925 1823 990 omnia
1845 925 1878 988 in

232 1045 243 1082 ⁵
263 1031 395 1116 triplum
419 1036 595 1115 componat
617 1037 675 1094 aut
698 1029 848 1094 dominus
870 1051 929 1116 pro
953 1050 1004 1110 eo,
1028 1029 1202 1113 sexaginta
1229 1029 1313 1093 ictus
1342 1028 1428 1093 bene
1455 1049 1588 1114 pressos
1611 1029 1751 1116 accipiat
1774 1035 1807 1094 et
1828 1029 1878 1093 in-

263 1154 362 1218 super
384 1132 549 1218 publicam
572 1134 811 1219 poenitentiam
834 1133 910 1198 inde
934 1140 1025 1217 agat;
1054 1133 1146 1197 cuius
1170 1131 1285 1198 modus
1309 1133 1371 1196 erit
1393 1133 1426 1196 in
1450 1133 1710 1198 consideratione
1735 1131 1878 1218 episcopi

263 1236 441 1300 secundum
465 1237 682 1321 quantitatem
705 1238 799 1314 facti,
828 1237 904 1323 quia
931 1237 1163 1302 fornicationes
1192 1243 1225 1300 et
1254 1235 1416 1301 adulteria
1437 1244 1534 1323 atque
1558 1235 1732 1302 homicidia
1753 1256 1879 1302 necnon

264 1339 423 1418 incendia,
447 1337 624 1404 ebrietates
648 1340 776 1424 aliaque
800 1341 994 1426 quamplura
1016 1341 1096 1404 vitia
1123 1338 1243 1404 exinde
1272 1339 1440 1426 prodeunt.
1492 1339 1621 1425 siquis
1645 1346 1754 1406 autern
1778 1361 1879 1425 nega-

264 1444 349 1508 verit
370 1442 508 1526 factum,
533 1445 560 1508 si
584 1443 811 1529 comprobatus
836 1464 899 1508 non
922 1444 1035 1524 fuerit,
1065 1445 1195 1531 propria
1223 1437 1357 1508 ιιιιιιιιι15
1380 1445 1562 1510 iuramento
1591 1445 1880 1518 cenomannicae

221 1565 247 1602 1⁰
265 1554 404 1634 excepto
426 1548 548 1612 nostris
570 1548 676 1612 vassis
705 1546 891 1628 dominicis,
922 1570 981 1635 pro
1010 1548 1126 1632 quibus
1155 1548 1284 1612 illorum
1313 1548 1461 1614 homiues
1488 1549 1642 1614 meliores
1665 1551 1880 1614 iuramentum

265 1643 498 1736 persolventffi.
544 1650 618 1716 Hoc
642 1671 719 1715 vero
743 1672 817 1716 cum
841 1671 968 1715 summa
991 1649 1162 1736 diligentia
1184 1650 1241 1714 tali
1264 1649 1358 1714 modo
1381 1651 1618 1738 procurabitur.

373 1761 402 1822 5.
436 1754 630 1843 Episcopus,
654 1757 687 1820 in
711 1756 803 1820 cuius
827 1754 996 1842 parrochia
1024 1755 1141 1841 aliquis
1170 1755 1354 1820 consistens
1382 1753 1504 1841 aliquid
1533 1755 1752 1841 depraedatus
1774 1756 1881 1836 fuerit,

265 1852 403 1924 semel17
426 1867 459 1923 et
482 1860 531 1925 bis
554 1866 652 1945 etque
669 1860 783 1942 tertio,
808 1861 836 1924 si
851 1880 989 1924 necesse
1006 1859 1114 1940 fuerit,
1137 1859 1267 1924 vocabit
1288 1859 1379 1924 illum
1396 1881 1455 1924 sua
1471 1859 1690 1925 admonitione
1705 1881 1764 1948 per
1788 1881 1880 1924 snum

265 1964 493 2050 presbyterum
511 1963 667 2030 canonice
683 1964 725 2029 ad
740 1963 1000 2029 emendationem
1031 1965 1119 2028 sire⁰
1142 1962 1196 2027 adi
1219 1963 1507 2049 compositionem⁰
1531 1969 1564 2028 et
1580 1964 1620 2028 ad
1636 1965 1882 2050 poenitentiam,

223 2084 247 2122 ¹⁵
266 2075 302 2132 ut
323 2068 395 2134 Deo
419 2075 453 2133 et
475 2069 636 2136 ecclesiae
660 2068 855 2146 satisfaciat,
885 2077 1002 2153 quaml
1030 2067 1135 2131 laesit.
1181 2065 1217 2131 Si
1240 2073 1350 2132 autem
1379 2066 1569 2154 despexerit
1590 2075 1688 2154 atque
1712 2075 1881 2154 contemp-

265 2173 345 2237 serit
380 2173 473 2237 eiua‘l
505 2171 757 2236 admonitionem
790 2177 887 2256 atqua
922 2170 1171 2235 saluberrimam
1203 2170 1444 2250 invitationem,
1478 2171 1574 2236 feriat
1606 2172 1697 2237 illum
1728 2170 1883 2260 pastorali

265 2277 370 2362 virga,
401 2275 463 2340 hoc
497 2282 548 2340 est
580 2275 741 2340 sententia
775 2274 1137 2355 excommunicationis,
1174 2280 1210 2339 ut
1237 2296 1256 2338 a
1290 2277 1517 2340 communione
1554 2283 1686 2342 sanctae
1722 2276 1883 2342 ecclesiae

266 2380 473 2464 omniumque
498 2379 745 2444 christianorum
770 2378 812 2441 sit
829 2383 1000 2466 separatus
1023 2399 1126 2464 usqua
1150 2377 1191 2441 ad
1208 2399 1383 2464 congruam
1400 2380 1656 2446 satisfactionem
1679 2386 1713 2445 et
1735 2379 1884 2466 dignam‘l

268 2482 540 2551 emendationem.
597 2481 700 2556 Quam
730 2481 1102 2547 excommunicationem
1136 2480 1272 2546 debebit
1305 2481 1392 2547 idem
1424 2485 1596 2570 episcopus
1633 2485 1752 2549 seniori
1780 2485 1885 2549 illiusl

224 2608 249 2647 ao
268 2595 380 2651 notam
403 2587 513 2652 facere
537 2592 571 2651 et
594 2585 743 2650 omnibus
768 2587 835 2651 suis
858 2588 1067 2673 coepiscopis,
1089 2608 1130 2652 ne
1155 2607 1229 2651 eum
1245 2589 1406 2674 recipiant
1419 2610 1524 2675 usque
1547 2589 1605 2653 ad⁸
1621 2588 1884 2655 satisfactionem.

373 2695 404 2757 6.
437 2689 488 2755 De
515 2691 579 2755 illis
607 2696 729 2770 autem,
758 2691 814 2776 qui
839 2692 924 2756 infra
950 2691 1154 2777 parrochiam
1181 2691 1342 2758 beneficia
1370 2700 1403 2759 et
1433 2692 1579 2759 alodumt
1601 2712 1667 2757 non
1697 2692 1821 2757 habent
1852 2697 1885 2756 et

268 2795 406 2859 alterius
430 2795 574 2880 episcopi
598 2793 804 2880 parrochiani
828 2801 904 2859 sunt
927 2801 970 2875 et,
995 2795 1071 2859 dum
1095 2795 1136 2859 ad
1159 2803 1284 2861 curtem
1312 2803 1455 2884 pergunt
1476 2804 1534 2862 aut
1557 2796 1596 2861 de
1618 2797 1691 2861 loco
1715 2795 1757 2860 ad
1779 2797 1886 2860 locum

267 2899 330 2963 iter
355 2898 497 2979 faciunt,
526 2897 658 2984 rapinas
686 2905 719 2962 et
747 2897 1017 2983 depraedationes
1045 2899 1128 2964 infra
1155 2900 1360 2985 parrochiam
1391 2901 1529 2982 faciunt,
1563 2901 1685 2987 placuit
1707 2901 1801 2966 nobis
1830 2906 1886 2964 etu

266 3001 418 3067 fidelibus
434 3002 585 3082 nostris¹¹‚
608 3005 656 3081 ut,
680 3002 707 3065 si
730 3002 776 3065 ita
796 3023 897 3088 prope
915 3003 1106 3089 episcopum
1121 3003 1240 3068 fueritv
1256 3004 1387 3084 factum,
1410 3011 1447 3069 ut
1470 3006 1500 3070 ei
1524 3004 1735 3091 depraedatio
1758 3005 1885 3070 illorum

224 3127 249 3168 aa
268 3111 347 3170 nota
369 3106 440 3171 fieri
464 3105 583 3192 possit,
611 3112 785 3191 antequam
812 3106 1017 3191 parrochiam
1040 3107 1111 3172 eius
1136 3114 1271 3190 exeant,
1299 3109 1407 3173 mittat
1435 3115 1601 3174 strenuum
1631 3114 1664 3174 et
1693 3109 1887 3194 prudentem

267 3210 503 3296 presbyterum,
528 3211 609 3296 quiw
632 3231 691 3274 sua
706 3210 777 3276 vice
793 3212 1034 3278 rationabiliter
1048 3212 1121 3277 illos
1144 3212 1185 3277 ad
1202 3212 1460 3278 emendationem
1478 3219 1589 3289 vocet;
1612 3213 1646 3277 in
1662 3234 1725 3299 quo
1743 3214 1888 3298 superior

267 3313 384 3379 modus
408 3314 652 3400 compositionis
676 3321 710 3379 et
733 3314 970 3380 emendationis
993 3315 1188 3396 servabitur,
1211 3318 1239 3381 si
1255 3317 1362 3381 vocati
1377 3318 1491 3382 venire
1508 3317 1671 3382 voluerint
1680 3327 1704 3380 ¹.
1751 3315 1786 3380 si
1810 3337 1887 3380 vero

268 3419 472 3483 vocationem
496 3425 594 3504 atque
618 3420 885 3484 ammonitionem
909 3420 1053 3505 episcopi
1076 3419 1217 3504 superbe
1234 3421 1498 3506 contempserint,
1522 3421 1618 3486 simili
1642 3421 1806 3484 sententia
1828 3441 1887 3484 ex·

268 3522 572 3587 communicationis
595 3521 754 3587 feriantur
777 3543 841 3609 qua
864 3528 897 3586 et
918 3522 997 3602 illis,
1020 3521 1074 3608 qui
1097 3522 1184 3587 infra
1199 3523 1402 3609 parrochiam
1419 3545 1471 3588 res
1494 3531 1551 3589 aut
1565 3523 1726 3588 beneficia
1748 3522 1888 3593 habent:

225 3647 252 3684 so
271 3631 303 3690 at
325 3627 461 3712 insuper
483 3626 817 3704 excommunicentur,
841 3647 882 3690 ne
906 3631 1000 3690 extra
1023 3625 1229 3710 parrochiam
1245 3633 1376 3708 exeant,
1401 3634 1577 3713 antequam
1601 3629 1749 3714 superius
1767 3633 1889 3692 statuta

268 3730 479 3816 adimpleant.
531 3727 676 3802 Quorum
709 3729 1004 3796 excommunicatio
1041 3729 1160 3793 seniori
1196 3730 1325 3794 illorum
1359 3736 1392 3795 et
1424 3733 1554 3817 proprio
1588 3751 1701 3796 eorum
1734 3731 1888 3816 episcopo

268 3832 482 3918 significanda
505 3839 566 3914 est,
589 3854 630 3899 ne
655 3855 711 3898 eos
734 3833 902 3920 recipiant,
925 3837 1102 3917 antequam
1124 3832 1201 3897 illuc
1224 3832 1371 3915 redeant,
1394 3835 1451 3900 ubi
1474 3835 1619 3922 rapinam
1643 3836 1801 3916 fecerunt,
1825 3834 1888 3898 ibi·

269 3959 332 4024 quc
355 3938 496 4024 pleniter
516 3935 741 4002 emendentur.

378 4045 408 4108 7.
441 4040 485 4105 Et
512 4042 664 4128 quoniam
693 4042 857 4128 episcopi,
892 4043 946 4128 qui
974 4043 1094 4107 nostris
1123 4048 1157 4108 et
1185 4044 1252 4107 suis
1282 4047 1317 4108 et
1344 4042 1569 4108 communibus
1599 4043 1759 4108 ecclesiae
1789 4050 1886 4130 atque

227 4147 369 4211 storius
392 4145 484 4232 regni
507 4146 758 4211 necessitatibus
786 4147 935 4231 occupati
964 4152 1055 4224 sunt,
1086 4167 1151 4210 non
1180 4147 1289 4211 valent
1316 4151 1435 4211 cuncta
1466 4147 1547 4211 soli²
1575 4149 1776 4233 prospicere,
1804 4168 1888 4233 quae

271 4252 355 4316 infra
377 4251 459 4316 fines
482 4251 675 4336 parrochiae
699 4250 824 4314 illorum
849 4256 1093 4335 perpetrantur,
1118 4251 1305 4332 statuimus,
1334 4258 1385 4332 ut,
1410 4253 1676 4336 quotiescumque
1700 4252 1845 4338 episcopi
1868 4273 1888 4315 a

269 4357 401 4442 propria
424 4355 554 4419 civitate
578 4354 818 4439 digrediuntur,
849 4353 934 4418 tales
965 4352 1131 4420 adiutores
1160 4356 1382 4440 unusquisque
1412 4356 1446 4419 in
1478 4375 1537 4418 sua
1561 4356 1693 4418 civitate
1715 4354 1888 4440 relinquat,

271 4462 326 4546 qui
349 4460 431 4525 haec
455 4460 565 4524 omnia
586 4460 619 4523 in
645 4480 705 4524 sua
727 4459 858 4523 civitate
881 4457 1135 4544 prudentissime
1159 4466 1329 4546 peragant,
1354 4467 1387 4524 et
1409 4479 1568 4544 pauperes
1592 4458 1750 4544 sanguine
1767 4458 1888 4523 Christi

373 4667 410 4734 m)
437 4669 597 4735 Quamquam
622 4667 668 4720 boc
693 4676 770 4734 caput
790 4668 857 4720 deest
882 4669 910 4720 in
938 4669 993 4720 cod.
1012 4666 1041 4732 3,
1067 4677 1151 4720 tamea
1176 4669 1205 4720 ia
1230 4669 1314 4738 iudice
1336 4668 1469 4720 titulatam
1496 4667 1559 4719 buca
1584 4675 1685 4718 sacca
1708 4676 1744 4719 est
1772 4668 1889 4718 nitriae:

227 4766 254 4803 ⁴⁰
271 4757 386 4822 Qualiter
408 4758 440 4808 ds
462 4756 502 4807 his
526 4758 586 4819 fiat,
613 4756 657 4821 qui
680 4755 795 4822 rapinam
818 4756 985 4806 exercuerint.
1077 4754 1106 4818 u)
1129 4771 1157 4806 so
1179 4756 1319 4806 abscondat
1335 4754 1360 4807 2.
1465 4755 1491 4820 o)
1509 4757 1564 4807 sire
1587 4793 1593 4807 .
1613 4793 1640 4806 ..
1664 4772 1775 4822 compos.
1799 4771 1846 4804 orn.
1864 4753 1889 4806 2.

271 4845 298 4912 ρ)
316 4845 361 4910 qui
378 4842 403 4895 3.
492 4841 518 4908 q)
535 4840 622 4893 om.2.
714 4841 737 4904 r)
756 4841 794 4892 illi
812 4839 837 4893 3.
924 4839 949 4907 ιι)
968 4841 1150 4906 BaluaiusII,
1170 4839 1375 4893 encleticum
1392 4851 1457 4894 recte
1478 4843 1540 4894 dicit
1556 4843 1666 4894 codicem
1684 4841 1771 4894 Patra
1788 4842 1890 4892 uerbum

270 4934 374 4999 dignum
391 4931 501 4995 oddara·
518 4930 587 4981 deest
600 4929 687 4994 potius
705 4937 728 4980 ct
744 4929 772 4980 ia
789 4928 837 4980 hoc
854 4929 952 4988 codica-
975 4930 1079 4996 dignans
1096 4929 1157 4981 atu.
1178 4929 1239 4994 qu.
1255 4927 1297 4993 ΙΙ,
1315 4925 1373 4979 290.
1469 4929 1490 4994 t)
1509 4929 1609 4980 alodmn
1628 4927 1653 4980 3.
1752 4929 1781 4994 u)
1800 4935 1825 4980 et

271 5019 363 5072 nostris
382 5036 430 5069 cm
451 5016 510 5070 l.2.
601 5016 629 5081 v)
648 5016 726 5067 fuerit
743 5017 802 5067 fact.
821 5033 868 5065 om.
884 5013 943 5067 l.2.
1037 5014 1071 5084 w)
1089 5034 1104 5068 a
1122 5016 1184 5068 aad.
1202 5014 1227 5068 3.
1315 5014 1342 5078 x)
1360 5015 1398 5066 ita
1414 5015 1466 5066 iam
1485 5015 1641 5068 Sirmondua
1658 5017 1781 5078 emam
1804 5017 1890 5068 noluo-

270 5108 322 5157 rinl
338 5105 413 5158 codd.
499 5104 527 5172 y)
546 5104 590 5157 ille
606 5101 632 5156 3.
719 5102 744 5168 a)
762 5104 812 5155 sibi
828 5101 853 5155 2.

228 5313 252 5350 ιι
375 5292 419 5361 14)
438 5290 535 5346 Beacd.
548 5290 609 5346 Lao.
623 5290 665 5358 ΙΙ,
682 5307 705 5346 c.
716 5291 758 5346 97.
777 5291 829 5346 383
834 5311 843 5360 ‚·
864 5291 950 5346 dero
961 5291 1055 5360 capitis
1069 5307 1138 5360 pars
1150 5291 1187 5344 ud
1197 5292 1341 5361 comptum
1353 5291 1435 5344 baim
1446 5289 1557 5359 capitali
1568 5305 1617 5358 epa
1628 5290 1724 5359 Anseg.
1738 5290 1797 5356 III,
1815 5305 1837 5346 c.
1849 5292 1891 5345 66.

271 5394 511 5464 caesaraeam
528 5399 561 5448 at
582 5393 649 5448 serti
665 5395 749 5466 tripla
768 5395 924 5465 cmnpnsitio
945 5402 969 5450 ct
991 5395 1139 5465 corporalis
1160 5393 1316 5464 ampliati,
1341 5411 1411 5462 mccc
1434 5393 1530 5462 triplae
1553 5392 1734 5463 compositioni
1755 5400 1779 5448 ct
1801 5395 1892 5449 trunco

271 5499 401 5554 mainan
426 5499 500 5552 liberi
522 5499 636 5552 hominia
656 5499 817 5568 respondeat
824 5541 832 5568 ,
855 5515 888 5554 ea
910 5499 1017 5570 dasem,
1037 5499 1202 5568 poenitentia
1220 5498 1330 5568 publica
1351 5513 1384 5552 aa
1403 5498 1503 5554 Bmcd.
1521 5503 1640 5566 aramius
1657 5499 1711 5552 sint
1729 5498 1827 5568 (capp.
1849 5499 1889 5553 cit.

271 5605 328 5658 mdc
345 5622 431 5674 scipsa
447 5621 475 5672 p.
487 5603 550 5670 290,
573 5619 595 5658 c.
608 5605 632 5659 9.
647 5605 699 5674 ll).
787 5605 831 5672 15)
852 5603 939 5673 Quam
957 5605 1078 5673 periurio
1094 5604 1169 5671 sacto
1184 5601 1303 5672 perdidit
1309 5617 1320 5670 ;
1345 5603 1392 5670 cfr.
1411 5618 1455 5686 ¹aa.
1476 5617 1516 5672 pr.
1543 5602 1608 5672 Gap.
1631 5603 1701 5656 crisa
1723 5619 1811 5672 gener.
1833 5603 1894 5670 802,

272 5711 368 5778 tan.1,
384 5727 412 5778 p.
425 5711 466 5777 98,
484 5724 505 5762 c.
517 5708 558 5762 36.
648 5709 691 5774 16)
712 5706 767 5774 Csr.
785 5707 862 5774 msto
878 5723 899 5762 c.
913 5710 953 5762 11.
1042 5709 1084 5774 11)
1104 5707 1160 5774 Ofr.
1182 5707 1269 5777 capp.
1289 5706 1648 5776 paracoemumenum,
1666 5708 1743 5761 c.10.
