4568 6434
419 495 479 556 172
533 490 801 545 heumannum
820 489 869 546 AD
887 489 1135 546 carmennum
1154 487 1285 546 REGUM
1302 489 1486 546 carnellu
1504 489 1733 545 curcurlum.
1751 520 1784 531 -
1802 490 1851 545 Νι.
1863 491 1923 546 247.

336 664 535 750 statuique
565 685 625 729 sua
653 665 778 728 iustitia
805 663 994 746 cederetur,
1023 662 1262 730 mandavimus.
1306 663 1352 728 At
1375 664 1431 728 ille
1453 664 1611 751 posthaec
1635 685 1700 728 non
1723 671 1896 731 contentus
1919 664 2039 730 iudicio

414 768 538 849 divino,
566 768 624 832 sed
653 768 765 832 hostili
793 789 891 832 manu
915 768 1034 833 iterum
1064 773 1097 832 et
1120 788 1172 832 me
1196 774 1230 831 et
1251 767 1338 831 hunc
1362 768 1495 832 fratrem
1519 788 1627 832 mcum
1651 770 1804 854 persequi
1827 790 1892 833 non
1916 775 2038 842 cessat3

413 872 547 958 insuper
570 876 603 936 et
625 871 782 957 populum
805 876 953 934 nostrum
970 870 1139 948 incendiis,
1163 870 1287 956 rapinis
1308 869 1506 955 cedibusque
1523 869 1689 947 devastat;
1718 871 1928 956 quamobrem
1952 893 2037 937 nunc

412 975 610 1038 necessitate
633 974 739 1039 coacti
762 974 975 1038 convenimus
999 979 1047 1052 et,
1071 974 1224 1058 quoniam
1248 993 1305 1038 vos
1329 973 1370 1038 de
1394 980 1505 1038 nostra
1526 975 1635 1040 stabili
1658 974 1723 1039 fide
1747 995 1784 1039 ac
1807 975 1899 1039 firma
1920 975 2037 1040 frater-

412 1077 515 1141 nitate
539 1077 689 1141 dubitare
714 1076 889 1158 credimus,
913 1077 974 1141 hoc
999 1075 1239 1142 sacramentum
1267 1077 1352 1142 inter
1374 1098 1434 1140 nos
1456 1077 1490 1141 in
1513 1083 1691 1163 conspectu
1714 1083 1824 1143 vestro
1847 1079 1955 1143 iurare
1980 1077 2037 1143 de·
2069 1101 2082 1139 ι

412 1181 583 1247 crevimus.
634 1180 709 1245 Non
738 1180 886 1266 qualibet
915 1181 1026 1267 iniqua
1060 1181 1239 1267 cupiditate
1271 1181 1373 1245 illecti
1403 1180 1466 1244 hcc
1499 1180 1644 1264 agimus,
1676 1181 1734 1246 sed
1763 1187 1798 1245 ut
1821 1182 1986 1261 certiores,
2011 1182 2038 1244 si

411 1282 502 1350 Deus
530 1284 623 1349 nohis
654 1289 762 1350 restro
786 1283 948 1349 adiutorio
971 1284 1115 1369 quietem
1140 1282 1275 1362 dederit,
1299 1282 1340 1347 de
1365 1283 1530 1346 communi
1554 1283 1703 1368 profectu
1727 1284 1842 1358 simus;
1867 1285 1895 1347 si
1917 1290 2036 1365 autem,

411 1386 496 1472 quod
513 1386 609 1468 absit,
634 1394 883 1467 sacramentum,
901 1387 987 1472 quod
1003 1387 1095 1450 fratri
1118 1407 1190 1452 mec
1207 1387 1364 1466 iuravere,
1385 1387 1506 1450 violare
1524 1408 1786 1473 praesumpsero,
1810 1409 1830 1451 a
1853 1386 2036 1452 subditione

411 1511 485 1556 mea
507 1511 635 1555 necnon
659 1497 692 1555 ct
715 1511 734 1554 a
758 1491 950 1571 iuramento,
974 1489 1059 1576 quod
1082 1490 1162 1555 mihi
1184 1491 1327 1572 iurastis,
1350 1511 1614 1576 unumquemque
1636 1497 1782 1556 vestrum
1806 1489 1963 1555 absolvo)

519 1609 668 1695 Cumque
698 1609 840 1676 Karolus
870 1610 951 1675 hoec
982 1610 1097 1676 eadem
1127 1611 1228 1676 verba
1255 1609 1404 1675 Romana
1433 1612 1546 1697 lingua
1574 1617 1777 1698 perorasset,
1806 1609 2035 1690 Lcdhuwicus,
2055 1633 2081 1673 ro

410 1714 563 1798 quoniam
586 1715 691 1778 maior
713 1721 792 1778 natu
816 1722 895 1792 erat,
919 1715 1007 1800 prior
1029 1715 1112 1780 haec
1137 1714 1253 1780 deinde
1277 1736 1312 1780 se
1337 1723 1544 1780 servaturum
1567 1721 1707 1781 testatus
1732 1721 1795 1780 est:

519 1835 593 1900 ‘Pro
609 1834 682 1900 Deo
706 1856 799 1900 amur
821 1842 855 1901 et
877 1856 934 1921 pro
960 1836 1116 1901 christian
1138 1835 1233 1922 poblo
1257 1843 1290 1902 et
1312 1843 1421 1900 nostro
1443 1857 1593 1900 commun
1610 1836 1803 1917 salvament,
1827 1834 1903 1898 d‘ist
1926 1833 1959 1898 di
1982 1835 2037 1898 in·

408 1945 517 2019 avant,
541 1939 574 2004 in
598 1944 699 2022 quant
715 1937 807 2003 Dens
832 1940 919 2003 savir
941 1945 975 2003 et
996 1939 1092 2025 podir
1113 1960 1166 2002 me
1191 1938 1301 2019 dunat,
1326 1939 1352 2002 si
1369 1937 1510 2003 salverai
1533 1958 1572 2002 eo
1597 1940 1655 2003 cist
1678 1959 1773 2002 meon
1795 1937 1904 2004 fradre
1920 1936 2034 2018 Kcrlo,

410 2049 443 2108 et
465 2043 499 2107 in
523 2041 667 2107 adiudha
690 2043 778 2107 etin
802 2042 953 2107 cadhuna
976 2063 1068 2123 cosa,
1101 2043 1128 2107 si
1152 2063 1225 2106 curn
1253 2063 1304 2107 om
1328 2063 1387 2128 per
1409 2041 1493 2106 dreit
1516 2063 1573 2106 son
1596 2041 1706 2107 fradra
1729 2041 1838 2106 salvar
1859 2040 1933 2120 dist,
1958 2042 1990 2105 in
2014 2062 2033 2105 0

410 2145 487 2231 quid
518 2146 541 2209 il
574 2147 619 2210 mi
650 2145 762 2210 altresi
792 2146 895 2221 faaet;
925 2153 959 2210 et
982 2146 1023 2210 ab
1047 2145 1181 2211 Ludher
1203 2148 1260 2210 nul
1283 2145 1371 2232 plaid
1396 2166 1571 2231 numquam
1595 2143 1758 2230 prindrai,
1781 2145 1836 2229 qui
1859 2165 1955 2209 meon
1979 2145 2033 2209 vol
2053 2166 2077 2204 rs

408 2250 469 2314 cist
493 2270 590 2314 meon
614 2249 722 2314 fradre
747 2246 847 2313 Karle
871 2250 904 2312 in
926 2248 1046 2313 damno
1071 2246 1133 2316 sit.’

516 2367 608 2443 Quod
633 2391 707 2434 cnm
723 2369 941 2435 Lodhuwicus
965 2370 1143 2455 explesset,
1166 2368 1310 2435 Karolus
1326 2368 1491 2435 Tendisca
1514 2345 1628 2453 lingua
1651 2368 1697 2433 sic
1720 2368 1782 2432 hec
1802 2367 1917 2434 eadem
1933 2329 2035 2433 verba

407 2479 547 2540 testatus
570 2479 636 2538 est:

516 2593 566 2657 ‘In
589 2590 700 2658 Godes
723 2594 833 2658 minna
855 2592 910 2658 ind
934 2593 966 2657 in
985 2594 1059 2659 thes
1080 2593 1274 2659 christianes
1290 2593 1415 2660 folches
1438 2595 1496 2660 ind
1518 2615 1617 2659 unser
1638 2592 1783 2658 bedhero
1806 2591 2032 2677 gehaltnissib,

406 2697 461 2762 fon
485 2697 634 2763 thesemo
657 2697 742 2783 dage
765 2697 989 2779 frammordes,
1014 2718 1050 2763 so
1073 2697 1156 2762 fram
1180 2719 1216 2763 so
1246 2699 1309 2763 mir
1335 2698 1401 2763 Get
1427 2698 1562 2783 gewizci
1590 2696 1658 2761 indi
1684 2695 1801 2761 mahd⁰
1823 2695 1970 2781 furgibit,
1994 2715 2030 2760 so
2049 2716 2076 2756 ao

407 2799 520 2864 haldih
549 2799 667 2864 thesan
696 2802 806 2865 minan
833 2800 1016 2882 bruodher,
1048 2820 1122 2865 soso
1150 2822 1227 2865 man
1254 2802 1313 2865 mit
1334 2802 1430 2866 rehtu
1453 2801 1547 2865 sinan
1569 2799 1757 2864 bruodher‘1
1780 2800 1863 2880 scal,
1895 2800 1928 2863 in
1951 2798 2030 2878 thiu,

406 2902 481 2968 than
511 2923 547 2967 er
575 2904 642 2988 mig
669 2912 724 2967 so⁹
754 2913 864 2968 scma⁸
893 2902 974 2978 duo;
1004 2901 1072 2967 indi
1094 2900 1181 2967 midf
1201 2902 1377 2968 Ludheren
1406 2905 1438 2968 in
1468 2903 1669 2969 nohheiniu⁸
1691 2903 1784 2988 thing
1806 2924 1848 2966 ne
1872 2921 2030 2987 gegango,

406 3005 463 3071 the
486 3006 597 3071 minan
620 3005 729 3069 willon
751 3006 815 3070 imo
839 3027 877 3071 ce
901 3004 1044 3070 scadhen
1068 3003 1265 3070 werdhenh!
1902 3013 1903 3018 ’

515 3125 761 3191 Sacramentum
791 3133 917 3205 autem,
946 3125 1034 3212 quod
1060 3131 1271 3210 utrorumque
1299 3125 1438 3212 populus
1461 3127 1580 3213 quique
1603 3126 1735 3213 propria
1756 3125 1868 3208 lingua
1891 3129 2031 3189 testatus

406 3235 467 3311 est,
491 3229 641 3295 Romena
663 3231 775 3316 lingna
798 3229 845 3294 sic
868 3251 903 3294 se
926 3229 1040 3294 hahet:
2048 3248 2073 3290 rs

515 3351 562 3416 ‘Si
577 3349 765 3437 Lodhuvigs
789 3357 984 3436 sagrament,
1008 3371 1091 3436 quae
1116 3372 1174 3415 son
1189 3349 1298 3415 fradre
1315 3348 1417 3414 Karlo
1434 3349 1530 3429 iurat,
1548 3355 1728 3431 conservat,
1753 3355 1786 3414 et
1800 3347 1921 3413 Karlus
1937 3367 2029 3412 meos

406 3453 524 3519 sendra
547 3454 588 3519 de
613 3454 686 3520 suai
708 3461 783 3541 part
805 3475 870 3518 non
893 3454 942 3517 lcs
966 3453 1066 3534 tanit,
1100 3454 1126 3517 si
1149 3454 1180 3517 io
1204 3459 1354 3518 returnar
1376 3474 1441 3517 non
1464 3453 1536 3517 l’int
1557 3453 1643 3538 pois,
1673 3473 1714 3517 ne
1738 3453 1768 3516 io
1792 3473 1833 3518 ne
1857 3452 1953 3516 neuls
1977 3451 2030 3514 cui

404 3577 443 3620 eo
467 3562 617 3622 returnar
639 3558 686 3623 int
709 3559 790 3645 pois,
814 3558 847 3622 in
870 3556 961 3622 nulla
983 3557 1125 3622 aiudha¹
1148 3563 1261 3622 contra
1283 3556 1463 3641 Lcdhuwig
1486 3576 1553 3619 nun
1574 3555 1596 3619 li
1619 3555 1651 3619 iv
1674 3553 1730 3620 er!
1828 3627 1830 3634 ,

512 3675 676 3743 Teudisca
698 3685 809 3743 autern
831 3677 959 3763 lingua:

511 3797 595 3863 ‘Oba
617 3797 698 3863 Karl
722 3798 802 3862 then
825 3798 888 3878 eid,
913 3797 991 3862 then
1015 3819 1051 3862 er
1072 3796 1213 3862 sinemo¹
1237 3796 1402 3861 bruodher
1417 3794 1620 3880 Ludhuwige
1636 3814 1769 3880 gesuor,
1792 3794 1937 3878 geleistit
1960 3794 2027 3858 indi
2046 3817 2071 3856 eo

401 3900 584 3986 Ludhuwig
612 3902 678 3965 min
706 3901 801 3965 herro
835 3901 915 3966 then
944 3923 980 3966 er
1010 3901 1074 3964 imo
1105 3921 1240 3985 gesuor,
1263 3898 1471 3977 forbrihchit,
1498 3899 1538 3962 cb
1567 3897 1601 3962 ih
1628 3898 1703 3961 inan
1737 3918 1773 3962 es
1796 3895 1962 3961 irwenden
1985 3917 2027 3960 ne

401 4025 492 4089 mag,
520 4004 585 4069 noh
613 4004 647 4068 ih
675 4004 740 4068 noh
769 4005 862 4070 thero
890 4003 1050 4085 nohhein,
1074 4004 1158 4068 them
1191 4004 1223 4069 ih
1255 4024 1291 4068 es
1314 4002 1481 4068 irwenden
1504 4022 1594 4086 meg,
1626 4001 1751 4066 widhar
1772 3999 1875 4066 Karle
1899 4001 1964 4064 imo
1989 4021 2026 4065 cc

401 4107 527 4172 follusti
550 4127 591 4171 ne
614 4104 767 4171 wirdhit.’

503 4295 530 4360 a)
548 4310 581 4346 en
599 4313 666 4347 corr.
684 4296 711 4346 in
729 4312 750 4346 e.
821 4293 849 4358 b)
867 4294 990 4362 gealniasi
1008 4311 1075 4346 corr.
1093 4295 1227 4362 gealtnissi
1245 4311 1266 4346 e.
1335 4293 1361 4359 c)
1379 4295 1457 4346 madh
1470 4312 1490 4346 c.
1560 4294 1587 4359 d)
1606 4295 1702 4347 bruher
1713 4311 1733 4345 c.
1805 4293 1830 4358 c)
1849 4311 1906 4346 soso
1921 4293 1926 4358 1
1942 4309 1985 4345 rna
2002 4310 2023 4346 c.

400 4380 424 4445 l)
442 4381 489 4431 mit
507 4397 528 4433 e.
611 4377 640 4448 g)
659 4399 671 4432 c
688 4381 813 4432 ncheiniu
830 4397 897 4432 corr.
916 4397 937 4431 c.
1021 4379 1050 4446 h)
1067 4381 1170 4432 werhen
1187 4397 1208 4431 c.
1286 4377 1307 4444 i)
1325 4397 1373 4432 sno
1391 4398 1413 4432 c.
1492 4381 1521 4446 lr)
1540 4397 1553 4433 c
1571 4381 1652 4433 aicha
1670 4398 1736 4432 corr.
1754 4398 1776 4432 c.
1855 4380 1876 4443 l)
1895 4380 1984 4432 sineno
2001 4395 2024 4433 c.
2043 4395 2068 4436 ts

398 4465 436 4533 ιιι)
455 4468 517 4520 then
535 4484 556 4518 c.

1013 4621 1424 4632 ——--—...—.

673 4881 1056 4995 simonos
1096 4795 1212 4992 no
1255 4882 1747 4995 rneoooms

859 5038 1191 5283 νΙΙιΙιΑὸῙὶᾶ4
1223 5039 1550 5282 ΙΟῘΑΒΙΤΑ.

1192 5258 1203 5284 .
1265 5214 1310 5286 er.

1002 5355 1081 5422 Vide
1101 5379 1202 5438 supra
1222 5379 1257 5439 p.
1277 5361 1337 5423 112
1352 5381 1417 5442 sqq.

1003 5601 1413 5610 ————.
