4546 6398
468 452 724 510 ‘caerretanus
742 451 870 506 llElGUlli
888 449 1072 506 FRANCIAE
1090 447 1319 505 emundatis,
1337 477 1369 488 -
1389 447 1437 502 Nr.
1449 447 1510 504 943.
1526 445 1587 502 944.
1784 446 1843 508 165

218 628 315 694 homo,
343 631 373 683 et
395 627 423 681 in
448 627 498 682 illo
520 631 549 682 et
572 627 602 681 in
626 626 682 681 suis
708 622 928 696 proprietatibus
951 626 981 678 et
1002 623 1032 678 in
1054 622 1111 677 suis
1133 620 1284 678 honoribus
1309 624 1338 676 et
1356 620 1390 674 de
1409 617 1541 688 capitulis
1559 615 1751 682 observandis,
1771 615 1844 670 siout
1861 615 1921 669 869.

219 709 275 773 isti
298 708 363 773 mei
386 707 492 794 patrui
516 734 591 772 nunc
613 707 777 788 dixerunt,
800 714 842 769 ito
864 716 895 768 et
916 730 969 784 ego
991 730 1043 783 per
1065 711 1160 767 omnia
1183 711 1265 782 cupio
1289 697 1477 765 observare*.

811 909 1080 976 Adnuntiatio
1104 907 1258 974 Karoli.

329 1055 423 1121 Siout
449 1076 511 1141 ego
540 1055 647 1120 verbis
679 1061 713 1119 et
740 1052 870 1138 seriptis
899 1073 960 1138 per
988 1051 1125 1116 fratrem
1158 1069 1268 1113 meum
1297 1051 1331 1111 et
1353 1067 1412 1134 per
1439 1045 1612 1130 episcopos
1636 1042 1749 1127 nepoti
1772 1062 1846 1105 meo

190 1160 373 1225 amandavi
397 1167 430 1225 et
451 1160 498 1225 illi
522 1158 563 1225 de
588 1178 648 1223 sue
671 1163 764 1244 parte
787 1156 865 1220 mihi
882 1154 1161 1232 renuntiaverunt,
1185 1153 1231 1216 sic
1254 1151 1300 1215 illi
1317 1151 1441 1214 amicus
1465 1168 1538 1213 esse
1562 1154 1595 1211 et
1610 1145 1702 1211 illum
1719 1145 1846 1209 salvare

220 1265 306 1345 volo,
323 1265 408 1328 sicut
424 1263 605 1328 avunculus
626 1267 827 1348 perrectum
844 1267 998 1345 nepotem
1017 1259 1145 1323 salvere
1161 1255 1271 1337 debet,
1295 1256 1321 1319 si
1339 1255 1405 1335 ille,
1422 1253 1507 1318 sieut
1523 1272 1624 1337 nepos
1647 1254 1845 1336 perrectum

221 1368 417 1433 avunculum
442 1368 569 1432 salvere
592 1365 702 1446 debet,
725 1386 778 1431 me
802 1370 836 1430 et
858 1384 950 1429 meos
974 1360 1160 1427 salvaverit.

324 1573 350 1638 *)
371 1569 451 1624 Codri.
466 1570 576 1625 1.4-6.
592 1569 640 1623 hoe
655 1569 711 1623 loeo
727 1567 849 1622 adorna
874 1567 1012 1634 Quoniam
1019 1542 1049 1588 3⁸
1067 1566 1145 1630 istas,
1164 1579 1236 1634 quae
1255 1562 1438 1633 praecedunt,
1456 1557 1686 1616 adnuntiationes
1705 1552 1848 1609 Hludovvi·

222 1677 269 1714 ons
292 1661 321 1712 et
339 1657 502 1712 Hlotharius
525 1674 588 1711 oum
611 1656 722 1710 illorum
748 1655 926 1724 sequacibus,
950 1657 1099 1724 postquem
1119 1669 1210 1706 coram
1230 1649 1371 1712 omuibus,
1395 1647 1444 1717 qui
1463 1645 1626 1708 adsuerunt,
1647 1642 1731 1697 trium
1751 1657 1847 1710 regum

179 1763 204 1801 ro
222 1744 388 1800 consiliariis
416 1743 472 1797 lere
500 1742 642 1806 ducentis,
676 1745 733 1796 tom
762 1741 900 1811 episeopis
927 1758 1011 1809 quam
1038 1738 1189 1793 abbatibus
1222 1739 1250 1791 et
1277 1736 1370 1801 laicis,
1403 1734 1519 1788 relectas
1545 1732 1658 1802 penitus
1684 1728 1848 1790 reiecerunt,

222 1849 257 1886 ne
280 1831 385 1902 populo
410 1831 582 1899 legerentur,
606 1832 640 1883 ut
665 1845 749 1884 eausa
768 1827 909 1882 Hlotharii
936 1827 1049 1898 penitus
1073 1827 1225 1888 taceretur,
1252 1823 1336 1885 hanc,
1359 1837 1432 1890 quae
1450 1819 1577 1888 sequitur
1594 1814 1849 1874 adnuntiationem,

221 1919 339 1973 domnus
362 1917 481 1971 Karolus
509 1916 571 1969 istie
598 1915 666 1985 ipsis
692 1913 781 1969 verbis
806 1915 861 1968 iam
887 1913 994 1982 vesperi
1020 1910 1202 1976 adnuntiavit
1225 1909 1300 1979 apud
1325 1906 1517 1969 Sablonarios,
1546 1920 1620 1958 anno
1646 1898 1849 1956 incarnationis

222 2003 379 2058 dominicae
396 2001 578 2068 DCCCLXH,
600 2001 755 2055 indictione
774 2001 825 2066 lil,
848 2001 897 2054 Ill.
915 2000 1010 2053 Nonas
1028 1996 1204 2060 Novembris,
1228 1995 1257 2048 in
1277 1995 1339 2064 ipso
1356 2010 1429 2060 cnse,
1447 1991 1495 2045 ubi
1515 1991 1635 2046 relectae
1654 1989 1720 2042 sunt
1738 2000 1849 2055 praece-

222 2091 320 2144 dentes
338 2089 576 2152 adnuntiationes,
595 2088 624 2142 in
644 2104 727 2158 qnam
747 2087 830 2157 pauci
849 2086 899 2141 alii
918 2086 1104 2148 intraverunt,
1122 2101 1206 2152 quam
1225 2082 1274 2150 qni
1293 2082 1377 2135 nutes
1398 2079 1520 2140 luerunt,
1538 2073 1671 2144 quoniam
1690 2073 1747 2126 lere
1765 2071 1850 2140 plena

181 2193 205 2230 rs
223 2175 257 2229 de
275 2175 343 2246 ipsis
362 2179 429 2230 erut.

324 2365 370 2432 38)
392 2364 447 2431 Ofr.
466 2357 543 2420 Anni
561 2365 663 2420 Bestia.
682 2365 699 2419 l.
717 2381 738 2419 e.
754 2382 783 2434 p.
796 2366 839 2418 60.

832 2641 1243 2651 -----

289 2944 387 3048 au.
442 2937 901 3051 uuuuonuor
940 2941 1040 3050 nn
1080 2883 1401 3049 vanem
1440 2929 1783 3044 Psoron

785 3091 1281 3206 nusmonusn.

877 3274 975 3358 865.
1007 3283 1114 3358 Febr.
1143 3282 1200 3356 19.

187 3494 211 3534 n
327 3450 417 3530 Hos
423 3467 824 3549 pernoctaveramus
837 3474 898 3532 esa·
917 3466 1170 3553 mammam,
1186 3465 1293 3533 enon
1304 3465 1392 3532 earn
1404 3463 1555 3546 canton
1565 3485 1600 3548 p.
1613 3461 1852 3548 amoram-

226 3567 307 3634 lusio
322 3571 369 3648 II,
392 3569 447 3634 eol.
464 3573 535 3636 961.
552 3592 592 3635 aa
605 3571 709 3636 codice
722 3571 859 3654 pecodum
874 3571 1104 3654 Riurpullcanss
1126 3575 1156 3636 et
1170 3572 1206 3636 in
1221 3569 1394 3636 cotenus:
1418 3571 1450 3652 3)
1468 3567 1570 3634 Vatia.
1584 3588 1647 3649 rep.
1661 3563 1776 3632 Christ.
1789 3570 1848 3630 291

225 3671 278 3752 sol.
298 3676 373 3752 190,
404 3674 440 3738 in
471 3693 533 3755 quo
559 3673 651 3739 valde
677 3674 861 3741 mutilatum
882 3682 947 3754 est;
977 3677 1011 3761 4)
1040 3675 1142 3742 Vatio.
1159 3677 1244 3740 4982
1266 3672 1319 3755 fol.
1340 3677 1410 3739 141.
1461 3671 1612 3754 Capitale
1633 3671 1854 3736 inserebantur

225 3776 261 3840 in
282 3776 347 3842 cod.
365 3779 404 3841 2:
434 3775 587 3864 Oapitula
610 3777 723 3843 Karoli
746 3781 833 3865 regis
857 3787 957 3866 atque
980 3779 1150 3845 Ludovviei
1174 3779 1282 3843 fratris
1306 3778 1391 3852 eius3
1420 3777 1457 3842 in
1483 3782 1508 3842 1.
1523 3779 1553 3842 3.
1567 3780 1606 3841 4.·
1627 3777 1724 3841 Anno
1747 3777 1852 3841 iucar-

227 3881 369 3946 nationis
393 3879 577 3946 dominicae
600 3880 823 3962 DOOOLXV,
847 3883 906 3949 XI.
932 3881 1071 3948 Kalend.
1095 3882 1215 3962 Martii,
1238 3882 1332 3962 haec,
1356 3901 1440 3968 quas
1463 3886 1657 3966 sequuntur,
1682 3879 1852 3944 Hludowi-

188 4009 210 4049 a
228 4004 284 4048 cus
308 3990 341 4048 et
356 3981 500 4049 Karolus
523 4005 621 4070 reges
642 3987 675 4049 in
692 3985 833 4051 Tusiaeo
857 3987 935 4051 villa
957 3985 1088 4069 (Tomy,
1110 3985 1155 4049 od
1174 3985 1302 4050 Mosam
1323 3984 1404 4068 sito)
1427 3983 1547 4070 populo
1567 3982 1852 4050 adnuntiaverunt.

337 4087 405 4169 Quo
434 4108 505 4153 vero
530 4089 620 4154 modo
643 4094 777 4169 paetum
807 4094 952 4155 nostrum
979 4090 1095 4154 initum
1124 4088 1172 4154 vel
1200 4089 1422 4170 confirmatum
1451 4089 1509 4166 sn,
1531 4085 1626 4168 pleae
1656 4091 1685 4151 et
1706 4091 1855 4151 accurate

228 4191 313 4256 Ana.
329 4189 439 4270 Fam,
460 4190 544 4272 falso
567 4196 674 4256 tamen
695 4192 739 4256 ad
760 4212 790 4256 a.
808 4194 880 4271 864,
904 4192 961 4260 SS.
977 4194 1006 4272 I,
1024 4214 1059 4274 p.
1076 4194 1149 4271 378,
1177 4192 1261 4258 bisce
1282 4192 1382 4257 verbis
1402 4190 1561 4272 reserant:
1583 4190 1797 4255 Hludowious
1821 4197 1856 4254 et

229 4292 371 4360 Karolus
395 4316 492 4381 reges
516 4301 549 4360 et
572 4296 689 4361 fratres
712 4295 800 4381 apud
815 4295 992 4362 Dusiaoum
1015 4297 1126 4362 villam
1150 4317 1261 4362 mense
1278 4295 1465 4382 Septembri
1482 4295 1715 4360 convenientes
1737 4293 1854 4359 foedus

229 4397 361 4479 ineunt,
396 4405 430 4463 et
452 4398 606 4485 quioquid
640 4399 725 4465 inter
759 4420 817 4465 eos
849 4401 982 4466 levitate
1016 4399 1158 4464 humana
1190 4401 1244 4465 vel
1274 4400 1486 4485 suggestione
1515 4397 1652 4462 militnm
1682 4417 1854 4483 perperam

190 4526 214 4564 ro
230 4508 359 4586 gestum
395 4501 517 4577 luerat,
553 4502 616 4566 sibi
649 4508 762 4566 mutuo
806 4503 986 4580 dimittunt,
1027 4510 1144 4567 cuncta
1177 4509 1265 4568 retro
1297 4502 1451 4567 oblivioni
1480 4499 1641 4566 tradenda
1670 4508 1854 4566 censentes.

231 4601 338 4668 Huius
367 4611 478 4669 autem
506 4604 650 4670 foederis
680 4613 811 4691 pactum
840 4605 1072 4671 inviolabiliter
1100 4607 1187 4670 omni
1217 4613 1365 4691 tempore
1397 4602 1657 4670 conservandum
1689 4609 1792 4671 testes
1823 4611 1856 4669 et

231 4707 449 4772 admonitores
480 4706 590 4772 idonei
618 4729 660 4772 ex
693 4715 831 4794 utraque
854 4714 947 4793 parte
972 4714 1169 4773 statuuntur.
1213 4708 1297 4773 Nam
1323 4708 1536 4774 Hludowieus
1560 4717 1718 4795 exparte
1742 4706 1855 4772 Karoli

231 4808 444 4876 Hiuomarum
460 4810 662 4876 Remeusem
680 4811 869 4898 episcopum
886 4817 920 4876 et
935 4811 1182 4896 Engilramnum
1199 4813 1348 4877 comitem
1365 4817 1421 4892 (sc.
1438 4811 1630 4890 Flandm'oe,
1645 4811 1857 4876 communium

231 4918 259 4976 et
285 4913 506 4979 consiliarium
533 4935 555 4978 a
581 4914 724 4992 aceretem
762 4915 821 4994 cfr.
846 4913 1020 4993 Dtimmler,
1046 4913 1209 4996 Ostfrdnlr.
1233 4914 1333 4980 Reiclr
1355 4907 1424 4993 W,
1446 4936 1483 4996 p.
1501 4919 1571 4996 119,
1595 4936 1628 4982 n.
1645 4918 1689 4993 3),
1712 4912 1856 4980 Karolus

191 5037 215 5076 ss
234 5035 308 5083 vero
331 5039 374 5083 ex
396 5025 488 5104 parte
505 5017 687 5084 Hludowioi
704 5017 909 5084 Liutbertum
932 5019 1212 5105 archiepiscopum
1232 5019 1492 5104 (Moyuntinum)
1515 5025 1549 5084 et
1571 5018 1748 5083 Altfridum
1771 5018 1856 5082 anti-

233 5121 338 5187 stitem
360 5121 691 5206 (Htlrlasteimensem)
714 5123 825 5209 elegit,
849 5130 886 5188 ut
908 5124 935 5187 si
958 5123 1041 5188 forte
1064 5123 1106 5188 ab
1130 5124 1240 5210 aliquo
1264 5122 1412 5190 eiusdem
1434 5125 1521 5210 pacti
1545 5125 1616 5189 iura
1639 5123 1857 5200 laederentur,

232 5222 282 5289 bis
316 5225 568 5291 admonentibus
598 5231 631 5291 et
661 5234 755 5312 gesta
782 5227 892 5313 priora
919 5226 960 5291 ad
988 5228 1177 5292 memoriam
1207 5227 1453 5306 revocantibus,
1477 5227 1606 5292 facilius
1629 5228 1662 5291 iu
1685 5227 1856 5312 pristinum

234 5333 353 5394 statum
376 5329 546 5394 reformari
568 5337 714 5415 possent.

341 5432 491 5514 Terapse,
522 5453 584 5514 quo
612 5439 779 5498 mvnere
800 5433 929 5500 habitus
949 5434 1009 5513 sit,
1037 5439 1067 5498 et
1088 5454 1127 5497 eto
1149 5433 1355 5514 incoeptione
1381 5453 1482 5514 supra
1504 5433 1591 5498 edito
1613 5435 1748 5513 ejuraret
1769 5436 1799 5494 ct
1820 5451 1859 5493 en

181 5549 206 5588 ⁴⁰
230 5533 319 5601 Aren.
342 5534 471 5600 Bertin.
493 5535 538 5597 od
559 5555 589 5598 a.
607 5535 679 5611 865,
702 5535 749 5602 ed.
781 5535 886 5602 Waltz
901 5557 937 5617 p.
956 5540 1016 5601 74.-
1038 5535 1181 5601 Karolus
1205 5537 1291 5600 cirea
1313 5535 1456 5601 medium
1473 5535 1685 5602 Febroarium
1710 5553 1858 5600 mensem

229 5633 366 5704 fratrem
396 5657 492 5702 suum
513 5636 743 5703 Hludowicum
774 5640 806 5703 iu
834 5641 913 5705 villa
935 5639 1072 5705 Tusiaco
1100 5639 1276 5704 honorifice
1306 5639 1458 5727 suscepit.
1507 5638 1574 5721 Ofr.
1597 5634 1858 5703 Bdlnrcr·Milll-

225 5733 345 5804 barber
365 5763 415 5809 nr.
434 5744 528 5806 1415.
1386 5742 1444 5826 (Β.
1467 5744 1515 5822 ΙΙ,
1532 5746 1610 5820 201,·
1633 5739 1671 5805 P.
1685 5743 1775 5822 499.)
