4560 6426
389 441 635 497 carlmannum
655 441 783 498 REGUM
802 440 987 496 natuerat
1006 440 1271 498 corroboratis
1290 439 1439 511 (usuum
1452 441 1497 512 11).
1517 471 1550 481 -
1568 441 1618 497 Νι.
1630 441 1689 496 273.
1764 466 1767 474 ·
1789 445 1851 506 317

231 618 314 682 sicut
337 605 473 703 supra⁴2
497 615 654 696 diximus,
687 615 762 681 falsi
794 615 920 680 denarii
947 637 1076 682 manum
1106 616 1276 682 dexteram
1303 617 1436 704 perdat,
1465 617 1548 682 siout
1576 616 1607 680 in
1632 621 1746 701 quarto
1770 615 1853 679 libro
1870 621 1930 676 864.

231 721 445 808 capitulorum
468 720 654 785 continetur
676 719 784 805 capite
807 718 991 783 XXXIIIl.
1042 711 1119 784 bitil
1149 721 1204 806 qui
1227 721 1289 786 hoc
1313 721 1527 803 consenserit,
1552 721 1579 785 si
1602 720 1686 785 liber
1709 725 1769 797 est,
1793 717 1854 782 Lx

232 822 352 888 solidos
376 831 565 910 componat;
590 825 617 888 si
640 844 754 888 servus
778 813 865 887 ,0143
887 825 1033 906 colonus,
1056 825 1163 890 nudus
1187 846 1261 890 cunr
1283 826 1385 912 virgis
1408 815 1607 913 vapulet043.

342 932 389 994 17.
425 928 491 993 Utd
520 928 695 1014 diligenter
723 928 856 992 comites
890 933 924 992 et
957 929 1098 993 ministri
1132 930 1178 993 rei
1212 929 1363 1015 publicae
1399 939 1477 1016 per⁰
1505 950 1582 995 suos
1612 927 1785 992 comitatus
1815 945 1853 996 ac

202 1033 414 1098 aministeria
437 1032 646 1120 provideant,
671 1053 712 1097 ne
735 1031 785 1096 ins
806 1031 917 1117 aliquo
941 1031 1013 1096 loco
1036 1031 1165 1097 occulta
1188 1033 1240 1097 vel
1262 1032 1472 1098 fraudulenta
1491 1039 1622 1098 moneta
1644 1031 1715 1095 fieri
1739 1029 1854 1117 possit.

230 1137 324 1201 Etsi
353 1139 504 1202 iuventus
534 1158 572 1202 ac
601 1138 831 1223 comprobatus
860 1136 997 1222 quilibet
1027 1137 1125 1201 fuerit
1152 1136 1415 1203 fraudulentam⁸
1442 1143 1605 1201 monetam
1634 1134 1853 1222 percutiensss,

231 1244 315 1307 sicut
342 1243 553 1308 constitutum
590 1249 640 1306 est
674 1241 715 1307 de
750 1241 834 1308 falso
872 1243 1065 1322 monetario,
1106 1264 1148 1307 ex
1180 1242 1328 1328 praefato
1361 1243 1530 1328 capitulari
1564 1241 1853 1328 praedecessorum

232 1355 419 1413 nostrorum
442 1338 602 1412 ‘manusffl
629 1348 658 1411 ei
682 1345 902 1433 amputeturl.
954 1346 998 1411 Et
1020 1347 1074 1432 qui
1098 1347 1159 1411 hoc
1183 1347 1400 1428 consenserit,
1430 1347 1456 1411 si
1478 1345 1563 1411 liber
1585 1351 1652 1426 est,
1683 1343 1855 1429 sexaginta

231 1452 354 1517 solidos
378 1459 568 1538 componat;
593 1451 619 1515 si
643 1471 757 1516 servus
780 1441 868 1515 vell3
891 1451 1034 1530 colonus,
1058 1450 1163 1515 nudus
1186 1471 1259 1514 cum
1283 1452 1383 1536 virgis
1406 1448 1562 1537 vapulet?

187 1589 213 1626 ιι
342 1560 389 1622 18.
424 1555 482 1620 Eti
506 1557 532 1620 si
556 1555 657 1620 falsus
682 1556 882 1621 monetarius
906 1563 982 1619 aut⁰
1005 1555 1046 1620 de
1070 1556 1135 1620 illis
1158 1556 1250 1634 locis,
1277 1554 1451 1640 inquibus
1477 1560 1642 1618 monetam
1665 1552 1736 1618 fieri
1758 1550 1855 1616 iussi-

230 1683 318 1740 mus,
348 1666 405 1727 aut
432 1659 581 1724 occulte*
613 1666 776 1725 monetam
807 1660 992 1746 percutiens
1025 1665 1082 1724 aut
1117 1658 1285 1726 denarium
1318 1658 1437 1722 falsum
1470 1657 1510 1722 de
1539 1679 1623 1722 nova
1651 1660 1785 1721 moneta
1813 1654 1853 1718 ad

230 1764 462 1851 negotiandum
485 1762 668 1849 proferens,
697 1770 749 1828 ut⁰
774 1764 950 1850 constringi
976 1771 1009 1828 et
1031 1764 1137 1850 puniri
1162 1783 1225 1828 non
1248 1761 1378 1850 possit¹,
1406 1763 1491 1827 sicut
1520 1768 1571 1827 est
1594 1751 1853 1832 constituturull,

231 1873 263 1935 in
288 1871 402 1935 fiscum
426 1868 584 1933 nostrum¹
608 1868 660 1932 vel
685 1869 717 1932 in
739 1879 1005 1955 quamcumquem
1021 1869 1256 1933 immunitatem
1273 1873 1331 1933 aut
1346 1866 1483 1932 alicuius
1499 1866 1641 1952 potentis
1658 1871 1854 1952 potestatem
1936 1901 1937 1904 ι

230 1975 301 2040 vel⁶
316 1973 570 2060 proprietatem⁰
594 1972 786 2057 confugerit,
809 1974 858 2038 si¹¹
882 1973 915 2037 in
937 1978 1083 2038 nostrum
1105 1971 1308 2056 confugeritn
1323 1969 1448 2048 fiscum,
1474 1970 1657 2055 requiratur
1672 1991 1692 2034 a
1707 1969 1855 2034 ministro

189 2108 212 2146 ιι
232 2084 350 2143 nostro.
397 2075 490 2141 Etsi
513 2075 568 2140 ille
592 2095 666 2140 eum
690 2075 875 2141 defenderit
898 2084 954 2140 aut
977 2077 1205 2151 occultaverit,
1229 2075 1397 2138 nuntietur
1420 2073 1525 2148 nobis,
1550 2080 1711 2159 quatenus
1734 2073 1798 2138 ita⁰
1821 2074 1853 2137 iu

231 2202 271 2246 co
287 2179 465 2246 secundum
482 2179 662 2266 capitulare
679 2171 839 2264 regiumlt
855 2179 1065 2258 vindicetur⁰,
1090 2200 1131 2244 ne
1147 2179 1233 2242 ullus
1249 2180 1353 2242 alius¹³
1369 2197 1512 2263 uuquam
1528 2177 1705 2243 falsitatem
1723 2183 1856 2240 nostra‘¹

231 2285 423 2350 auctoritate
447 2284 499 2349 vel
522 2288 682 2370 potestate
707 2285 908 2349 consentirer
930 2289 987 2349 aut
1009 2283 1185 2349 defendere
1203 2283 1330 2348 audeat
1375 2283 1409 2348 Si
1431 2289 1541 2348 autem
1566 2283 1597 2347 in
1615 2282 1855 2347 immunitatem

231 2389 281 2454 vel
305 2392 503 2474 potestatem
527 2394 584 2451 aut
599 2387 846 2472 proprietatem¹
869 2387 1007 2452 alicuius
1022 2387 1163 2473 potentis
1180 2387 1372 2472 confugerit,
1397 2386 1575 2451 secundum
1590 2385 1676 2472 quod
1702 2386 1735 2449 in
1759 2384 1856 2448 tertio

230 2493 314 2557 libro
337 2491 536 2578 capitularis,
560 2490 685 2555 XXVI.
709 2491 852 2577 capitulo
876 2493 1061 2558 continetur
1083 2492 1123 2557 de
1148 2495 1212 2572 eo‘,
1242 2493 1295 2577 qui
1324 2492 1446 2557 furtum
1475 2498 1532 2556 aut
1562 2489 1772 2556 homicidium
1804 2489 1856 2552 vel

186 2627 212 2667 so
231 2596 400 2683 quodlibet
415 2595 538 2660 crimen
553 2594 633 2659 foria
646 2596 850 2660 committens
863 2595 949 2660 infra
960 2595 1195 2661 immunitatem
1208 2596 1338 2681 fugerit,
1355 2596 1432 2661 inde
1444 2595 1516 2668 iiat;
1540 2594 1572 2658 id
1590 2601 1657 2659 est:
1674 2583 1856 2658 ‘mandet⁴6

232 2722 342 2766 comes
366 2700 416 2764 vel
440 2689 627 2784 publicae⁴⁷
647 2700 695 2764 rei
724 2699 872 2764 minister
899 2699 1053 2785 episcopo
1085 2699 1138 2763 vel
1162 2689 1308 2764 abbati⁴⁸
1331 2699 1383 2763 vel
1412 2699 1476 2776 illi,
1509 2698 1702 2783 quicumque
1726 2697 1855 2761 looum¹¹

231 2804 378 2891 episcopi
410 2801 462 2868 vel
492 2802 622 2868 abbatis
653 2792 764 2866 ,epto
795 2801 982 2867 abbatissae
1017 2802 1159 2866 tenuerit
1188 2793 1277 2866 vellO
1311 2801 1475 2888 potentisv
1510 2801 1665 2880 hominis,
1699 2801 1733 2864 in
1763 2799 1855 2864 ouius

231 2913 428 2995 potestatem
456 2907 507 2971 vel
534 2907 767 2992 proprietatem
798 2897 1027 2992 confugeritffl,
1054 2914 1090 2970 ut
1118 2905 1235 2972 reddat
1264 2907 1294 2971 ei
1324 2928 1428 2973 reum.
1480 2905 1514 2971 Si
1542 2906 1598 2971 ille
1623 2904 1855 2970 contradixerit

232 3019 291 3078 etw
315 3031 390 3076 eum
413 3010 550 3076 reddere
573 3011 726 3089 noluerit,
749 3011 782 3074 in
806 3011 910 3097 prima
933 3010 1189 3076 contradictione
1213 3010 1328 3076 solidis
1359 3010 1543 3096 quindecim
1573 3009 1746 3096 culpabilis
1770 3007 1853 3072 iudi-

189 3145 214 3186 ιι
233 3123 336 3181 cetur.
381 3115 416 3180 Si
441 3114 481 3178 ad
506 3112 683 3179 secundam
706 3115 948 3199 inquisitionem
972 3134 1046 3179 eum
1070 3113 1207 3179 reddere
1228 3114 1380 3195 noluerit,
1403 3115 1539 3202 triginta
1555 3115 1667 3180 solidis
1684 3111 1855 3200 culpabilis

231 3221 400 3286 iudicetur.
446 3217 481 3282 Si
503 3238 563 3284 nec
592 3217 633 3281 ad
663 3219 791 3283 tertiam
815 3218 1056 3304 inquisitionem
1080 3220 1267 3284 consentire
1290 3220 1448 3298 voluerit,
1472 3218 1623 3306 quioquid
1648 3237 1724 3282 reus
1746 3214 1854 3280 damni

231 3325 317 3404 fecit,
342 3329 445 3388 totum
470 3321 536 3399 ille,
559 3322 614 3407 qui
631 3341 705 3386 eum
722 3321 807 3386 infra
822 3323 1058 3387 immunitatem
1076 3323 1197 3387 retinet
1212 3343 1272 3388 neo
1298 3322 1435 3389 reddere
1456 3323 1535 3402 vult,
1559 3322 1686 3386 solvere
1710 3324 1855 3404 cogatur,

231 3434 265 3494 et
294 3429 364 3514 ipse
393 3446 502 3491 comes
534 3425 668 3490 veniens
698 3425 865 3491 licentiam
898 3425 1021 3491 habeat
1049 3426 1155 3511 ipsum
1184 3425 1349 3491 hominem
1378 3426 1462 3491 infra
1490 3425 1728 3490 immunitatem
1756 3443 1855 3508 quae-

231 3531 333 3612 rendi,
357 3530 552 3615 ubicumque
577 3549 651 3594 eum
673 3529 820 3595 invenire
843 3531 993 3615 potuerit.
1047 3529 1082 3594 Si
1110 3537 1220 3596 autem
1252 3531 1286 3595 in
1309 3532 1414 3617 prima
1436 3531 1646 3616 inquisitione
1669 3527 1779 3592 comiti
1803 3548 1855 3590 re·

189 3670 214 3708 ³0
232 3654 388 3721 sponsum
416 3632 529 3712 fuerit,
560 3632 646 3717 quod
676 3653 752 3698 reus
779 3633 862 3698 infra
889 3632 1128 3698 immunitatem
1156 3633 1288 3720 quidem
1316 3635 1446 3714 fuisset,
1477 3633 1535 3699 sed
1564 3633 1643 3718 fuga
1669 3633 1781 3719 lapsus
1804 3631 1856 3706 sit,

232 3740 327 3819 iuret,
350 3736 437 3823 quod
459 3737 530 3823 ipse
555 3757 628 3800 eum
652 3735 692 3802 ad
715 3737 873 3801 iustitiam
897 3738 1072 3803 cuiuslibet
1094 3737 1327 3804 disfaciendam
1350 3738 1466 3824 fugere
1489 3759 1554 3802 non
1577 3738 1726 3814 fecisset,
1758 3742 1792 3801 et
1815 3736 1856 3798 sit

234 3842 263 3906 ei
287 3844 320 3906 in
343 3841 406 3906 hoc
430 3840 644 3906 satisfactum.
690 3838 824 3905 sivero
854 3841 988 3905 intranti
1016 3843 1071 3908 in*
1099 3842 1205 3927 ipsam
1232 3843 1470 3926 immunitatem
1502 3833 1590 3906 vell1
1618 3841 1651 3906 in
1681 3839 1857 3906 cuiuslibet

233 3945 371 4011 hominis
394 3951 592 4031 potestatem
616 3945 669 4010 vel
697 3936 964 4031 proprietatem⁵¹
991 3944 1100 4010 comiti
1123 3945 1262 4010 collecta
1284 3967 1383 4012 manu
1406 3946 1545 4032 quilibet
1568 3945 1723 4011 resistere
1746 3947 1854 4008 tenta-

235 4051 325 4129 verit,
350 4070 459 4114 comes
490 4050 553 4114 hoc
581 4049 623 4114 ad
644 4070 757 4134 regem
788 4049 859 4113 vely
887 4050 1066 4136 principem
1090 4049 1233 4130 deferat,
1263 4056 1297 4115 et
1326 4051 1370 4115 ibi
1395 4049 1566 4115 iudicetur.
1618 4047 1661 4112 Et
1684 4048 1767 4113 sicut
1789 4046 1857 4125 ills,

191 4181 216 4222 as
235 4155 289 4240 qui
313 4155 345 4217 in
374 4153 578 4219 immunitate
606 4151 759 4218 damnum
789 4152 883 4233 feeit,
912 4155 1077 4219 sexcentis
1106 4154 1217 4220 solidis
1248 4154 1398 4241 componi
1431 4153 1559 4232 debet¹,
1590 4153 1636 4217 ita
1663 4153 1717 4237 qui
1747 4151 1856 4216 comiti

233 4258 373 4324 collecta
396 4278 492 4324 manu
515 4259 670 4323 resistere
693 4259 960 4345 praesumpserit,
985 4259 1149 4325 sexcentis
1174 4259 1285 4324 solidis
1310 4258 1482 4346 culpabilis
1505 4254 1687 4322 iudicetur.'

343 4364 391 4428 19.
424 4361 490 4425 Ut⁸
514 4362 630 4426 melius
653 4367 687 4427 et
710 4360 912 4428 commodius
936 4363 1017 4429 haec
1038 4363 1245 4451 providentia
1267 4363 1308 4428 de
1325 4362 1419 4428 bonis
1434 4361 1578 4428 denariis
1602 4381 1667 4426 non
1683 4357 1857 4426 reiciendis

233 4471 266 4530 et
294 4466 335 4531 de
363 4471 515 4532 monetae
538 4465 642 4530 falsae
666 4465 808 4532 denariis
838 4467 992 4532 custodiri
1019 4469 1136 4554 possit,
1167 4468 1333 4549 volumus,
1363 4473 1398 4531 ut
1427 4467 1651 4552 unusquisque
1682 4484 1792 4550 comes
1817 4462 1857 4526 de

335 4647 364 4713 b)
381 4649 419 4699 ita
436 4649 524 4707 codd,-
542 4649 591 4716 cfr.
609 4657 660 4701 not
679 4647 720 4702 31.
811 4649 837 4720 c)
855 4652 978 4704 medetur
996 4648 1021 4703 3.
1117 4651 1143 4712 d)
1163 4653 1221 4714 Qua
1244 4651 1380 4718 diligentia
1403 4651 1547 4702 cavendum
1565 4651 1611 4714 sit,
1634 4665 1667 4701 ue
1692 4647 1859 4700 fraudulenta

190 4753 216 4792 to
234 4744 336 4789 moneta
353 4736 407 4799 liat,
425 4743 451 4786 et
468 4735 499 4786 de
518 4735 589 4786 falsis
606 4735 753 4788 monetariis
771 4737 842 4788 mbr.
861 4736 888 4788 io
906 4735 931 4788 6.
1025 4735 1050 4800 a)
1069 4753 1116 4786 ona
1135 4734 1160 4788 3.
1255 4737 1281 4801 f)
1301 4754 1350 4788 om.
1368 4735 1393 4789 4.
1480 4734 1509 4805 g)
1527 4735 1717 4788 fraudulentam
1803 4750 1858 4802 per·

233 4822 334 4873 cutiens
351 4839 399 4872 orn.
418 4819 442 4873 3.
530 4819 558 4886 h)
577 4821 727 4874 abscidatur
745 4821 770 4874 3.
857 4822 877 4887 i)
896 4823 963 4887 Quid
981 4823 1124 4890 agendum,
1147 4823 1169 4874 si
1192 4822 1275 4874 falsus
1297 4824 1453 4875 monetarius
1470 4824 1496 4873 in
1515 4837 1678 4888 quacumque
1696 4821 1858 4872 immunitate

234 4909 368 4962 intraverit
384 4908 417 4959 ad
435 4924 462 4959 se
480 4907 642 4960 liberandum
660 4909 732 4960 rubr.
750 4910 779 4960 a'n
797 4908 825 4970 6;
846 4911 887 4963 Ut.
992 4909 1020 4972 1ι)
1040 4909 1167 4960 occultam
1185 4906 1210 4961 6.
1316 4908 1336 4976 1)
1354 4917 1438 4976 potest
1461 4927 1491 4962 eo
1514 4911 1582 4976 quod
1601 4910 1627 4960 iu
1646 4909 1709 4960 fisco
1729 4916 1816 4959 nostro
1834 4905 1859 4958 3.

234 4995 270 5060 m)
288 5011 451 5061 quacumque
468 4993 493 5047 b.
512 4993 536 5046 6.
617 4995 645 5058 n)
662 4995 685 5046 si
704 4995 916 5061 ...confugerit
933 5011 982 5046 om.
1002 4993 1027 5046 6.
1107 4994 1133 5059 ο)
1152 4995 1279 5046 indicetur
1298 4993 1321 5046 1.
1401 4993 1427 5062 p)
1446 5013 1494 5046 ons.
1513 4994 1537 5047 1.
1618 4994 1645 5061 q)
1664 5001 1777 5045 naamam
1796 4989 1821 5044 4.
1835 4991 1860 5042 6.

234 5083 258 5146 ι)
276 5099 415 5135 consonare
432 5079 457 5134 3.
536 5082 558 5145 a)
576 5082 671 5150 proprii
688 5081 713 5133 6.
787 5080 809 5148 t)
827 5082 868 5132 his
885 5079 973 5134 4—6.
1049 5079 1078 5147 u)
1096 5098 1146 5133 om.
1163 5079 1188 5132 4.
1258 5081 1285 5146 v)
1304 5082 1346 5132 val
1432 5082 1543 5149 potantis
1561 5098 1610 5134 ons.
1628 5079 1653 5132 6.
1724 5080 1758 5144 ιι)
1772 5095 1821 5130 orn.
1835 5077 1859 5130 5.

190 5181 216 5218 to
234 5167 263 5235 x)
281 5185 330 5221 om.
348 5167 372 5220 6.
460 5167 489 5236 y)
506 5168 540 5220 ad
558 5167 620 5220 aad.
633 5166 658 5219 6.
750 5167 774 5232 z)
793 5168 887 5220 debeat
903 5168 928 5221 6.
947 5166 971 5220 6.
1063 5168 1090 5232 a)
1109 5168 1202 5219 Omnia
1224 5175 1337 5220 mercata
1360 5168 1528 5220 describenda
1549 5167 1774 5230 nuntiandumque
1797 5165 1860 5230 rogi,

235 5264 264 5309 nt
281 5257 389 5321 difiniat,
407 5262 470 5322 quot
487 5266 512 5308 ot
530 5257 556 5307 iu
574 5256 669 5321 quibus
688 5255 750 5307 locis
768 5255 858 5307 haberi
876 5257 991 5310 debeant
1009 5254 1081 5306 mbr.
1098 5254 1128 5304 in
1145 5254 1170 5306 6.

337 5417 383 5485 42)
401 5417 437 5472 In
453 5433 515 5487 cap.
531 5418 571 5472 13.
656 5418 701 5486 43)
719 5421 752 5472 ut
773 5418 923 5488 sexaginta
946 5417 1018 5472 ictus
1039 5415 1161 5486 accipiat
1177 5415 1272 5484 Arsam
1350 5416 1395 5482 44)
1419 5413 1475 5482 Otr.
1495 5413 1560 5482 Cap.
1578 5413 1676 5468 θῆναι.
1693 5413 1757 5480 853,
1777 5427 1862 5481 aspro

231 5523 334 5593 pm,
350 5524 414 5584 alr
432 5523 521 5578 Waltz
539 5522 589 5578 tc.
609 5517 678 5591 11⁷²,
700 5523 855 5592 petuma.
948 5523 993 5593 45)
1012 5521 1103 5590 Supra
1120 5521 1196 5575 alb.
1215 5521 1256 5574 17.
1346 5519 1392 5584 tf»)
1410 5518 1507 5586 Aaoep.
1522 5517 1580 5586 111,
1598 5533 1620 5573 c.
1632 5518 1674 5584 26,
1693 5517 1709 5570 l.
1722 5532 1745 5571 c.
1760 5532 1789 5584 p.
1802 5517 1861 5570 428.

235 5627 281 5695 47)
300 5627 376 5697 publ.
396 5626 434 5681 rei
452 5627 580 5681 minister
596 5627 649 5682 des.
666 5644 710 5696 op.
727 5629 825 5697 Anseg.
917 5629 963 5696 48)
982 5628 1025 5682 vel
1045 5625 1219 5681 vicedomino
1236 5623 1300 5679 odd.
1319 5624 1416 5694 Aosey.
1503 5625 1548 5691 49)
1568 5624 1611 5678 vel
1630 5622 1790 5676 abbatissae
1807 5621 1861 5678 des.

193 5751 218 5790 ao
234 5747 279 5800 op.
293 5731 386 5800 Ausa.
467 5733 512 5794 oo)
531 5731 573 5784 vei
594 5773 639 5786 ...
658 5732 816 5801 confugerit
827 5733 896 5787 item.
986 5734 1029 5798 fil)
1050 5731 1093 5784 vel
1113 5769 1161 5784 ...
1179 5729 1379 5799 proprietatem
1398 5729 1465 5780 itera
