<?xml version="1.0" encoding="UTF-8"?>
<!DOCTYPE html PUBLIC "-//W3C//DTD XHTML 1.0 Transitional//EN"
    "http://www.w3.org/TR/xhtml1/DTD/xhtml1-transitional.dtd">
<html xmlns="http://www.w3.org/1999/xhtml" xml:lang="en" lang="en">
 <head>
  <title>
</title>
<meta http-equiv="Content-Type" content="text/html;charset=utf-8" />
  <meta name='ocr-system' content='tesseract 3.04.00' />
  <meta name='ocr-capabilities' content='ocr_page ocr_carea ocr_par ocr_line ocrx_word'/>
</head>
<body>
  <div class='ocr_page' id='page_1' title='image "./monumentagerman07mittgoog_0558.png"; bbox 0 0 4568 6420; ppageno 0'>
   <div class='ocr_carea' id='block_1_1' title="bbox 483 438 1865 512">
    <p class='ocr_par' dir='ltr' id='par_1_1' title="bbox 483 438 1865 512">
     <span class='ocr_line' id='line_1_1' title="bbox 483 438 1865 512; baseline 0.016 -22"><span class='ocrx_word' id='word_1_1' title='bbox 483 438 791 494; x_wconf 75' lang='lat' dir='ltr'><strong>wanaualnusua</strong></span> <span class='ocrx_word' id='word_1_2' title='bbox 809 441 981 496; x_wconf 82' lang='lat' dir='ltr'><strong>nxoanus</strong></span> <span class='ocrx_word' id='word_1_3' title='bbox 1001 442 1046 496; x_wconf 79' lang='lat' dir='ltr'><strong>E&#39;l&#39;</strong></span> <span class='ocrx_word' id='word_1_4' title='bbox 1065 441 1314 497; x_wconf 73' lang='lat' dir='ltr'><strong>lucauunuuls</strong></span> <span class='ocrx_word' id='word_1_5' title='bbox 1333 444 1414 498; x_wconf 79' lang='lat' dir='ltr'><strong>BER.</strong></span> <span class='ocrx_word' id='word_1_6' title='bbox 1433 445 1529 500; x_wconf 83' lang='lat' dir='ltr'><strong>ECGL.</strong></span> <span class='ocrx_word' id='word_1_7' title='bbox 1548 463 1570 500; x_wconf 93' lang='lat' dir='ltr'><strong>c.</strong></span> <span class='ocrx_word' id='word_1_8' title='bbox 1582 447 1623 500; x_wconf 78' lang='grc'><strong>39.</strong></span> <span class='ocrx_word' id='word_1_9' title='bbox 1802 453 1865 512; x_wconf 88' lang='grc'><strong>515</strong></span> 
     </span>
    </p>
   </div>
   <div class='ocr_carea' id='block_1_2' title="bbox 138 609 1871 4437">
    <p class='ocr_par' dir='ltr' id='par_1_2' title="bbox 138 609 1871 4437">
     <span class='ocr_line' id='line_1_2' title="bbox 243 609 1866 705; baseline 0.007 -32"><span class='ocrx_word' id='word_1_10' title='bbox 243 611 293 674; x_wconf 87' lang='lat' dir='ltr'><strong>vel</strong></span> <span class='ocrx_word' id='word_1_11' title='bbox 316 611 425 692; x_wconf 77' lang='lat' dir='ltr'>caedri</span> <span class='ocrx_word' id='word_1_12' title='bbox 450 612 489 676; x_wconf 88' lang='lat' dir='ltr'><strong>de</strong></span> <span class='ocrx_word' id='word_1_13' title='bbox 514 613 638 677; x_wconf 88' lang='lat' dir='ltr'><strong>Libano</strong></span> <span class='ocrx_word' id='word_1_14' title='bbox 663 616 770 678; x_wconf 81' lang='lat' dir='ltr'><strong>caesiq</strong></span> <span class='ocrx_word' id='word_1_15' title='bbox 794 617 826 678; x_wconf 92' lang='lat' dir='ltr'><strong>in</strong></span> <span class='ocrx_word' id='word_1_16' title='bbox 851 618 963 702; x_wconf 90' lang='lat' dir='ltr'><strong>templi</strong></span> <span class='ocrx_word' id='word_1_17' title='bbox 988 615 1247 680; x_wconf 86' lang='lat' dir='ltr'><strong>aedificationem</strong></span> <span class='ocrx_word' id='word_1_18' title='bbox 1271 609 1517 700; x_wconf 77' lang='lat' dir='ltr'><strong>proiecisse¹⁹¹,</strong></span> <span class='ocrx_word' id='word_1_19' title='bbox 1542 610 1687 682; x_wconf 75' lang='grc'><strong>111111·92</strong></span> <span class='ocrx_word' id='word_1_20' title='bbox 1711 623 1866 705; x_wconf 60' lang='lat' dir='ltr'><strong>quoquei,</strong></span> 
     </span>
     <span class='ocr_line' id='line_1_3' title="bbox 241 707 1456 807; baseline 0.007 -29"><span class='ocrx_word' id='word_1_21' title='bbox 241 707 603 782; x_wconf 70' lang='grc' dir='ltr'><strong>111111ι9311Αο1ιίοι91</strong></span> <span class='ocrx_word' id='word_1_22' title='bbox 627 720 659 782; x_wconf 92' lang='lat' dir='ltr'><strong>in</strong></span> <span class='ocrx_word' id='word_1_23' title='bbox 682 740 851 784; x_wconf 87' lang='lat' dir='ltr'><strong>numerum</strong></span> <span class='ocrx_word' id='word_1_24' title='bbox 876 721 988 807; x_wconf 91' lang='lat' dir='ltr'><strong>populi</strong></span> <span class='ocrx_word' id='word_1_25' title='bbox 1011 719 1075 784; x_wconf 90' lang='lat' dir='ltr'><strong>Dei</strong></span> <span class='ocrx_word' id='word_1_26' title='bbox 1098 720 1248 784; x_wconf 76' lang='lat' dir='ltr'><strong>translati</strong></span> <span class='ocrx_word' id='word_1_27' title='bbox 1272 727 1456 786; x_wconf 90' lang='lat' dir='ltr'><strong>narrantur.</strong></span> 
     </span>
     <span class='ocr_line' id='line_1_4' title="bbox 352 817 1867 906; baseline 0.003 -23"><span class='ocrx_word' id='word_1_28' title='bbox 352 817 445 884; x_wconf 86' lang='lat' dir='ltr'><strong>Siout</strong></span> <span class='ocrx_word' id='word_1_29' title='bbox 479 822 631 906; x_wconf 80' lang='lat' dir='ltr'><strong>augusti¹¹</strong></span> <span class='ocrx_word' id='word_1_30' title='bbox 665 820 884 896; x_wconf 84' lang='lat' dir='ltr'><strong>Romanorum</strong></span> <span class='ocrx_word' id='word_1_31' title='bbox 919 824 1018 886; x_wconf 91' lang='lat' dir='ltr'><strong>totius</strong></span> <span class='ocrx_word' id='word_1_32' title='bbox 1054 822 1141 886; x_wconf 91' lang='lat' dir='ltr'><strong>orbis</strong></span> <span class='ocrx_word' id='word_1_33' title='bbox 1175 823 1398 886; x_wconf 82' lang='lat' dir='ltr'>monarchiam</span> <span class='ocrx_word' id='word_1_34' title='bbox 1430 825 1573 887; x_wconf 86' lang='lat' dir='ltr'><strong>tenuisse</strong></span> <span class='ocrx_word' id='word_1_35' title='bbox 1608 824 1787 906; x_wconf 76' lang='lat' dir='ltr'><strong>teruntur&#39;,</strong></span> <span class='ocrx_word' id='word_1_36' title='bbox 1821 826 1867 889; x_wconf 88' lang='lat' dir='ltr'><strong>ita</strong></span> 
     </span>
     <span class='ocr_line' id='line_1_5' title="bbox 244 923 1866 1014; baseline 0.004 -28"><span class='ocrx_word' id='word_1_37' title='bbox 244 943 389 986; x_wconf 90' lang='lat' dir='ltr'><strong>summus</strong></span> <span class='ocrx_word' id='word_1_38' title='bbox 421 925 570 1009; x_wconf 83' lang='lat' dir='ltr'><strong>pontifex</strong></span> <span class='ocrx_word' id='word_1_39' title='bbox 602 927 634 988; x_wconf 92' lang='lat' dir='ltr'><strong>in</strong></span> <span class='ocrx_word' id='word_1_40' title='bbox 667 923 744 989; x_wconf 90' lang='lat' dir='ltr'><strong>sede</strong></span> <span class='ocrx_word' id='word_1_41' title='bbox 774 925 922 990; x_wconf 87' lang='lat' dir='ltr'><strong>Romana</strong></span> <span class='ocrx_word' id='word_1_42' title='bbox 946 927 1048 989; x_wconf 86' lang='lat' dir='ltr'><strong>vicem</strong></span> <span class='ocrx_word' id='word_1_43' title='bbox 1078 926 1168 990; x_wconf 90' lang='lat' dir='ltr'><strong>beati</strong></span> <span class='ocrx_word' id='word_1_44' title='bbox 1192 925 1282 989; x_wconf 88' lang='lat' dir='ltr'><strong>Petri</strong></span> <span class='ocrx_word' id='word_1_45' title='bbox 1310 946 1428 1009; x_wconf 87' lang='lat' dir='ltr'><strong>gerens</strong></span> <span class='ocrx_word' id='word_1_46' title='bbox 1460 928 1558 990; x_wconf 91' lang='lat' dir='ltr'><strong>totius</strong></span> <span class='ocrx_word' id='word_1_47' title='bbox 1583 929 1743 992; x_wconf 85' lang='lat' dir='ltr'><strong>ecclesiae</strong></span> <span class='ocrx_word' id='word_1_48' title='bbox 1773 931 1866 1014; x_wconf 87' lang='lat' dir='ltr'><strong>apice</strong></span> 
     </span>
     <span class='ocr_line' id='line_1_6' title="bbox 198 1019 1868 1112; baseline 0.004 -24"><span class='ocrx_word' id='word_1_49' title='bbox 198 1050 209 1088; x_wconf 79' lang='lat' dir='ltr'><strong>a</strong></span> <span class='ocrx_word' id='word_1_50' title='bbox 242 1026 454 1100; x_wconf 89' lang='lat' dir='ltr'><strong>sublimatur;</strong></span> <span class='ocrx_word' id='word_1_51' title='bbox 478 1027 518 1092; x_wconf 90' lang='lat' dir='ltr'><strong>de</strong></span> <span class='ocrx_word' id='word_1_52' title='bbox 542 1049 604 1112; x_wconf 92' lang='lat' dir='ltr'><strong>quo</strong></span> <span class='ocrx_word' id='word_1_53' title='bbox 623 1028 837 1094; x_wconf 83' lang='lat' dir='ltr'><strong>Sardicensi&#39;</strong></span> <span class='ocrx_word' id='word_1_54' title='bbox 861 1029 999 1092; x_wconf 91' lang='lat' dir='ltr'><strong>concilio</strong></span> <span class='ocrx_word' id='word_1_55' title='bbox 1024 1019 1212 1093; x_wconf 75' lang='lat' dir='ltr'><strong>statuitur⁹⁶</strong></span> <span class='ocrx_word' id='word_1_56' title='bbox 1237 1035 1427 1093; x_wconf 89' lang='lat' dir='ltr'><strong>cunctorum</strong></span> <span class='ocrx_word' id='word_1_57' title='bbox 1452 1035 1574 1094; x_wconf 87' lang='lat' dir='ltr'><strong>statuta</strong></span> <span class='ocrx_word' id='word_1_58' title='bbox 1598 1029 1638 1094; x_wconf 88' lang='lat' dir='ltr'><strong>ad</strong></span> <span class='ocrx_word' id='word_1_59' title='bbox 1662 1051 1734 1094; x_wconf 88' lang='lat' dir='ltr'><strong>eum</strong></span> <span class='ocrx_word' id='word_1_60' title='bbox 1753 1032 1868 1096; x_wconf 82' lang='lat' dir='ltr'><strong>reterri</strong></span> 
     </span>
     <span class='ocr_line' id='line_1_7' title="bbox 241 1130 1867 1220; baseline 0.003 -27"><span class='ocrx_word' id='word_1_61' title='bbox 241 1130 360 1196; x_wconf 87' lang='lat' dir='ltr'><strong>debere</strong></span> <span class='ocrx_word' id='word_1_62' title='bbox 383 1130 480 1216; x_wconf 89' lang='lat' dir='ltr'><strong>idque</strong></span> <span class='ocrx_word' id='word_1_63' title='bbox 504 1131 755 1212; x_wconf 84' lang='lat' dir='ltr'><strong>observandum,</strong></span> <span class='ocrx_word' id='word_1_64' title='bbox 782 1131 868 1216; x_wconf 92' lang='lat' dir='ltr'><strong>quod</strong></span> <span class='ocrx_word' id='word_1_65' title='bbox 893 1131 963 1215; x_wconf 90' lang='lat' dir='ltr'><strong>ipsc</strong></span> <span class='ocrx_word' id='word_1_66' title='bbox 987 1132 1146 1195; x_wconf 87' lang='lat' dir='ltr'><strong>statuerit.</strong></span> <span class='ocrx_word' id='word_1_67' title='bbox 1194 1131 1285 1196; x_wconf 88' lang='lat' dir='ltr'><strong>Sicut</strong></span> <span class='ocrx_word' id='word_1_68' title='bbox 1307 1151 1555 1197; x_wconf 84' lang='lat' dir='ltr'><strong>verc·summus</strong></span> <span class='ocrx_word' id='word_1_69' title='bbox 1579 1134 1725 1198; x_wconf 85' lang='lat' dir='ltr'><strong>saeculi¹</strong></span> <span class='ocrx_word' id='word_1_70' title='bbox 1748 1135 1867 1220; x_wconf 90' lang='lat' dir='ltr'><strong>princi·</strong></span> 
     </span>
     <span class='ocr_line' id='line_1_8' title="bbox 240 1233 1866 1323; baseline 0.002 -24"><span class='ocrx_word' id='word_1_71' title='bbox 240 1241 335 1320; x_wconf 89' lang='lat' dir='ltr'><strong>patus</strong></span> <span class='ocrx_word' id='word_1_72' title='bbox 359 1255 423 1298; x_wconf 91' lang='lat' dir='ltr'><strong>non</strong></span> <span class='ocrx_word' id='word_1_73' title='bbox 452 1241 577 1298; x_wconf 87' lang='lat' dir='ltr'><strong>tantum</strong></span> <span class='ocrx_word' id='word_1_74' title='bbox 602 1234 688 1319; x_wconf 88' lang='lat' dir='ltr'><strong>apud</strong></span> <span class='ocrx_word' id='word_1_75' title='bbox 710 1233 893 1314; x_wconf 88' lang='lat' dir='ltr'><strong>Romanos,</strong></span> <span class='ocrx_word' id='word_1_76' title='bbox 925 1236 1159 1299; x_wconf 88' lang='lat' dir='ltr'><strong>verumetiam</strong></span> <span class='ocrx_word' id='word_1_77' title='bbox 1184 1233 1271 1321; x_wconf 92' lang='lat' dir='ltr'><strong>apud</strong></span> <span class='ocrx_word' id='word_1_78' title='bbox 1295 1236 1431 1299; x_wconf 89' lang='lat' dir='ltr'><strong>aliarum</strong></span> <span class='ocrx_word' id='word_1_79' title='bbox 1461 1238 1600 1323; x_wconf 87' lang='lat' dir='ltr'><strong>partium</strong></span> <span class='ocrx_word' id='word_1_80' title='bbox 1625 1245 1742 1323; x_wconf 85' lang='lat' dir='ltr'><strong>gentes</strong></span> <span class='ocrx_word' id='word_1_81' title='bbox 1767 1240 1866 1303; x_wconf 88' lang='lat' dir='ltr'><strong>inter-</strong></span> 
     </span>
     <span class='ocr_line' id='line_1_9' title="bbox 242 1338 1868 1424; baseline 0.002 -22"><span class='ocrx_word' id='word_1_82' title='bbox 242 1339 337 1402; x_wconf 75' lang='lat' dir='ltr'><strong>dumy</strong></span> <span class='ocrx_word' id='word_1_83' title='bbox 369 1339 443 1418; x_wconf 86' lang='lat' dir='ltr'><strong>luit,</strong></span> <span class='ocrx_word' id='word_1_84' title='bbox 476 1339 522 1402; x_wconf 92' lang='lat' dir='ltr'><strong>ita</strong></span> <span class='ocrx_word' id='word_1_85' title='bbox 556 1348 589 1403; x_wconf 90' lang='lat' dir='ltr'><strong>et</strong></span> <span class='ocrx_word' id='word_1_86' title='bbox 624 1338 708 1404; x_wconf 88' lang='lat' dir='ltr'><strong>aliae</strong></span> <span class='ocrx_word' id='word_1_87' title='bbox 740 1340 899 1404; x_wconf 87' lang='lat' dir='ltr'><strong>ecclesiae</strong></span> <span class='ocrx_word' id='word_1_88' title='bbox 932 1338 1083 1424; x_wconf 78' lang='lat' dir='ltr'><strong>dignitati</strong></span> <span class='ocrx_word' id='word_1_89' title='bbox 1121 1338 1228 1402; x_wconf 66' lang='lat' dir='ltr'><strong>sedis*</strong></span> <span class='ocrx_word' id='word_1_90' title='bbox 1260 1339 1428 1404; x_wconf 85' lang='lat' dir='ltr'><strong>Romanae</strong></span> <span class='ocrx_word' id='word_1_91' title='bbox 1462 1342 1700 1420; x_wconf 80' lang='lat' dir='ltr'><strong>consotientur,</strong></span> <span class='ocrx_word' id='word_1_92' title='bbox 1734 1341 1785 1405; x_wconf 81' lang='lat' dir='ltr'><strong>id·</strong></span> <span class='ocrx_word' id='word_1_93' title='bbox 1817 1349 1868 1407; x_wconf 90' lang='lat' dir='ltr'><strong>est</strong></span> 
     </span>
     <span class='ocr_line' id='line_1_10' title="bbox 242 1437 1866 1519; baseline 0.002 -14"><span class='ocrx_word' id='word_1_94' title='bbox 242 1442 473 1506; x_wconf 82' lang='lat' dir='ltr'><strong>Antiochensis</strong></span> <span class='ocrx_word' id='word_1_95' title='bbox 503 1442 534 1505; x_wconf 93' lang='lat' dir='ltr'><strong>in</strong></span> <span class='ocrx_word' id='word_1_96' title='bbox 564 1441 658 1519; x_wconf 87' lang='lat' dir='ltr'><strong>Asia,</strong></span> <span class='ocrx_word' id='word_1_97' title='bbox 690 1441 937 1506; x_wconf 60' lang='lat' dir='ltr'><strong>Alexandrinab</strong></span> <span class='ocrx_word' id='word_1_98' title='bbox 965 1443 998 1505; x_wconf 90' lang='lat' dir='ltr'><strong>in</strong></span> <span class='ocrx_word' id='word_1_99' title='bbox 1025 1442 1148 1506; x_wconf 77' lang='lat' dir='ltr'><strong>Africa.</strong></span> <span class='ocrx_word' id='word_1_100' title='bbox 1202 1440 1241 1505; x_wconf 92' lang='lat' dir='ltr'><strong>In</strong></span> <span class='ocrx_word' id='word_1_101' title='bbox 1275 1443 1409 1506; x_wconf 89' lang='lat' dir='ltr'><strong>concilio</strong></span> <span class='ocrx_word' id='word_1_102' title='bbox 1440 1444 1525 1508; x_wconf 87' lang='lat' dir='ltr'><strong>enim</strong></span> <span class='ocrx_word' id='word_1_103' title='bbox 1558 1437 1719 1508; x_wconf 76' lang='lat' dir='ltr'><strong>Nicen0⁹⁶</strong></span> <span class='ocrx_word' id='word_1_104' title='bbox 1752 1446 1866 1510; x_wconf 91' lang='lat' dir='ltr'><strong>harum</strong></span> 
     </span>
     <span class='ocr_line' id='line_1_11' title="bbox 191 1546 1868 1635; baseline 0.006 -30"><span class='ocrx_word' id='word_1_105' title='bbox 191 1566 215 1605; x_wconf 84' lang='lat' dir='ltr'><strong>ro</strong></span> <span class='ocrx_word' id='word_1_106' title='bbox 243 1547 339 1610; x_wconf 89' lang='lat' dir='ltr'><strong>trium</strong></span> <span class='ocrx_word' id='word_1_107' title='bbox 362 1547 567 1632; x_wconf 88' lang='lat' dir='ltr'><strong>privilegium</strong></span> <span class='ocrx_word' id='word_1_108' title='bbox 591 1546 805 1610; x_wconf 88' lang='lat' dir='ltr'><strong>ecclesiarum</strong></span> <span class='ocrx_word' id='word_1_109' title='bbox 830 1547 946 1610; x_wconf 88' lang='lat' dir='ltr'><strong>ceteris</strong></span> <span class='ocrx_word' id='word_1_110' title='bbox 969 1547 1119 1611; x_wconf 90' lang='lat' dir='ltr'><strong>omnibus</strong></span> <span class='ocrx_word' id='word_1_111' title='bbox 1143 1546 1391 1612; x_wconf 81' lang='lat' dir='ltr'><strong>anteferendum</strong></span> <span class='ocrx_word' id='word_1_112' title='bbox 1416 1549 1611 1614; x_wconf 87' lang='lat' dir='ltr'><strong>ostenditur.</strong></span> <span class='ocrx_word' id='word_1_113' title='bbox 1650 1549 1717 1614; x_wconf 82' lang='lat' dir='ltr'><strong>Sed</strong></span> <span class='ocrx_word' id='word_1_114' title='bbox 1741 1558 1868 1635; x_wconf 80' lang='lat' dir='ltr'><strong>potast⁰</strong></span> 
     </span>
     <span class='ocr_line' id='line_1_12' title="bbox 242 1649 1867 1740; baseline 0.003 -27"><span class='ocrx_word' id='word_1_115' title='bbox 242 1651 338 1714; x_wconf 91' lang='lat' dir='ltr'><strong>trium</strong></span> <span class='ocrx_word' id='word_1_116' title='bbox 368 1651 509 1714; x_wconf 90' lang='lat' dir='ltr'><strong>locorum</strong></span> <span class='ocrx_word' id='word_1_117' title='bbox 540 1651 717 1714; x_wconf 89' lang='lat' dir='ltr'><strong>eminentia</strong></span> <span class='ocrx_word' id='word_1_118' title='bbox 746 1649 785 1714; x_wconf 91' lang='lat' dir='ltr'><strong>ad</strong></span> <span class='ocrx_word' id='word_1_119' title='bbox 817 1670 912 1714; x_wconf 91' lang='lat' dir='ltr'><strong>unam</strong></span> <span class='ocrx_word' id='word_1_120' title='bbox 943 1650 1134 1734; x_wconf 90' lang='lat' dir='ltr'><strong>dignitatem</strong></span> <span class='ocrx_word' id='word_1_121' title='bbox 1165 1650 1294 1730; x_wconf 89' lang='lat' dir='ltr'><strong>referri,</strong></span> <span class='ocrx_word' id='word_1_122' title='bbox 1326 1653 1403 1736; x_wconf 90' lang='lat' dir='ltr'><strong>quia</strong></span> <span class='ocrx_word' id='word_1_123' title='bbox 1432 1653 1464 1716; x_wconf 94' lang='lat' dir='ltr'><strong>in</strong></span> <span class='ocrx_word' id='word_1_124' title='bbox 1494 1652 1619 1716; x_wconf 91' lang='lat' dir='ltr'><strong>duobus</strong></span> <span class='ocrx_word' id='word_1_125' title='bbox 1652 1654 1764 1717; x_wconf 90' lang='lat' dir='ltr'><strong>horum</strong></span> <span class='ocrx_word' id='word_1_126' title='bbox 1796 1655 1867 1740; x_wconf 90' lang='lat' dir='ltr'><strong>ipse</strong></span> 
     </span>
     <span class='ocr_line' id='line_1_13' title="bbox 194 1752 1870 1840; baseline 0.002 -22"><span class='ocrx_word' id='word_1_127' title='bbox 194 1794 196 1798; x_wconf 94' lang='lat'>-</span> <span class='ocrx_word' id='word_1_128' title='bbox 241 1755 360 1829; x_wconf 85' lang='lat' dir='ltr'><strong>Petrus</strong></span> <span class='ocrx_word' id='word_1_129' title='bbox 385 1753 480 1832; x_wconf 87' lang='lat' dir='ltr'><strong>sedit,</strong></span> <span class='ocrx_word' id='word_1_130' title='bbox 509 1752 661 1817; x_wconf 84' lang='lat' dir='ltr'><strong>tertiumd</strong></span> <span class='ocrx_word' id='word_1_131' title='bbox 685 1753 904 1829; x_wconf 80' lang='lat' dir='ltr'><strong>nihilominus,</strong></span> <span class='ocrx_word' id='word_1_132' title='bbox 933 1753 983 1816; x_wconf 78' lang='lat' dir='ltr'><strong>id⁸</strong></span> <span class='ocrx_word' id='word_1_133' title='bbox 1008 1760 1075 1817; x_wconf 73' lang='grc' dir='ltr'><strong>111ο</strong></span> <span class='ocrx_word' id='word_1_134' title='bbox 1099 1752 1343 1833; x_wconf 73' lang='lat' dir='ltr'><strong>Alexandriam,</strong></span> <span class='ocrx_word' id='word_1_135' title='bbox 1372 1776 1431 1840; x_wconf 89' lang='lat' dir='ltr'><strong>per</strong></span> <span class='ocrx_word' id='word_1_136' title='bbox 1453 1753 1599 1820; x_wconf 87' lang='lat' dir='ltr'><strong>Marcum</strong></span> <span class='ocrx_word' id='word_1_137' title='bbox 1632 1757 1734 1820; x_wconf 91' lang='lat' dir='ltr'><strong>lilium</strong></span> <span class='ocrx_word' id='word_1_138' title='bbox 1758 1758 1870 1822; x_wconf 77' lang='lat' dir='ltr'><strong>auum‘</strong></span> 
     </span>
     <span class='ocr_line' id='line_1_14' title="bbox 242 1855 1866 1943; baseline 0.004 -22"><span class='ocrx_word' id='word_1_139' title='bbox 242 1864 276 1921; x_wconf 87' lang='lat' dir='ltr'><strong>et</strong></span> <span class='ocrx_word' id='word_1_140' title='bbox 306 1857 528 1941; x_wconf 88' lang='lat' dir='ltr'><strong>evangelium,</strong></span> <span class='ocrx_word' id='word_1_141' title='bbox 558 1855 644 1941; x_wconf 92' lang='lat' dir='ltr'><strong>quod</strong></span> <span class='ocrx_word' id='word_1_142' title='bbox 668 1877 709 1920; x_wconf 89' lang='lat' dir='ltr'><strong>cx</strong></span> <span class='ocrx_word' id='word_1_143' title='bbox 744 1877 799 1920; x_wconf 87' lang='lat' dir='ltr'><strong>ore</strong></span> <span class='ocrx_word' id='word_1_144' title='bbox 829 1859 899 1922; x_wconf 90' lang='lat' dir='ltr'><strong>eius</strong></span> <span class='ocrx_word' id='word_1_145' title='bbox 931 1859 999 1943; x_wconf 90' lang='lat' dir='ltr'><strong>ipse</strong></span> <span class='ocrx_word' id='word_1_146' title='bbox 1022 1856 1152 1922; x_wconf 88' lang='lat' dir='ltr'><strong>Marcus</strong></span> <span class='ocrx_word' id='word_1_147' title='bbox 1175 1857 1409 1943; x_wconf 81' lang='lat' dir='ltr'><strong>descripserat,</strong></span> <span class='ocrx_word' id='word_1_148' title='bbox 1443 1882 1534 1924; x_wconf 87' lang='lat' dir='ltr'><strong>suom</strong></span> <span class='ocrx_word' id='word_1_149' title='bbox 1559 1861 1717 1926; x_wconf 83' lang='lat' dir='ltr'><strong>effecerat</strong></span> <span class='ocrx_word' id='word_1_150' title='bbox 1746 1863 1866 1928; x_wconf 90' lang='lat' dir='ltr'><strong>sedem.</strong></span> 
     </span>
     <span class='ocr_line' id='line_1_15' title="bbox 243 1960 1867 2047; baseline 0.004 -23"><span class='ocrx_word' id='word_1_151' title='bbox 243 1960 399 2025; x_wconf 88' lang='lat' dir='ltr'><strong>Similiter</strong></span> <span class='ocrx_word' id='word_1_152' title='bbox 428 1960 683 2046; x_wconf 90' lang='lat' dir='ltr'><strong>intellegendum</strong></span> <span class='ocrx_word' id='word_1_153' title='bbox 714 1960 754 2024; x_wconf 89' lang='lat' dir='ltr'><strong>de</strong></span> <span class='ocrx_word' id='word_1_154' title='bbox 783 1962 1021 2046; x_wconf 89' lang='lat' dir='ltr'><strong>principatibus</strong></span> <span class='ocrx_word' id='word_1_155' title='bbox 1052 1963 1189 2040; x_wconf 91' lang='lat' dir='ltr'><strong>saeculi,</strong></span> <span class='ocrx_word' id='word_1_156' title='bbox 1226 1962 1326 2047; x_wconf 91' lang='lat' dir='ltr'><strong>quod,</strong></span> <span class='ocrx_word' id='word_1_157' title='bbox 1362 1964 1510 2047; x_wconf 88' lang='lat' dir='ltr'><strong>quamvis</strong></span> <span class='ocrx_word' id='word_1_158' title='bbox 1545 1963 1577 2027; x_wconf 92' lang='lat' dir='ltr'><strong>in</strong></span> <span class='ocrx_word' id='word_1_159' title='bbox 1608 1965 1745 2030; x_wconf 89' lang='lat' dir='ltr'><strong>dirersis</strong></span> <span class='ocrx_word' id='word_1_160' title='bbox 1780 1967 1867 2030; x_wconf 89' lang='lat' dir='ltr'><strong>orbis</strong></span> 
     </span>
     <span class='ocr_line' id='line_1_16' title="bbox 191 2064 1867 2154; baseline 0.006 -30"><span class='ocrx_word' id='word_1_161' title='bbox 191 2086 215 2124; x_wconf 80' lang='lat' dir='ltr'><strong>rc</strong></span> <span class='ocrx_word' id='word_1_162' title='bbox 243 2065 389 2150; x_wconf 87' lang='lat' dir='ltr'><strong>partibus</strong></span> <span class='ocrx_word' id='word_1_163' title='bbox 419 2086 478 2149; x_wconf 91' lang='lat' dir='ltr'><strong>per</strong></span> <span class='ocrx_word' id='word_1_164' title='bbox 506 2072 653 2150; x_wconf 85' lang='lat' dir='ltr'><strong>tempora</strong></span> <span class='ocrx_word' id='word_1_165' title='bbox 681 2087 739 2129; x_wconf 91' lang='lat' dir='ltr'><strong>sua</strong></span> <span class='ocrx_word' id='word_1_166' title='bbox 766 2065 930 2139; x_wconf 81' lang='lat' dir='ltr'><strong>fulserint,</strong></span> <span class='ocrx_word' id='word_1_167' title='bbox 960 2074 1068 2130; x_wconf 89' lang='lat' dir='ltr'><strong>tamen</strong></span> <span class='ocrx_word' id='word_1_168' title='bbox 1093 2066 1155 2129; x_wconf 71' lang='lat' dir='ltr'><strong>ads</strong></span> <span class='ocrx_word' id='word_1_169' title='bbox 1178 2068 1251 2130; x_wconf 78' lang='lat' dir='ltr'><strong>ius⁸</strong></span> <span class='ocrx_word' id='word_1_170' title='bbox 1279 2064 1461 2130; x_wconf 84' lang='lat' dir='ltr'><strong>Romanum</strong></span> <span class='ocrx_word' id='word_1_171' title='bbox 1491 2069 1585 2152; x_wconf 90' lang='lat' dir='ltr'><strong>quasi</strong></span> <span class='ocrx_word' id='word_1_172' title='bbox 1613 2089 1711 2132; x_wconf 90' lang='lat' dir='ltr'><strong>unum</strong></span> <span class='ocrx_word' id='word_1_173' title='bbox 1741 2070 1867 2154; x_wconf 83' lang='lat' dir='ltr'><strong>apicem</strong></span> 
     </span>
     <span class='ocr_line' id='line_1_17' title="bbox 241 2167 1869 2256; baseline 0.002 -23"><span class='ocrx_word' id='word_1_174' title='bbox 241 2177 408 2255; x_wconf 89' lang='lat' dir='ltr'><strong>postremo</strong></span> <span class='ocrx_word' id='word_1_175' title='bbox 438 2189 550 2233; x_wconf 89' lang='lat' dir='ltr'><strong>omnes</strong></span> <span class='ocrx_word' id='word_1_176' title='bbox 579 2168 706 2253; x_wconf 66' lang='lat' dir='ltr'><strong>psenel</strong></span> <span class='ocrx_word' id='word_1_177' title='bbox 736 2169 830 2232; x_wconf 88' lang='lat' dir='ltr'><strong>relati</strong></span> <span class='ocrx_word' id='word_1_178' title='bbox 862 2167 949 2234; x_wconf 72' lang='lat' dir='ltr'><strong>sinu.</strong></span> <span class='ocrx_word' id='word_1_179' title='bbox 996 2167 1212 2254; x_wconf 81' lang='lat' dir='ltr'><strong>Comparetur</strong></span> <span class='ocrx_word' id='word_1_180' title='bbox 1240 2189 1318 2253; x_wconf 88' lang='lat' dir='ltr'><strong>ergo</strong></span> <span class='ocrx_word' id='word_1_181' title='bbox 1349 2191 1435 2254; x_wconf 91' lang='lat' dir='ltr'><strong>papa</strong></span> <span class='ocrx_word' id='word_1_182' title='bbox 1457 2169 1626 2234; x_wconf 90' lang='lat' dir='ltr'><strong>Romanus</strong></span> <span class='ocrx_word' id='word_1_183' title='bbox 1657 2173 1804 2256; x_wconf 91' lang='lat' dir='ltr'><strong>augustis</strong></span> <span class='ocrx_word' id='word_1_184' title='bbox 1836 2180 1869 2236; x_wconf 92' lang='lat' dir='ltr'><strong>et</strong></span> 
     </span>
     <span class='ocr_line' id='line_1_18' title="bbox 241 2272 1867 2361; baseline 0.004 -25"><span class='ocrx_word' id='word_1_185' title='bbox 241 2272 444 2352; x_wconf 89' lang='lat' dir='ltr'><strong>caesaribus,</strong></span> <span class='ocrx_word' id='word_1_186' title='bbox 478 2272 682 2358; x_wconf 88' lang='lat' dir='ltr'><strong>patriarchae</strong></span> <span class='ocrx_word' id='word_1_187' title='bbox 712 2293 788 2336; x_wconf 85' lang='lat' dir='ltr'><strong>vero</strong></span> <span class='ocrx_word' id='word_1_188' title='bbox 819 2272 982 2358; x_wconf 88' lang='lat' dir='ltr'><strong>patriciis,</strong></span> <span class='ocrx_word' id='word_1_189' title='bbox 1017 2273 1071 2356; x_wconf 93' lang='lat' dir='ltr'><strong>qui</strong></span> <span class='ocrx_word' id='word_1_190' title='bbox 1100 2273 1194 2358; x_wconf 90' lang='lat' dir='ltr'><strong>primi</strong></span> <span class='ocrx_word' id='word_1_191' title='bbox 1225 2279 1300 2358; x_wconf 89' lang='lat' dir='ltr'><strong>post</strong></span> <span class='ocrx_word' id='word_1_192' title='bbox 1335 2294 1485 2338; x_wconf 88' lang='lat' dir='ltr'><strong>caesares</strong></span> <span class='ocrx_word' id='word_1_193' title='bbox 1516 2276 1549 2338; x_wconf 94' lang='lat' dir='ltr'><strong>in</strong></span> <span class='ocrx_word' id='word_1_194' title='bbox 1585 2276 1729 2361; x_wconf 88' lang='lat' dir='ltr'><strong>imperiis</strong></span> <span class='ocrx_word' id='word_1_195' title='bbox 1764 2277 1867 2342; x_wconf 81' lang='lat' dir='ltr'><strong>tuisse</strong></span> 
     </span>
     <span class='ocr_line' id='line_1_19' title="bbox 240 2377 1866 2463; baseline 0.003 -22"><span class='ocrx_word' id='word_1_196' title='bbox 240 2378 402 2458; x_wconf 88' lang='lat' dir='ltr'><strong>ridentur,</strong></span> <span class='ocrx_word' id='word_1_197' title='bbox 425 2379 472 2442; x_wconf 90' lang='lat' dir='ltr'><strong>ita</strong></span> <span class='ocrx_word' id='word_1_198' title='bbox 495 2386 527 2441; x_wconf 89' lang='lat' dir='ltr'><strong>et</strong></span> <span class='ocrx_word' id='word_1_199' title='bbox 547 2379 611 2456; x_wconf 89' lang='lat' dir='ltr'><strong>isti,</strong></span> <span class='ocrx_word' id='word_1_200' title='bbox 635 2378 689 2462; x_wconf 92' lang='lat' dir='ltr'><strong>qui</strong></span> <span class='ocrx_word' id='word_1_201' title='bbox 711 2378 791 2441; x_wconf 88' lang='lat' dir='ltr'><strong>satis</strong></span> <span class='ocrx_word' id='word_1_202' title='bbox 809 2377 904 2462; x_wconf 90' lang='lat' dir='ltr'><strong>pauci</strong></span> <span class='ocrx_word' id='word_1_203' title='bbox 930 2385 1017 2456; x_wconf 90' lang='lat' dir='ltr'><strong>sunt,</strong></span> <span class='ocrx_word' id='word_1_204' title='bbox 1039 2378 1134 2462; x_wconf 91' lang='lat' dir='ltr'><strong>primi</strong></span> <span class='ocrx_word' id='word_1_205' title='bbox 1150 2383 1225 2462; x_wconf 89' lang='lat' dir='ltr'><strong>post</strong></span> <span class='ocrx_word' id='word_1_206' title='bbox 1248 2377 1344 2441; x_wconf 91' lang='lat' dir='ltr'><strong>trium</strong></span> <span class='ocrx_word' id='word_1_207' title='bbox 1362 2377 1489 2442; x_wconf 90' lang='lat' dir='ltr'><strong>sedium</strong></span> <span class='ocrx_word' id='word_1_208' title='bbox 1506 2379 1677 2463; x_wconf 86' lang='lat' dir='ltr'><strong>praesules</strong></span> <span class='ocrx_word' id='word_1_209' title='bbox 1694 2379 1866 2448; x_wconf 88' lang='lat' dir='ltr'><strong>habentur.</strong></span> 
     </span>
     <span class='ocr_line' id='line_1_20' title="bbox 241 2473 1868 2568; baseline 0.002 -24"><span class='ocrx_word' id='word_1_210' title='bbox 241 2473 404 2546; x_wconf 67' lang='lat' dir='ltr'><strong>Deinde97</strong></span> <span class='ocrx_word' id='word_1_211' title='bbox 434 2482 709 2568; x_wconf 87' lang='lat' dir='ltr'><strong>archiepiscopos,</strong></span> <span class='ocrx_word' id='word_1_212' title='bbox 738 2482 792 2565; x_wconf 93' lang='lat' dir='ltr'><strong>qui</strong></span> <span class='ocrx_word' id='word_1_213' title='bbox 820 2483 897 2566; x_wconf 91' lang='lat' dir='ltr'><strong>ipsis</strong></span> <span class='ocrx_word' id='word_1_214' title='bbox 928 2481 1186 2564; x_wconf 89' lang='lat' dir='ltr'><strong>metropolitanis</strong></span> <span class='ocrx_word' id='word_1_215' title='bbox 1209 2482 1430 2565; x_wconf 88' lang='lat' dir='ltr'><strong>praeminent,</strong></span> <span class='ocrx_word' id='word_1_216' title='bbox 1462 2481 1594 2566; x_wconf 90' lang='lat' dir='ltr'><strong>regibus</strong></span> <span class='ocrx_word' id='word_1_217' title='bbox 1624 2482 1868 2557; x_wconf 83' lang='lat' dir='ltr'><strong>conferamus¹¹;</strong></span> 
     </span>
     <span class='ocr_line' id='line_1_21' title="bbox 189 2583 1867 2672; baseline 0.002 -24"><span class='ocrx_word' id='word_1_218' title='bbox 189 2600 215 2639; x_wconf 73' lang='lat'><strong>20</strong></span> <span class='ocrx_word' id='word_1_219' title='bbox 241 2586 508 2671; x_wconf 90' lang='lat' dir='ltr'><strong>metropolitanos</strong></span> <span class='ocrx_word' id='word_1_220' title='bbox 536 2591 647 2650; x_wconf 91' lang='lat' dir='ltr'><strong>autem</strong></span> <span class='ocrx_word' id='word_1_221' title='bbox 670 2584 809 2648; x_wconf 89' lang='lat' dir='ltr'><strong>ducibus</strong></span> <span class='ocrx_word' id='word_1_222' title='bbox 833 2603 1068 2669; x_wconf 87' lang='lat' dir='ltr'><strong>comparemus,</strong></span> <span class='ocrx_word' id='word_1_223' title='bbox 1099 2584 1186 2667; x_wconf 90' lang='lat' dir='ltr'><strong>quia,</strong></span> <span class='ocrx_word' id='word_1_224' title='bbox 1215 2585 1300 2648; x_wconf 89' lang='lat' dir='ltr'><strong>sicut</strong></span> <span class='ocrx_word' id='word_1_225' title='bbox 1323 2583 1423 2649; x_wconf 89' lang='lat' dir='ltr'><strong>ducas</strong></span> <span class='ocrx_word' id='word_1_226' title='bbox 1448 2586 1649 2669; x_wconf 90' lang='lat' dir='ltr'><strong>singularum</strong></span> <span class='ocrx_word' id='word_1_227' title='bbox 1674 2585 1763 2650; x_wconf 91' lang='lat' dir='ltr'><strong>sunt¹</strong></span> <span class='ocrx_word' id='word_1_228' title='bbox 1792 2608 1867 2672; x_wconf 92' lang='lat' dir='ltr'><strong>pro-</strong></span> 
     </span>
     <span class='ocr_line' id='line_1_22' title="bbox 242 2687 1868 2773; baseline 0.001 -21"><span class='ocrx_word' id='word_1_229' title='bbox 242 2690 429 2768; x_wconf 85' lang='lat' dir='ltr'><strong>vintiarum,</strong></span> <span class='ocrx_word' id='word_1_230' title='bbox 458 2689 502 2752; x_wconf 87' lang='lat' dir='ltr'><strong>ito</strong></span> <span class='ocrx_word' id='word_1_231' title='bbox 529 2696 561 2752; x_wconf 88' lang='lat' dir='ltr'><strong>et</strong></span> <span class='ocrx_word' id='word_1_232' title='bbox 590 2689 634 2751; x_wconf 93' lang='lat' dir='ltr'><strong>illi</strong></span> <span class='ocrx_word' id='word_1_233' title='bbox 663 2689 696 2752; x_wconf 92' lang='lat' dir='ltr'><strong>in</strong></span> <span class='ocrx_word' id='word_1_234' title='bbox 726 2688 862 2772; x_wconf 86' lang='lat' dir='ltr'><strong>singulis</strong></span> <span class='ocrx_word' id='word_1_235' title='bbox 893 2687 1062 2773; x_wconf 86' lang='lat' dir='ltr'><strong>provintiis</strong></span> <span class='ocrx_word' id='word_1_236' title='bbox 1096 2687 1215 2771; x_wconf 90' lang='lat' dir='ltr'><strong>singuli</strong></span> <span class='ocrx_word' id='word_1_237' title='bbox 1242 2695 1423 2772; x_wconf 86' lang='lat' dir='ltr'><strong>ponuntur3</strong></span> <span class='ocrx_word' id='word_1_238' title='bbox 1454 2687 1540 2752; x_wconf 88' lang='lat' dir='ltr'><strong>unde</strong></span> <span class='ocrx_word' id='word_1_239' title='bbox 1571 2690 1604 2752; x_wconf 93' lang='lat' dir='ltr'><strong>in</strong></span> <span class='ocrx_word' id='word_1_240' title='bbox 1629 2687 1868 2755; x_wconf 70' lang='lat' dir='ltr'><strong>calcedonensi</strong></span> 
     </span>
     <span class='ocr_line' id='line_1_23' title="bbox 242 2783 1867 2877; baseline 0.001 -21"><span class='ocrx_word' id='word_1_241' title='bbox 242 2793 378 2856; x_wconf 86' lang='lat' dir='ltr'><strong>concilio</strong></span> <span class='ocrx_word' id='word_1_242' title='bbox 402 2793 548 2857; x_wconf 90' lang='lat' dir='ltr'><strong>iubetur:</strong></span> <span class='ocrx_word' id='word_1_243' title='bbox 574 2783 669 2856; x_wconf 70' lang='lat' dir='ltr'><strong>‘Ne98</strong></span> <span class='ocrx_word' id='word_1_244' title='bbox 692 2813 757 2856; x_wconf 91' lang='lat' dir='ltr'><strong>una</strong></span> <span class='ocrx_word' id='word_1_245' title='bbox 780 2793 941 2877; x_wconf 82' lang='lat' dir='ltr'><strong>provintia</strong></span> <span class='ocrx_word' id='word_1_246' title='bbox 962 2793 994 2855; x_wconf 92' lang='lat' dir='ltr'><strong>in</strong></span> <span class='ocrx_word' id='word_1_247' title='bbox 1012 2790 1094 2855; x_wconf 90' lang='lat' dir='ltr'><strong>duos</strong></span> <span class='ocrx_word' id='word_1_248' title='bbox 1118 2792 1385 2877; x_wconf 89' lang='lat' dir='ltr'><strong>metropolitanos</strong></span> <span class='ocrx_word' id='word_1_249' title='bbox 1402 2791 1586 2856; x_wconf 62' lang='lat' dir='ltr'><strong>dividatur!</strong></span> <span class='ocrx_word' id='word_1_250' title='bbox 1621 2791 1716 2865; x_wconf 85' lang='lat' dir='ltr'><strong>Quod</strong></span> <span class='ocrx_word' id='word_1_251' title='bbox 1733 2794 1867 2858; x_wconf 90' lang='lat' dir='ltr'><strong>comites</strong></span> 
     </span>
     <span class='ocr_line' id='line_1_24' title="bbox 241 2893 1868 2983; baseline -0.001 -22"><span class='ocrx_word' id='word_1_252' title='bbox 241 2898 293 2962; x_wconf 89' lang='lat' dir='ltr'><strong>vel</strong></span> <span class='ocrx_word' id='word_1_253' title='bbox 317 2896 473 2983; x_wconf 88' lang='lat' dir='ltr'><strong>praefecti</strong></span> <span class='ocrx_word' id='word_1_254' title='bbox 503 2897 536 2959; x_wconf 94' lang='lat' dir='ltr'><strong>in</strong></span> <span class='ocrx_word' id='word_1_255' title='bbox 560 2896 708 2977; x_wconf 87' lang='lat' dir='ltr'><strong>saeculo,</strong></span> <span class='ocrx_word' id='word_1_256' title='bbox 739 2896 801 2959; x_wconf 93' lang='lat' dir='ltr'><strong>hoc</strong></span> <span class='ocrx_word' id='word_1_257' title='bbox 824 2895 971 2981; x_wconf 88' lang='lat' dir='ltr'><strong>episcopi</strong></span> <span class='ocrx_word' id='word_1_258' title='bbox 996 2896 1096 2959; x_wconf 88' lang='lat' dir='ltr'><strong>ceteri</strong></span> <span class='ocrx_word' id='word_1_259' title='bbox 1128 2895 1160 2959; x_wconf 90' lang='lat' dir='ltr'><strong>in</strong></span> <span class='ocrx_word' id='word_1_260' title='bbox 1188 2894 1329 2958; x_wconf 85' lang='lat' dir='ltr'><strong>ecclesia</strong></span> <span class='ocrx_word' id='word_1_261' title='bbox 1359 2895 1503 2979; x_wconf 82' lang='lat' dir='ltr'><strong>explent.</strong></span> <span class='ocrx_word' id='word_1_262' title='bbox 1548 2893 1702 2959; x_wconf 70' lang='lat' dir='ltr'><strong>Feruntr</strong></span> <span class='ocrx_word' id='word_1_263' title='bbox 1726 2896 1809 2960; x_wconf 90' lang='lat' dir='ltr'><strong>enim</strong></span> <span class='ocrx_word' id='word_1_264' title='bbox 1835 2898 1868 2959; x_wconf 92' lang='lat' dir='ltr'><strong>in</strong></span> 
     </span>
     <span class='ocr_line' id='line_1_25' title="bbox 242 2997 1869 3085; baseline -0.001 -21"><span class='ocrx_word' id='word_1_265' title='bbox 242 2999 385 3064; x_wconf 89' lang='lat' dir='ltr'><strong>Orientis</strong></span> <span class='ocrx_word' id='word_1_266' title='bbox 401 2999 550 3085; x_wconf 88' lang='lat' dir='ltr'><strong>partibus</strong></span> <span class='ocrx_word' id='word_1_267' title='bbox 573 3021 632 3084; x_wconf 88' lang='lat' dir='ltr'><strong>per</strong></span> <span class='ocrx_word' id='word_1_268' title='bbox 655 2999 800 3084; x_wconf 89' lang='lat' dir='ltr'><strong>singulas</strong></span> <span class='ocrx_word' id='word_1_269' title='bbox 823 2998 924 3064; x_wconf 89' lang='lat' dir='ltr'><strong>urbes</strong></span> <span class='ocrx_word' id='word_1_270' title='bbox 948 3005 981 3062; x_wconf 89' lang='lat' dir='ltr'><strong>et</strong></span> <span class='ocrx_word' id='word_1_271' title='bbox 996 2997 1220 3084; x_wconf 86' lang='lat' dir='ltr'><strong>praefecturas</strong></span> <span class='ocrx_word' id='word_1_272' title='bbox 1245 2999 1393 3082; x_wconf 90' lang='lat' dir='ltr'><strong>singulas</strong></span> <span class='ocrx_word' id='word_1_273' title='bbox 1412 3018 1485 3062; x_wconf 87' lang='lat' dir='ltr'><strong>esse</strong></span> <span class='ocrx_word' id='word_1_274' title='bbox 1501 3000 1726 3084; x_wconf 89' lang='lat' dir='ltr'><strong>episcoporum</strong></span> <span class='ocrx_word' id='word_1_275' title='bbox 1748 2999 1869 3084; x_wconf 92' lang='lat' dir='ltr'><strong>guber-</strong></span> 
     </span>
     <span class='ocr_line' id='line_1_26' title="bbox 189 3101 1867 3189; baseline -0.001 -21"><span class='ocrx_word' id='word_1_276' title='bbox 189 3120 214 3160; x_wconf 70' lang='grc'><strong>11</strong></span> <span class='ocrx_word' id='word_1_277' title='bbox 241 3105 400 3170; x_wconf 89' lang='lat' dir='ltr'><strong>nationes.</strong></span> <span class='ocrx_word' id='word_1_278' title='bbox 440 3103 531 3168; x_wconf 85' lang='lat' dir='ltr'><strong>Sicut</strong></span> <span class='ocrx_word' id='word_1_279' title='bbox 552 3102 672 3166; x_wconf 89' lang='lat' dir='ltr'><strong>tribuni</strong></span> <span class='ocrx_word' id='word_1_280' title='bbox 697 3102 853 3166; x_wconf 89' lang='lat' dir='ltr'><strong>militibus</strong></span> <span class='ocrx_word' id='word_1_281' title='bbox 876 3109 1062 3187; x_wconf 87' lang='lat' dir='ltr'><strong>praeerant,</strong></span> <span class='ocrx_word' id='word_1_282' title='bbox 1085 3102 1131 3165; x_wconf 90' lang='lat' dir='ltr'><strong>ita</strong></span> <span class='ocrx_word' id='word_1_283' title='bbox 1147 3101 1283 3165; x_wconf 86' lang='lat' dir='ltr'><strong>abbates</strong></span> <span class='ocrx_word' id='word_1_284' title='bbox 1300 3101 1479 3182; x_wconf 89' lang='lat' dir='ltr'><strong>monachis,</strong></span> <span class='ocrx_word' id='word_1_285' title='bbox 1503 3103 1634 3168; x_wconf 87' lang='lat' dir='ltr'><strong>athletis</strong></span> <span class='ocrx_word' id='word_1_286' title='bbox 1655 3103 1867 3189; x_wconf 87' lang='lat' dir='ltr'><strong>spiritalibus,</strong></span> 
     </span>
     <span class='ocr_line' id='line_1_27' title="bbox 239 3205 1871 3293; baseline -0.002 -21"><span class='ocrx_word' id='word_1_287' title='bbox 239 3229 395 3293; x_wconf 91' lang='lat' dir='ltr'><strong>praeesse</strong></span> <span class='ocrx_word' id='word_1_288' title='bbox 420 3214 605 3272; x_wconf 87' lang='lat' dir='ltr'><strong>noscuntur.</strong></span> <span class='ocrx_word' id='word_1_289' title='bbox 651 3205 932 3279; x_wconf 86' lang='lat' dir='ltr'><strong>Quemadmodum</strong></span> <span class='ocrx_word' id='word_1_290' title='bbox 962 3213 1036 3270; x_wconf 90' lang='lat' dir='ltr'><strong>sunt</strong></span> <span class='ocrx_word' id='word_1_291' title='bbox 1058 3207 1090 3269; x_wconf 90' lang='lat' dir='ltr'><strong>in</strong></span> <span class='ocrx_word' id='word_1_292' title='bbox 1119 3205 1250 3290; x_wconf 88' lang='lat' dir='ltr'><strong>palatiis</strong></span> <span class='ocrx_word' id='word_1_293' title='bbox 1279 3213 1470 3291; x_wconf 83' lang='lat' dir='ltr'><strong>praetorcs¹¹</strong></span> <span class='ocrx_word' id='word_1_294' title='bbox 1492 3207 1545 3269; x_wconf 86' lang='lat' dir='ltr'><strong>rel</strong></span> <span class='ocrx_word' id='word_1_295' title='bbox 1575 3207 1713 3270; x_wconf 87' lang='lat' dir='ltr'><strong>comites</strong></span> <span class='ocrx_word' id='word_1_296' title='bbox 1744 3206 1871 3292; x_wconf 89' lang='lat' dir='ltr'><strong>palatii,</strong></span> 
     </span>
     <span class='ocr_line' id='line_1_28' title="bbox 138 3307 1870 3399; baseline -0.002 -23"><span class='ocrx_word' id='word_1_297' title='bbox 138 3361 140 3364; x_wconf 85' lang='lat'>-</span> <span class='ocrx_word' id='word_1_298' title='bbox 240 3313 295 3399; x_wconf 91' lang='lat' dir='ltr'><strong>qui</strong></span> <span class='ocrx_word' id='word_1_299' title='bbox 318 3312 535 3377; x_wconf 88' lang='lat' dir='ltr'><strong>saecularium</strong></span> <span class='ocrx_word' id='word_1_300' title='bbox 559 3331 675 3374; x_wconf 86' lang='lat' dir='ltr'><strong>causas</strong></span> <span class='ocrx_word' id='word_1_301' title='bbox 699 3311 873 3386; x_wconf 85' lang='lat' dir='ltr'><strong>ventilant,</strong></span> <span class='ocrx_word' id='word_1_302' title='bbox 904 3310 951 3372; x_wconf 91' lang='lat' dir='ltr'><strong>ita</strong></span> <span class='ocrx_word' id='word_1_303' title='bbox 974 3315 1049 3373; x_wconf 87' lang='lat' dir='ltr'><strong>sunt</strong></span> <span class='ocrx_word' id='word_1_304' title='bbox 1073 3315 1107 3371; x_wconf 89' lang='lat' dir='ltr'><strong>et</strong></span> <span class='ocrx_word' id='word_1_305' title='bbox 1130 3308 1192 3384; x_wconf 90' lang='lat' dir='ltr'><strong>illi,</strong></span> <span class='ocrx_word' id='word_1_306' title='bbox 1221 3328 1302 3392; x_wconf 86' lang='lat' dir='ltr'><strong>quoe</strong></span> <span class='ocrx_word' id='word_1_307' title='bbox 1328 3329 1471 3371; x_wconf 90' lang='lat' dir='ltr'><strong>summos</strong></span> <span class='ocrx_word' id='word_1_308' title='bbox 1495 3309 1726 3395; x_wconf 90' lang='lat' dir='ltr'><strong>cappellanos⁰</strong></span> <span class='ocrx_word' id='word_1_309' title='bbox 1750 3307 1870 3373; x_wconf 81' lang='lat' dir='ltr'><strong>Franci</strong></span> 
     </span>
     <span class='ocr_line' id='line_1_29' title="bbox 239 3405 1868 3503; baseline -0.002 -22"><span class='ocrx_word' id='word_1_310' title='bbox 239 3418 417 3503; x_wconf 87' lang='lat' dir='ltr'><strong>appellant,</strong></span> <span class='ocrx_word' id='word_1_311' title='bbox 441 3417 631 3481; x_wconf 87' lang='lat' dir='ltr'><strong>clericorum</strong></span> <span class='ocrx_word' id='word_1_312' title='bbox 656 3415 764 3480; x_wconf 89' lang='lat' dir='ltr'><strong>causis</strong></span> <span class='ocrx_word' id='word_1_313' title='bbox 787 3405 970 3500; x_wconf 77' lang='lat' dir='ltr'><strong>praelati99.</strong></span> <span class='ocrx_word' id='word_1_314' title='bbox 1012 3411 1223 3500; x_wconf 79' lang='lat' dir='ltr'><strong>Coppellani⁰</strong></span> <span class='ocrx_word' id='word_1_315' title='bbox 1248 3411 1389 3475; x_wconf 86' lang='lat' dir='ltr'><strong>minores</strong></span> <span class='ocrx_word' id='word_1_316' title='bbox 1412 3411 1457 3475; x_wconf 91' lang='lat' dir='ltr'><strong>ita</strong></span> <span class='ocrx_word' id='word_1_317' title='bbox 1480 3417 1567 3490; x_wconf 90' lang='lat' dir='ltr'><strong>sunt,</strong></span> <span class='ocrx_word' id='word_1_318' title='bbox 1591 3413 1695 3476; x_wconf 68' lang='lat' dir='ltr'><strong>cicuta</strong></span> <span class='ocrx_word' id='word_1_319' title='bbox 1718 3411 1762 3492; x_wconf 93' lang='lat' dir='ltr'><strong>hi,</strong></span> <span class='ocrx_word' id='word_1_320' title='bbox 1787 3433 1868 3499; x_wconf 91' lang='lat' dir='ltr'><strong>quos</strong></span> 
     </span>
     <span class='ocr_line' id='line_1_30' title="bbox 241 3514 1869 3602; baseline -0.002 -19"><span class='ocrx_word' id='word_1_321' title='bbox 241 3541 355 3586; x_wconf 81' lang='lat' dir='ltr'><strong>vassos</strong></span> <span class='ocrx_word' id='word_1_322' title='bbox 372 3520 551 3585; x_wconf 88' lang='lat' dir='ltr'><strong>dominicos</strong></span> <span class='ocrx_word' id='word_1_323' title='bbox 569 3518 696 3584; x_wconf 86' lang='lat' dir='ltr'><strong>Gallica</strong></span> <span class='ocrx_word' id='word_1_324' title='bbox 720 3517 956 3583; x_wconf 88' lang='lat' dir='ltr'><strong>consuetudine</strong></span> <span class='ocrx_word' id='word_1_325' title='bbox 980 3518 1195 3581; x_wconf 89' lang='lat' dir='ltr'><strong>nominamus.</strong></span> <span class='ocrx_word' id='word_1_326' title='bbox 1231 3514 1319 3579; x_wconf 90' lang='lat' dir='ltr'><strong>Dicti</strong></span> <span class='ocrx_word' id='word_1_327' title='bbox 1335 3521 1412 3578; x_wconf 90' lang='lat' dir='ltr'><strong>sunt</strong></span> <span class='ocrx_word' id='word_1_328' title='bbox 1435 3522 1546 3579; x_wconf 89' lang='lat' dir='ltr'><strong>autem</strong></span> <span class='ocrx_word' id='word_1_329' title='bbox 1569 3516 1720 3601; x_wconf 90' lang='lat' dir='ltr'><strong>primitus</strong></span> <span class='ocrx_word' id='word_1_330' title='bbox 1737 3517 1869 3602; x_wconf 89' lang='lat' dir='ltr'><strong>cappel-</strong></span> 
     </span>
     <span class='ocr_line' id='line_1_31' title="bbox 188 3613 1868 3710; baseline -0.002 -24"><span class='ocrx_word' id='word_1_331' title='bbox 188 3640 214 3679; x_wconf 70' lang='grc' dir='ltr'><strong>ιο</strong></span> <span class='ocrx_word' id='word_1_332' title='bbox 241 3623 328 3688; x_wconf 89' lang='lat' dir='ltr'><strong>lani⁰</strong></span> <span class='ocrx_word' id='word_1_333' title='bbox 357 3645 376 3688; x_wconf 95' lang='lat' dir='ltr'><strong>a</strong></span> <span class='ocrx_word' id='word_1_334' title='bbox 404 3645 508 3710; x_wconf 87' lang='lat' dir='ltr'><strong>eappa</strong></span> <span class='ocrx_word' id='word_1_335' title='bbox 530 3623 618 3688; x_wconf 87' lang='lat' dir='ltr'><strong>beati</strong></span> <span class='ocrx_word' id='word_1_336' title='bbox 642 3613 835 3700; x_wconf 78' lang='lat' dir='ltr'><strong>Martini100,</strong></span> <span class='ocrx_word' id='word_1_337' title='bbox 865 3642 962 3706; x_wconf 92' lang='lat' dir='ltr'><strong>quam</strong></span> <span class='ocrx_word' id='word_1_338' title='bbox 991 3642 1088 3705; x_wconf 87' lang='lat' dir='ltr'><strong>reges</strong></span> <span class='ocrx_word' id='word_1_339' title='bbox 1118 3619 1318 3684; x_wconf 79' lang='lat' dir='ltr'><strong>Francorum</strong></span> <span class='ocrx_word' id='word_1_340' title='bbox 1351 3618 1393 3682; x_wconf 92' lang='lat' dir='ltr'><strong>ob</strong></span> <span class='ocrx_word' id='word_1_341' title='bbox 1424 3617 1619 3683; x_wconf 91' lang='lat' dir='ltr'><strong>adiutorium</strong></span> <span class='ocrx_word' id='word_1_342' title='bbox 1652 3620 1807 3684; x_wconf 89' lang='lat' dir='ltr'><strong>victoriae</strong></span> <span class='ocrx_word' id='word_1_343' title='bbox 1836 3621 1868 3683; x_wconf 91' lang='lat' dir='ltr'><strong>in</strong></span> 
     </span>
     <span class='ocr_line' id='line_1_32' title="bbox 239 3721 1868 3812; baseline -0.004 -20"><span class='ocrx_word' id='word_1_344' title='bbox 239 3728 373 3812; x_wconf 82' lang='lat' dir='ltr'><strong>proeliis</strong></span> <span class='ocrx_word' id='word_1_345' title='bbox 397 3727 549 3790; x_wconf 90' lang='lat' dir='ltr'><strong>solebant</strong></span> <span class='ocrx_word' id='word_1_346' title='bbox 572 3747 684 3789; x_wconf 89' lang='lat' dir='ltr'><strong>secum</strong></span> <span class='ocrx_word' id='word_1_347' title='bbox 702 3724 833 3804; x_wconf 88' lang='lat' dir='ltr'><strong>habere,</strong></span> <span class='ocrx_word' id='word_1_348' title='bbox 858 3745 955 3809; x_wconf 86' lang='lat' dir='ltr'><strong>quam</strong></span> <span class='ocrx_word' id='word_1_349' title='bbox 973 3723 1116 3788; x_wconf 82' lang='lat' dir='ltr'><strong>ferentes</strong></span> <span class='ocrx_word' id='word_1_350' title='bbox 1140 3730 1174 3786; x_wconf 91' lang='lat' dir='ltr'><strong>ct</strong></span> <span class='ocrx_word' id='word_1_351' title='bbox 1197 3721 1417 3786; x_wconf 86' lang='lat' dir='ltr'><strong>custodientes</strong></span> <span class='ocrx_word' id='word_1_352' title='bbox 1442 3742 1516 3785; x_wconf 90' lang='lat' dir='ltr'><strong>oum</strong></span> <span class='ocrx_word' id='word_1_353' title='bbox 1538 3725 1658 3786; x_wconf 87' lang='lat' dir='ltr'><strong>ceteris</strong></span> <span class='ocrx_word' id='word_1_354' title='bbox 1683 3729 1868 3787; x_wconf 89' lang='lat' dir='ltr'><strong>sanctorum</strong></span> 
     </span>
     <span class='ocr_line' id='line_1_33' title="bbox 166 3825 1870 3917; baseline -0.004 -23"><span class='ocrx_word' id='word_1_355' title='bbox 166 3885 168 3888; x_wconf 96' lang='lat'><strong>.</strong></span> <span class='ocrx_word' id='word_1_356' title='bbox 241 3832 385 3917; x_wconf 89' lang='lat' dir='ltr'><strong>reliquiis</strong></span> <span class='ocrx_word' id='word_1_357' title='bbox 413 3831 521 3896; x_wconf 89' lang='lat' dir='ltr'><strong>clerici</strong></span> <span class='ocrx_word' id='word_1_358' title='bbox 549 3830 754 3915; x_wconf 88' lang='lat' dir='ltr'><strong>cappellani⁰</strong></span> <span class='ocrx_word' id='word_1_359' title='bbox 782 3835 962 3914; x_wconf 91' lang='lat' dir='ltr'><strong>coeperunt</strong></span> <span class='ocrx_word' id='word_1_360' title='bbox 986 3828 1102 3891; x_wconf 86' lang='lat' dir='ltr'><strong>vocari.</strong></span> <span class='ocrx_word' id='word_1_361' title='bbox 1147 3825 1250 3890; x_wconf 87' lang='lat' dir='ltr'><strong>Porro</strong></span> <span class='ocrx_word' id='word_1_362' title='bbox 1275 3827 1358 3890; x_wconf 91' lang='lat' dir='ltr'><strong>sicut</strong></span> <span class='ocrx_word' id='word_1_363' title='bbox 1388 3827 1524 3889; x_wconf 89' lang='lat' dir='ltr'><strong>comites</strong></span> <span class='ocrx_word' id='word_1_364' title='bbox 1555 3826 1704 3911; x_wconf 83' lang='lat' dir='ltr'><strong>quidamq</strong></span> <span class='ocrx_word' id='word_1_365' title='bbox 1728 3827 1870 3890; x_wconf 79' lang='lat' dir='ltr'><strong>missosq</strong></span> 
     </span>
     <span class='ocr_line' id='line_1_34' title="bbox 241 3929 1869 4021; baseline -0.003 -23"><span class='ocrx_word' id='word_1_366' title='bbox 241 3956 317 4000; x_wconf 91' lang='lat' dir='ltr'><strong>suos</strong></span> <span class='ocrx_word' id='word_1_367' title='bbox 340 3940 545 4021; x_wconf 88' lang='lat' dir='ltr'><strong>praeponunt</strong></span> <span class='ocrx_word' id='word_1_368' title='bbox 560 3933 799 4019; x_wconf 81' lang='lat' dir='ltr'><strong>popularibus¹,</strong></span> <span class='ocrx_word' id='word_1_369' title='bbox 823 3933 877 4018; x_wconf 93' lang='lat' dir='ltr'><strong>qui</strong></span> <span class='ocrx_word' id='word_1_370' title='bbox 901 3933 1044 3995; x_wconf 89' lang='lat' dir='ltr'><strong>minores</strong></span> <span class='ocrx_word' id='word_1_371' title='bbox 1062 3951 1176 3994; x_wconf 88' lang='lat' dir='ltr'><strong>causas</strong></span> <span class='ocrx_word' id='word_1_372' title='bbox 1199 3929 1426 4006; x_wconf 89' lang='lat' dir='ltr'><strong>determinent,</strong></span> <span class='ocrx_word' id='word_1_373' title='bbox 1451 3929 1529 4013; x_wconf 89' lang='lat' dir='ltr'><strong>ipsis</strong></span> <span class='ocrx_word' id='word_1_374' title='bbox 1547 3931 1671 3993; x_wconf 89' lang='lat' dir='ltr'><strong>maiora</strong></span> <span class='ocrx_word' id='word_1_375' title='bbox 1686 3937 1869 4009; x_wconf 84' lang='lat' dir='ltr'><strong>reservent,</strong></span> 
     </span>
     <span class='ocr_line' id='line_1_35' title="bbox 240 4031 1869 4125; baseline -0.006 -21"><span class='ocrx_word' id='word_1_376' title='bbox 240 4041 286 4104; x_wconf 90' lang='lat' dir='ltr'><strong>ita</strong></span> <span class='ocrx_word' id='word_1_377' title='bbox 314 4039 446 4125; x_wconf 91' lang='lat' dir='ltr'><strong>quidam</strong></span> <span class='ocrx_word' id='word_1_378' title='bbox 474 4037 618 4122; x_wconf 90' lang='lat' dir='ltr'><strong>episcopi</strong></span> <span class='ocrx_word' id='word_1_379' title='bbox 648 4036 917 4122; x_wconf 81' lang='lat' dir='ltr'><strong>chorepiscopos·</strong></span> <span class='ocrx_word' id='word_1_380' title='bbox 944 4033 1084 4113; x_wconf 88' lang='lat' dir='ltr'><strong>habent,</strong></span> <span class='ocrx_word' id='word_1_381' title='bbox 1114 4033 1169 4118; x_wconf 92' lang='lat' dir='ltr'><strong>qui</strong></span> <span class='ocrx_word' id='word_1_382' title='bbox 1197 4031 1230 4094; x_wconf 91' lang='lat' dir='ltr'><strong>in</strong></span> <span class='ocrx_word' id='word_1_383' title='bbox 1260 4032 1358 4096; x_wconf 86' lang='lat' dir='ltr'><strong>rebus</strong></span> <span class='ocrx_word' id='word_1_384' title='bbox 1389 4031 1452 4095; x_wconf 91' lang='lat' dir='ltr'><strong>sibi</strong></span> <span class='ocrx_word' id='word_1_385' title='bbox 1471 4032 1751 4116; x_wconf 83' lang='lat' dir='ltr'><strong>congruentibus,</strong></span> <span class='ocrx_word' id='word_1_386' title='bbox 1785 4052 1869 4116; x_wconf 89' lang='lat' dir='ltr'><strong>quae</strong></span> 
     </span>
     <span class='ocr_line' id='line_1_36' title="bbox 189 4132 1869 4227; baseline -0.006 -20"><span class='ocrx_word' id='word_1_387' title='bbox 189 4165 213 4207; x_wconf 76' lang='lat' dir='ltr'><strong>a</strong></span> <span class='ocrx_word' id='word_1_388' title='bbox 240 4144 464 4227; x_wconf 86' lang='lat' dir='ltr'><strong>iniungantur,</strong></span> <span class='ocrx_word' id='word_1_389' title='bbox 497 4132 671 4205; x_wconf 86' lang='lat' dir='ltr'><strong>efficiunt¹.</strong></span> <span class='ocrx_word' id='word_1_390' title='bbox 723 4139 927 4216; x_wconf 79' lang='lat' dir='ltr'><strong>Centenarii,</strong></span> <span class='ocrx_word' id='word_1_391' title='bbox 959 4137 1071 4222; x_wconf 92' lang='lat' dir='ltr'><strong>quiet</strong></span> <span class='ocrx_word' id='word_1_392' title='bbox 1100 4135 1324 4200; x_wconf 64' lang='lat' dir='ltr'><strong>centurionest</strong></span> <span class='ocrx_word' id='word_1_393' title='bbox 1351 4134 1403 4198; x_wconf 83' lang='lat' dir='ltr'><strong>vel</strong></span> <span class='ocrx_word' id='word_1_394' title='bbox 1433 4135 1561 4214; x_wconf 85' lang='lat' dir='ltr'><strong>vicarii,</strong></span> <span class='ocrx_word' id='word_1_395' title='bbox 1595 4137 1649 4219; x_wconf 93' lang='lat' dir='ltr'><strong>qui</strong></span> <span class='ocrx_word' id='word_1_396' title='bbox 1681 4156 1740 4220; x_wconf 91' lang='lat' dir='ltr'><strong>per</strong></span> <span class='ocrx_word' id='word_1_397' title='bbox 1767 4155 1869 4221; x_wconf 90' lang='lat' dir='ltr'><strong>pagos</strong></span> 
     </span>
     <span class='ocr_line' id='line_1_37' title="bbox 241 4238 1865 4329; baseline -0.006 -17"><span class='ocrx_word' id='word_1_398' title='bbox 241 4249 354 4312; x_wconf 88' lang='lat' dir='ltr'><strong>statuti</strong></span> <span class='ocrx_word' id='word_1_399' title='bbox 379 4253 463 4325; x_wconf 89' lang='lat' dir='ltr'><strong>suat,</strong></span> <span class='ocrx_word' id='word_1_400' title='bbox 487 4242 687 4329; x_wconf 87' lang='lat' dir='ltr'><strong>presbyteris</strong></span> <span class='ocrx_word' id='word_1_401' title='bbox 710 4242 865 4329; x_wconf 90' lang='lat' dir='ltr'><strong>plebium,</strong></span> <span class='ocrx_word' id='word_1_402' title='bbox 889 4241 944 4326; x_wconf 91' lang='lat' dir='ltr'><strong>qui</strong></span> <span class='ocrx_word' id='word_1_403' title='bbox 968 4239 1181 4326; x_wconf 87' lang='lat' dir='ltr'><strong>baptismales</strong></span> <span class='ocrx_word' id='word_1_404' title='bbox 1201 4238 1358 4303; x_wconf 85' lang='lat' dir='ltr'><strong>ecclesias</strong></span> <span class='ocrx_word' id='word_1_405' title='bbox 1382 4244 1495 4303; x_wconf 89' lang='lat' dir='ltr'><strong>tenent</strong></span> <span class='ocrx_word' id='word_1_406' title='bbox 1519 4244 1552 4301; x_wconf 91' lang='lat' dir='ltr'><strong>et</strong></span> <span class='ocrx_word' id='word_1_407' title='bbox 1575 4238 1752 4308; x_wconf 90' lang='lat' dir='ltr'><strong>minoribus</strong></span> <span class='ocrx_word' id='word_1_408' title='bbox 1775 4260 1865 4324; x_wconf 89' lang='lat' dir='ltr'><strong>pres-</strong></span> 
     </span>
     <span class='ocr_line' id='line_1_38' title="bbox 241 4333 1868 4437; baseline -0.007 -22"><span class='ocrx_word' id='word_1_409' title='bbox 241 4352 363 4437; x_wconf 86' lang='lat' dir='ltr'><strong>byteris</strong></span> <span class='ocrx_word' id='word_1_410' title='bbox 392 4356 563 4435; x_wconf 89' lang='lat' dir='ltr'><strong>praesunt,</strong></span> <span class='ocrx_word' id='word_1_411' title='bbox 600 4348 738 4411; x_wconf 86' lang='lat' dir='ltr'><strong>conferri</strong></span> <span class='ocrx_word' id='word_1_412' title='bbox 769 4353 903 4433; x_wconf 91' lang='lat' dir='ltr'><strong>queunt.</strong></span> <span class='ocrx_word' id='word_1_413' title='bbox 955 4343 1158 4407; x_wconf 88' lang='lat' dir='ltr'><strong>Decuriones</strong></span> <span class='ocrx_word' id='word_1_414' title='bbox 1191 4344 1241 4406; x_wconf 85' lang='lat' dir='ltr'><strong>rel</strong></span> <span class='ocrx_word' id='word_1_415' title='bbox 1276 4333 1423 4420; x_wconf 72' lang='lat' dir='ltr'><strong>desani‘2,</strong></span> <span class='ocrx_word' id='word_1_416' title='bbox 1454 4343 1507 4426; x_wconf 90' lang='lat' dir='ltr'><strong>qui</strong></span> <span class='ocrx_word' id='word_1_417' title='bbox 1538 4342 1597 4404; x_wconf 88' lang='lat' dir='ltr'><strong>sub</strong></span> <span class='ocrx_word' id='word_1_418' title='bbox 1633 4343 1710 4426; x_wconf 89' lang='lat' dir='ltr'><strong>ipsis</strong></span> <span class='ocrx_word' id='word_1_419' title='bbox 1743 4342 1868 4404; x_wconf 88' lang='lat' dir='ltr'><strong>vicariis</strong></span> 
     </span>
    </p>
   </div>
   <div class='ocr_carea' id='block_1_3' title="bbox 239 4495 1869 4660">
    <p class='ocr_par' dir='ltr' id='par_1_3' title="bbox 239 4495 1869 4660">
     <span class='ocr_line' id='line_1_39' title="bbox 343 4495 1869 4574; baseline -0.007 -16"><span class='ocrx_word' id='word_1_420' title='bbox 343 4507 371 4574; x_wconf 77' lang='lat' dir='ltr'><strong>q)</strong></span> <span class='ocrx_word' id='word_1_421' title='bbox 390 4507 443 4571; x_wconf 76' lang='lat' dir='ltr'><strong>ceri</strong></span> <span class='ocrx_word' id='word_1_422' title='bbox 462 4524 529 4557; x_wconf 79' lang='lat' dir='ltr'><strong>corr.</strong></span> <span class='ocrx_word' id='word_1_423' title='bbox 542 4520 600 4570; x_wconf 71' lang='lat' dir='ltr'><strong>cese</strong></span> <span class='ocrx_word' id='word_1_424' title='bbox 618 4503 647 4568; x_wconf 83' lang='lat'><strong>43</strong></span> <span class='ocrx_word' id='word_1_425' title='bbox 666 4504 722 4556; x_wconf 85' lang='lat' dir='ltr'><strong>cedi</strong></span> <span class='ocrx_word' id='word_1_426' title='bbox 740 4520 807 4553; x_wconf 84' lang='lat' dir='ltr'><strong>corr.</strong></span> <span class='ocrx_word' id='word_1_427' title='bbox 826 4503 878 4552; x_wconf 85' lang='lat' dir='ltr'><strong>cesi</strong></span> <span class='ocrx_word' id='word_1_428' title='bbox 895 4501 920 4553; x_wconf 86' lang='grc'><strong>5.</strong></span> <span class='ocrx_word' id='word_1_429' title='bbox 991 4500 1015 4567; x_wconf 86' lang='grc' dir='ltr'><strong>ι)</strong></span> <span class='ocrx_word' id='word_1_430' title='bbox 1034 4502 1242 4552; x_wconf 80' lang='lat' dir='ltr'><strong>demonstrantur</strong></span> <span class='ocrx_word' id='word_1_431' title='bbox 1261 4497 1324 4549; x_wconf 77' lang='lat' dir='ltr'><strong>aad.</strong></span> <span class='ocrx_word' id='word_1_432' title='bbox 1343 4513 1413 4547; x_wconf 76' lang='lat' dir='ltr'><strong>caca.</strong></span> <span class='ocrx_word' id='word_1_433' title='bbox 1433 4498 1478 4549; x_wconf 81' lang='lat' dir='ltr'><strong>alt.</strong></span> <span class='ocrx_word' id='word_1_434' title='bbox 1498 4498 1524 4547; x_wconf 86' lang='lat' dir='ltr'><strong>in</strong></span> <span class='ocrx_word' id='word_1_435' title='bbox 1543 4515 1625 4564; x_wconf 65' lang='lat' dir='ltr'><strong>marg.</strong></span> <span class='ocrx_word' id='word_1_436' title='bbox 1643 4497 1666 4550; x_wconf 92' lang='grc'><strong>5.</strong></span> <span class='ocrx_word' id='word_1_437' title='bbox 1738 4495 1761 4563; x_wconf 92' lang='lat' dir='ltr'><strong>s)</strong></span> <span class='ocrx_word' id='word_1_438' title='bbox 1780 4499 1869 4549; x_wconf 85' lang='lat' dir='ltr'><strong>Rahab</strong></span> 
     </span>
     <span class='ocr_line' id='line_1_40' title="bbox 239 4583 1869 4660; baseline -0.008 -13"><span class='ocrx_word' id='word_1_439' title='bbox 239 4593 263 4646; x_wconf 85' lang='lat'><strong>4.</strong></span> <span class='ocrx_word' id='word_1_440' title='bbox 282 4594 307 4647; x_wconf 88' lang='grc'><strong>5.</strong></span> <span class='ocrx_word' id='word_1_441' title='bbox 388 4593 408 4660; x_wconf 95' lang='grc'><strong>1)</strong></span> <span class='ocrx_word' id='word_1_442' title='bbox 426 4599 452 4644; x_wconf 86' lang='lat' dir='ltr'><strong>at</strong></span> <span class='ocrx_word' id='word_1_443' title='bbox 470 4591 532 4643; x_wconf 74' lang='lat' dir='ltr'><strong>aad.</strong></span> <span class='ocrx_word' id='word_1_444' title='bbox 551 4590 575 4644; x_wconf 88' lang='lat'><strong>3.</strong></span> <span class='ocrx_word' id='word_1_445' title='bbox 658 4590 686 4652; x_wconf 91' lang='lat' dir='ltr'><strong>u)</strong></span> <span class='ocrx_word' id='word_1_446' title='bbox 704 4596 791 4640; x_wconf 86' lang='lat' dir='ltr'><strong>autem</strong></span> <span class='ocrx_word' id='word_1_447' title='bbox 809 4605 873 4654; x_wconf 88' lang='lat' dir='ltr'><strong>gaus</strong></span> <span class='ocrx_word' id='word_1_448' title='bbox 891 4585 915 4638; x_wconf 88' lang='lat'><strong>3.</strong></span> <span class='ocrx_word' id='word_1_449' title='bbox 994 4584 1022 4652; x_wconf 81' lang='grc' dir='ltr'><strong>ι)</strong></span> <span class='ocrx_word' id='word_1_450' title='bbox 1043 4589 1123 4638; x_wconf 72' lang='lat' dir='ltr'><strong>sertin</strong></span> <span class='ocrx_word' id='word_1_451' title='bbox 1141 4585 1167 4637; x_wconf 88' lang='lat'><strong>3.</strong></span> <span class='ocrx_word' id='word_1_452' title='bbox 1248 4583 1283 4652; x_wconf 87' lang='lat' dir='ltr'><strong>rr)</strong></span> <span class='ocrx_word' id='word_1_453' title='bbox 1302 4585 1446 4636; x_wconf 85' lang='lat' dir='ltr'><strong>Serdicansi</strong></span> <span class='ocrx_word' id='word_1_454' title='bbox 1465 4583 1488 4636; x_wconf 92' lang='lat' dir='ltr'><strong>l.</strong></span> <span class='ocrx_word' id='word_1_455' title='bbox 1505 4583 1531 4635; x_wconf 97' lang='lat'><strong>4.</strong></span> <span class='ocrx_word' id='word_1_456' title='bbox 1551 4583 1576 4648; x_wconf 83' lang='lat'><strong>5,</strong></span> <span class='ocrx_word' id='word_1_457' title='bbox 1595 4601 1662 4636; x_wconf 82' lang='lat' dir='ltr'><strong>corr.</strong></span> <span class='ocrx_word' id='word_1_458' title='bbox 1681 4584 1827 4636; x_wconf 73' lang='lat' dir='ltr'><strong>sardicensi</strong></span> <span class='ocrx_word' id='word_1_459' title='bbox 1847 4583 1869 4634; x_wconf 93' lang='grc'><strong>1.</strong></span> 
     </span>
    </p>
   </div>
   <div class='ocr_carea' id='block_1_4' title="bbox 186 4669 1869 5178">
    <p class='ocr_par' dir='ltr' id='par_1_4' title="bbox 188 4669 1869 5095">
     <span class='ocr_line' id='line_1_41' title="bbox 188 4669 1867 4745; baseline -0.005 -13"><span class='ocrx_word' id='word_1_460' title='bbox 188 4693 214 4731; x_wconf 79' lang='lat' dir='ltr'><strong>tc</strong></span> <span class='ocrx_word' id='word_1_461' title='bbox 239 4681 268 4745; x_wconf 86' lang='lat' dir='ltr'><strong>x)</strong></span> <span class='ocrx_word' id='word_1_462' title='bbox 286 4688 333 4732; x_wconf 86' lang='lat' dir='ltr'><strong>aut</strong></span> <span class='ocrx_word' id='word_1_463' title='bbox 350 4681 412 4731; x_wconf 82' lang='lat' dir='ltr'><strong>add.</strong></span> <span class='ocrx_word' id='word_1_464' title='bbox 431 4679 454 4731; x_wconf 88' lang='lat'><strong>9.</strong></span> <span class='ocrx_word' id='word_1_465' title='bbox 543 4676 572 4744; x_wconf 85' lang='lat' dir='ltr'><strong>y)</strong></span> <span class='ocrx_word' id='word_1_466' title='bbox 590 4695 638 4728; x_wconf 84' lang='lat' dir='ltr'><strong>cra.</strong></span> <span class='ocrx_word' id='word_1_467' title='bbox 657 4676 681 4729; x_wconf 90' lang='lat'><strong>9.</strong></span> <span class='ocrx_word' id='word_1_468' title='bbox 770 4676 794 4740; x_wconf 82' lang='lat' dir='ltr'><strong>a)</strong></span> <span class='ocrx_word' id='word_1_469' title='bbox 813 4677 968 4742; x_wconf 84' lang='lat' dir='ltr'><strong>apostolicae</strong></span> <span class='ocrx_word' id='word_1_470' title='bbox 988 4675 1029 4726; x_wconf 85' lang='lat' dir='ltr'><strong>vel</strong></span> <span class='ocrx_word' id='word_1_471' title='bbox 1048 4675 1110 4726; x_wconf 84' lang='lat' dir='ltr'><strong>add.</strong></span> <span class='ocrx_word' id='word_1_472' title='bbox 1129 4673 1153 4725; x_wconf 88' lang='grc'><strong>9.</strong></span> <span class='ocrx_word' id='word_1_473' title='bbox 1241 4672 1268 4736; x_wconf 90' lang='lat' dir='ltr'><strong>a)</strong></span> <span class='ocrx_word' id='word_1_474' title='bbox 1288 4673 1314 4723; x_wconf 94' lang='lat' dir='ltr'><strong>id</strong></span> <span class='ocrx_word' id='word_1_475' title='bbox 1332 4679 1371 4724; x_wconf 82' lang='lat' dir='ltr'><strong>ert</strong></span> <span class='ocrx_word' id='word_1_476' title='bbox 1388 4689 1437 4724; x_wconf 79' lang='lat' dir='ltr'><strong>our.</strong></span> <span class='ocrx_word' id='word_1_477' title='bbox 1456 4674 1481 4724; x_wconf 88' lang='lat'><strong>4.</strong></span> <span class='ocrx_word' id='word_1_478' title='bbox 1500 4672 1524 4736; x_wconf 87' lang='grc'><strong>5,</strong></span> <span class='ocrx_word' id='word_1_479' title='bbox 1544 4688 1671 4736; x_wconf 80' lang='lat' dir='ltr'><strong>superser.</strong></span> <span class='ocrx_word' id='word_1_480' title='bbox 1689 4689 1760 4721; x_wconf 80' lang='lat' dir='ltr'><strong>crau.</strong></span> <span class='ocrx_word' id='word_1_481' title='bbox 1779 4671 1825 4722; x_wconf 80' lang='lat' dir='ltr'><strong>alt.</strong></span> <span class='ocrx_word' id='word_1_482' title='bbox 1843 4669 1867 4723; x_wconf 88' lang='lat'><strong>4.</strong></span> 
     </span>
     <span class='ocr_line' id='line_1_42' title="bbox 239 4755 1869 4834; baseline -0.007 -16"><span class='ocrx_word' id='word_1_483' title='bbox 239 4766 267 4834; x_wconf 92' lang='lat' dir='ltr'><strong>b)</strong></span> <span class='ocrx_word' id='word_1_484' title='bbox 285 4767 443 4819; x_wconf 78' lang='lat' dir='ltr'><strong>Alexandria</strong></span> <span class='ocrx_word' id='word_1_485' title='bbox 460 4765 486 4818; x_wconf 81' lang='lat'><strong>2.</strong></span> <span class='ocrx_word' id='word_1_486' title='bbox 556 4763 581 4830; x_wconf 89' lang='lat' dir='ltr'><strong>c)</strong></span> <span class='ocrx_word' id='word_1_487' title='bbox 600 4773 657 4832; x_wconf 82' lang='lat' dir='ltr'><strong>port</strong></span> <span class='ocrx_word' id='word_1_488' title='bbox 674 4761 699 4814; x_wconf 90' lang='lat'><strong>3.</strong></span> <span class='ocrx_word' id='word_1_489' title='bbox 769 4763 796 4826; x_wconf 86' lang='lat' dir='ltr'><strong>d)</strong></span> <span class='ocrx_word' id='word_1_490' title='bbox 816 4779 864 4812; x_wconf 82' lang='lat' dir='ltr'><strong>orn.</strong></span> <span class='ocrx_word' id='word_1_491' title='bbox 882 4760 906 4812; x_wconf 92' lang='lat'><strong>4.</strong></span> <span class='ocrx_word' id='word_1_492' title='bbox 920 4762 944 4813; x_wconf 82' lang='lat'><strong>5.</strong></span> <span class='ocrx_word' id='word_1_493' title='bbox 1015 4759 1040 4823; x_wconf 86' lang='lat' dir='ltr'><strong>a)</strong></span> <span class='ocrx_word' id='word_1_494' title='bbox 1060 4761 1084 4812; x_wconf 93' lang='lat' dir='ltr'><strong>.i.</strong></span> <span class='ocrx_word' id='word_1_495' title='bbox 1103 4775 1230 4825; x_wconf 71' lang='lat' dir='ltr'><strong>asper-scr.</strong></span> <span class='ocrx_word' id='word_1_496' title='bbox 1248 4776 1318 4810; x_wconf 85' lang='lat' dir='ltr'><strong>maa.</strong></span> <span class='ocrx_word' id='word_1_497' title='bbox 1338 4759 1383 4811; x_wconf 80' lang='lat' dir='ltr'><strong>alt.</strong></span> <span class='ocrx_word' id='word_1_498' title='bbox 1402 4759 1469 4810; x_wconf 89' lang='lat' dir='ltr'><strong>idem</strong></span> <span class='ocrx_word' id='word_1_499' title='bbox 1486 4757 1518 4820; x_wconf 73' lang='lat'><strong>4,</strong></span> <span class='ocrx_word' id='word_1_500' title='bbox 1537 4775 1605 4809; x_wconf 80' lang='lat' dir='ltr'><strong>erar.</strong></span> <span class='ocrx_word' id='word_1_501' title='bbox 1623 4756 1648 4809; x_wconf 85' lang='grc'><strong>5.</strong></span> <span class='ocrx_word' id='word_1_502' title='bbox 1718 4758 1744 4823; x_wconf 84' lang='grc'><strong>1)</strong></span> <span class='ocrx_word' id='word_1_503' title='bbox 1763 4773 1830 4808; x_wconf 74' lang='lat' dir='ltr'><strong>erm.</strong></span> <span class='ocrx_word' id='word_1_504' title='bbox 1844 4755 1869 4807; x_wconf 90' lang='grc'><strong>5.</strong></span> 
     </span>
     <span class='ocr_line' id='line_1_43' title="bbox 239 4843 1869 4921; baseline -0.006 -17"><span class='ocrx_word' id='word_1_505' title='bbox 239 4853 268 4921; x_wconf 89' lang='lat' dir='ltr'><strong>g)</strong></span> <span class='ocrx_word' id='word_1_506' title='bbox 286 4855 355 4906; x_wconf 83' lang='lat' dir='ltr'><strong>aliua</strong></span> <span class='ocrx_word' id='word_1_507' title='bbox 372 4851 396 4904; x_wconf 89' lang='lat'><strong>4.</strong></span> <span class='ocrx_word' id='word_1_508' title='bbox 409 4852 434 4905; x_wconf 85' lang='lat'><strong>5.</strong></span> <span class='ocrx_word' id='word_1_509' title='bbox 519 4851 547 4916; x_wconf 89' lang='lat' dir='ltr'><strong>h)</strong></span> <span class='ocrx_word' id='word_1_510' title='bbox 566 4868 614 4901; x_wconf 88' lang='lat' dir='ltr'><strong>om.</strong></span> <span class='ocrx_word' id='word_1_511' title='bbox 627 4849 643 4900; x_wconf 90' lang='lat'><strong>9</strong></span> <span class='ocrx_word' id='word_1_512' title='bbox 648 4869 656 4914; x_wconf 86' lang='lat'>;</span> <span class='ocrx_word' id='word_1_513' title='bbox 675 4850 787 4918; x_wconf 85' lang='lat' dir='ltr'><strong>penelati</strong></span> <span class='ocrx_word' id='word_1_514' title='bbox 805 4865 872 4899; x_wconf 80' lang='lat' dir='ltr'><strong>corr.</strong></span> <span class='ocrx_word' id='word_1_515' title='bbox 885 4865 955 4900; x_wconf 82' lang='lat' dir='ltr'><strong>maa.</strong></span> <span class='ocrx_word' id='word_1_516' title='bbox 969 4849 1014 4898; x_wconf 80' lang='lat' dir='ltr'><strong>alt.</strong></span> <span class='ocrx_word' id='word_1_517' title='bbox 1027 4863 1093 4914; x_wconf 87' lang='lat' dir='ltr'><strong>pene</strong></span> <span class='ocrx_word' id='word_1_518' title='bbox 1111 4847 1203 4914; x_wconf 88' lang='lat' dir='ltr'><strong>prelati</strong></span> <span class='ocrx_word' id='word_1_519' title='bbox 1221 4845 1246 4897; x_wconf 91' lang='grc'><strong>5.</strong></span> <span class='ocrx_word' id='word_1_520' title='bbox 1325 4846 1344 4908; x_wconf 83' lang='grc' dir='ltr'>ἰ)</span> <span class='ocrx_word' id='word_1_521' title='bbox 1364 4853 1425 4898; x_wconf 82' lang='grc' dir='ltr'><strong>ιιιιιι1</strong></span> <span class='ocrx_word' id='word_1_522' title='bbox 1438 4843 1515 4910; x_wconf 80' lang='lat'><strong>2-5,</strong></span> <span class='ocrx_word' id='word_1_523' title='bbox 1534 4844 1675 4911; x_wconf 67' lang='lat' dir='ltr'><strong>Kudpsler,</strong></span> <span class='ocrx_word' id='word_1_524' title='bbox 1693 4861 1760 4894; x_wconf 80' lang='lat' dir='ltr'><strong>corr.</strong></span> <span class='ocrx_word' id='word_1_525' title='bbox 1774 4845 1826 4895; x_wconf 89' lang='lat' dir='ltr'><strong>sint</strong></span> <span class='ocrx_word' id='word_1_526' title='bbox 1844 4844 1869 4894; x_wconf 91' lang='lat'><strong>4.</strong></span> 
     </span>
     <span class='ocr_line' id='line_1_44' title="bbox 239 4928 1868 5007; baseline -0.007 -17"><span class='ocrx_word' id='word_1_527' title='bbox 239 4939 267 5007; x_wconf 87' lang='grc' dir='ltr'><strong>Ιι)</strong></span> <span class='ocrx_word' id='word_1_528' title='bbox 281 4940 566 5002; x_wconf 70' lang='lat' dir='ltr'><strong>hocestlluriolanum,</strong></span> <span class='ocrx_word' id='word_1_529' title='bbox 579 4937 787 5003; x_wconf 84' lang='lat' dir='ltr'><strong>Lugdunensem,</strong></span> <span class='ocrx_word' id='word_1_530' title='bbox 801 4935 1036 5000; x_wconf 85' lang='lat' dir='ltr'><strong>hlogontiacenssm</strong></span> <span class='ocrx_word' id='word_1_531' title='bbox 1049 4933 1111 4984; x_wconf 81' lang='lat' dir='ltr'><strong>add.</strong></span> <span class='ocrx_word' id='word_1_532' title='bbox 1124 4931 1148 4983; x_wconf 89' lang='grc'><strong>9.</strong></span> <span class='ocrx_word' id='word_1_533' title='bbox 1214 4932 1234 4999; x_wconf 91' lang='grc'><strong>1)</strong></span> <span class='ocrx_word' id='word_1_534' title='bbox 1247 4950 1294 4982; x_wconf 88' lang='lat' dir='ltr'><strong>cm.</strong></span> <span class='ocrx_word' id='word_1_535' title='bbox 1308 4933 1332 4984; x_wconf 89' lang='lat'><strong>4.</strong></span> <span class='ocrx_word' id='word_1_536' title='bbox 1404 4935 1438 4994; x_wconf 87' lang='lat' dir='ltr'><strong>m)</strong></span> <span class='ocrx_word' id='word_1_537' title='bbox 1454 4935 1534 4984; x_wconf 76' lang='lat' dir='ltr'><strong>fertur</strong></span> <span class='ocrx_word' id='word_1_538' title='bbox 1545 4928 1570 4994; x_wconf 88' lang='lat'><strong>3,</strong></span> <span class='ocrx_word' id='word_1_539' title='bbox 1585 4929 1725 4998; x_wconf 78' lang='lat' dir='ltr'><strong>chpslrr.</strong></span> <span class='ocrx_word' id='word_1_540' title='bbox 1791 4930 1818 4990; x_wconf 88' lang='grc' dir='ltr'><strong>ιι)</strong></span> <span class='ocrx_word' id='word_1_541' title='bbox 1832 4931 1868 4980; x_wconf 82' lang='lat' dir='ltr'><strong>ita</strong></span> 
     </span>
     <span class='ocr_line' id='line_1_45' title="bbox 239 5015 1867 5095; baseline -0.01 -16"><span class='ocrx_word' id='word_1_542' title='bbox 239 5026 263 5078; x_wconf 93' lang='lat'><strong>1.</strong></span> <span class='ocrx_word' id='word_1_543' title='bbox 281 5025 310 5090; x_wconf 75' lang='lat'><strong>2;</strong></span> <span class='ocrx_word' id='word_1_544' title='bbox 330 5033 506 5095; x_wconf 78' lang='lat' dir='ltr'><strong>praeceptores</strong></span> <span class='ocrx_word' id='word_1_545' title='bbox 524 5025 580 5076; x_wconf 84' lang='lat' dir='ltr'><strong>rell.</strong></span> <span class='ocrx_word' id='word_1_546' title='bbox 600 5033 623 5074; x_wconf 82' lang='lat' dir='ltr'><strong>et</strong></span> <span class='ocrx_word' id='word_1_547' title='bbox 641 5022 780 5089; x_wconf 80' lang='lat' dir='ltr'><strong>chpsler.</strong></span> <span class='ocrx_word' id='word_1_548' title='bbox 857 5021 882 5082; x_wconf 90' lang='grc' dir='ltr'>ο)</span> <span class='ocrx_word' id='word_1_549' title='bbox 901 5021 938 5070; x_wconf 80' lang='lat' dir='ltr'><strong>ita</strong></span> <span class='ocrx_word' id='word_1_550' title='bbox 959 5019 986 5082; x_wconf 92' lang='lat' dir='ltr'><strong>l;</strong></span> <span class='ocrx_word' id='word_1_551' title='bbox 1004 5019 1159 5086; x_wconf 84' lang='lat' dir='ltr'><strong>capellanos,</strong></span> <span class='ocrx_word' id='word_1_552' title='bbox 1178 5018 1303 5086; x_wconf 85' lang='lat' dir='ltr'><strong>capellani</strong></span> <span class='ocrx_word' id='word_1_553' title='bbox 1321 5020 1379 5071; x_wconf 82' lang='lat' dir='ltr'><strong>rell.</strong></span> <span class='ocrx_word' id='word_1_554' title='bbox 1455 5019 1481 5085; x_wconf 88' lang='lat' dir='ltr'><strong>p)</strong></span> <span class='ocrx_word' id='word_1_555' title='bbox 1500 5018 1575 5069; x_wconf 87' lang='lat' dir='ltr'><strong>sicuti</strong></span> <span class='ocrx_word' id='word_1_556' title='bbox 1596 5033 1663 5068; x_wconf 67' lang='lat' dir='ltr'><strong>coru.</strong></span> <span class='ocrx_word' id='word_1_557' title='bbox 1682 5033 1751 5066; x_wconf 80' lang='lat' dir='ltr'><strong>crau.</strong></span> <span class='ocrx_word' id='word_1_558' title='bbox 1772 5015 1818 5065; x_wconf 81' lang='lat' dir='ltr'><strong>alt.</strong></span> <span class='ocrx_word' id='word_1_559' title='bbox 1837 5033 1867 5064; x_wconf 81' lang='lat' dir='ltr'><strong>ea</strong></span> 
     </span>
    </p>

    <p class='ocr_par' dir='ltr' id='par_1_5' title="bbox 186 5099 1869 5178">
     <span class='ocr_line' id='line_1_46' title="bbox 186 5099 1869 5178; baseline -0.006 -16"><span class='ocrx_word' id='word_1_560' title='bbox 186 5123 211 5162; x_wconf 79' lang='grc'><strong>11</strong></span> <span class='ocrx_word' id='word_1_561' title='bbox 239 5116 306 5167; x_wconf 85' lang='lat' dir='ltr'><strong>sicut</strong></span> <span class='ocrx_word' id='word_1_562' title='bbox 323 5115 349 5165; x_wconf 94' lang='lat' dir='ltr'><strong>hi</strong></span> <span class='ocrx_word' id='word_1_563' title='bbox 368 5113 392 5166; x_wconf 82' lang='lat'><strong>5.</strong></span> <span class='ocrx_word' id='word_1_564' title='bbox 481 5113 508 5178; x_wconf 80' lang='lat' dir='ltr'><strong>q)</strong></span> <span class='ocrx_word' id='word_1_565' title='bbox 526 5113 571 5177; x_wconf 91' lang='lat' dir='ltr'><strong>qni</strong></span> <span class='ocrx_word' id='word_1_566' title='bbox 590 5119 618 5164; x_wconf 87' lang='lat' dir='ltr'><strong>at</strong></span> <span class='ocrx_word' id='word_1_567' title='bbox 634 5111 725 5162; x_wconf 84' lang='lat' dir='ltr'><strong>missos</strong></span> <span class='ocrx_word' id='word_1_568' title='bbox 749 5108 827 5174; x_wconf 80' lang='lat' dir='ltr'><strong>(corr.</strong></span> <span class='ocrx_word' id='word_1_569' title='bbox 846 5124 916 5158; x_wconf 83' lang='lat' dir='ltr'><strong>mac.</strong></span> <span class='ocrx_word' id='word_1_570' title='bbox 935 5107 979 5158; x_wconf 82' lang='grc'>(111</span> <span class='ocrx_word' id='word_1_571' title='bbox 997 5107 1101 5173; x_wconf 85' lang='lat' dir='ltr'><strong>quidam</strong></span> <span class='ocrx_word' id='word_1_572' title='bbox 1126 5106 1226 5166; x_wconf 82' lang='lat' dir='ltr'><strong>missos)</strong></span> <span class='ocrx_word' id='word_1_573' title='bbox 1243 5103 1274 5169; x_wconf 90' lang='lat'><strong>4;</strong></span> <span class='ocrx_word' id='word_1_574' title='bbox 1297 5106 1342 5170; x_wconf 91' lang='lat' dir='ltr'><strong>qui</strong></span> <span class='ocrx_word' id='word_1_575' title='bbox 1360 5105 1485 5156; x_wconf 81' lang='lat' dir='ltr'><strong>admissos</strong></span> <span class='ocrx_word' id='word_1_576' title='bbox 1504 5103 1528 5156; x_wconf 88' lang='grc'><strong>5.</strong></span> <span class='ocrx_word' id='word_1_577' title='bbox 1617 5102 1639 5168; x_wconf 88' lang='lat' dir='ltr'><strong>r)</strong></span> <span class='ocrx_word' id='word_1_578' title='bbox 1658 5101 1824 5168; x_wconf 83' lang='lat' dir='ltr'><strong>copularibns</strong></span> <span class='ocrx_word' id='word_1_579' title='bbox 1844 5099 1869 5152; x_wconf 87' lang='grc'><strong>5.</strong></span> 
     </span>
    </p>
   </div>
   <div class='ocr_carea' id='block_1_5' title="bbox 239 5189 1607 5270">
    <p class='ocr_par' dir='ltr' id='par_1_6' title="bbox 239 5189 1607 5270">
     <span class='ocr_line' id='line_1_47' title="bbox 239 5189 1607 5270; baseline -0.01 -17"><span class='ocrx_word' id='word_1_580' title='bbox 239 5202 262 5266; x_wconf 92' lang='lat' dir='ltr'><strong>s)</strong></span> <span class='ocrx_word' id='word_1_581' title='bbox 281 5202 444 5267; x_wconf 84' lang='lat' dir='ltr'><strong>coepiscopos</strong></span> <span class='ocrx_word' id='word_1_582' title='bbox 462 5197 539 5270; x_wconf 85' lang='grc'><strong>3-5,</strong></span> <span class='ocrx_word' id='word_1_583' title='bbox 558 5216 624 5250; x_wconf 80' lang='lat' dir='ltr'><strong>corr.</strong></span> <span class='ocrx_word' id='word_1_584' title='bbox 644 5198 820 5263; x_wconf 86' lang='lat' dir='ltr'><strong>corepiscopos</strong></span> <span class='ocrx_word' id='word_1_585' title='bbox 838 5193 862 5246; x_wconf 92' lang='lat'><strong>4.</strong></span> <span class='ocrx_word' id='word_1_586' title='bbox 950 5193 971 5259; x_wconf 97' lang='grc'><strong>1)</strong></span> <span class='ocrx_word' id='word_1_587' title='bbox 990 5194 1185 5245; x_wconf 81' lang='lat' dir='ltr'><strong>ecnunarioacs</strong></span> <span class='ocrx_word' id='word_1_588' title='bbox 1202 5189 1227 5244; x_wconf 86' lang='lat'><strong>3.</strong></span> <span class='ocrx_word' id='word_1_589' title='bbox 1246 5191 1263 5242; x_wconf 94' lang='grc'><strong>5</strong></span> <span class='ocrx_word' id='word_1_590' title='bbox 1281 5193 1360 5258; x_wconf 81' lang='lat' dir='ltr'><strong>(corr.</strong></span> <span class='ocrx_word' id='word_1_591' title='bbox 1380 5209 1411 5243; x_wconf 73' lang='lat' dir='ltr'><strong>aa</strong></span> <span class='ocrx_word' id='word_1_592' title='bbox 1429 5189 1607 5254; x_wconf 80' lang='lat' dir='ltr'><strong>centenarios).</strong></span> 
     </span>
    </p>
   </div>
   <div class='ocr_carea' id='block_1_6' title="bbox 186 5322 1940 5823">
    <p class='ocr_par' dir='ltr' id='par_1_7' title="bbox 238 5322 1869 5612">
     <span class='ocr_line' id='line_1_48' title="bbox 341 5322 1867 5405; baseline -0.009 -14"><span class='ocrx_word' id='word_1_593' title='bbox 341 5336 386 5404; x_wconf 90' lang='grc'>91)</span> <span class='ocrx_word' id='word_1_594' title='bbox 404 5335 508 5405; x_wconf 71' lang='grc'>31119.</span> <span class='ocrx_word' id='word_1_595' title='bbox 526 5337 552 5400; x_wconf 81' lang='lat'><strong>5,</strong></span> <span class='ocrx_word' id='word_1_596' title='bbox 569 5337 592 5389; x_wconf 93' lang='grc'><strong>6.</strong></span> <span class='ocrx_word' id='word_1_597' title='bbox 675 5333 720 5399; x_wconf 80' lang='grc'>99)</span> <span class='ocrx_word' id='word_1_598' title='bbox 739 5332 793 5386; x_wconf 86' lang='lat' dir='ltr'><strong>Ios.</strong></span> <span class='ocrx_word' id='word_1_599' title='bbox 812 5330 837 5398; x_wconf 82' lang='grc'><strong>9,</strong></span> <span class='ocrx_word' id='word_1_600' title='bbox 856 5331 931 5397; x_wconf 71' lang='lat' dir='ltr'><strong>tiraq.</strong></span> <span class='ocrx_word' id='word_1_601' title='bbox 1014 5330 1059 5398; x_wconf 88' lang='grc'><strong>93)</strong></span> <span class='ocrx_word' id='word_1_602' title='bbox 1080 5327 1306 5395; x_wconf 71' lang='grc'>1111111510.</span> <span class='ocrx_word' id='word_1_603' title='bbox 1394 5328 1439 5394; x_wconf 79' lang='grc'><strong>91)</strong></span> <span class='ocrx_word' id='word_1_604' title='bbox 1460 5325 1554 5381; x_wconf 82' lang='lat' dir='ltr'><strong>Iudith</strong></span> <span class='ocrx_word' id='word_1_605' title='bbox 1572 5327 1597 5390; x_wconf 84' lang='grc'><strong>6,</strong></span> <span class='ocrx_word' id='word_1_606' title='bbox 1616 5325 1640 5378; x_wconf 88' lang='grc'><strong>6.</strong></span> <span class='ocrx_word' id='word_1_607' title='bbox 1724 5324 1770 5392; x_wconf 81' lang='grc'><strong>95)</strong></span> <span class='ocrx_word' id='word_1_608' title='bbox 1790 5322 1867 5377; x_wconf 77' lang='lat' dir='ltr'><strong>Ocno.</strong></span> 
     </span>
     <span class='ocr_line' id='line_1_49' title="bbox 238 5423 1869 5509; baseline -0.01 -13"><span class='ocrx_word' id='word_1_609' title='bbox 238 5441 343 5496; x_wconf 82' lang='lat' dir='ltr'><strong>Sardio.</strong></span> <span class='ocrx_word' id='word_1_610' title='bbox 361 5457 381 5494; x_wconf 85' lang='lat' dir='ltr'><strong>c.</strong></span> <span class='ocrx_word' id='word_1_611' title='bbox 400 5443 424 5494; x_wconf 90' lang='lat'><strong>3.</strong></span> <span class='ocrx_word' id='word_1_612' title='bbox 443 5443 468 5494; x_wconf 87' lang='lat'><strong>4.</strong></span> <span class='ocrx_word' id='word_1_613' title='bbox 488 5442 512 5509; x_wconf 76' lang='lat'><strong>7,</strong></span> <span class='ocrx_word' id='word_1_614' title='bbox 533 5439 629 5493; x_wconf 74' lang='lat' dir='ltr'><strong>Marcei</strong></span> <span class='ocrx_word' id='word_1_615' title='bbox 647 5438 707 5504; x_wconf 87' lang='lat' dir='ltr'><strong>III,</strong></span> <span class='ocrx_word' id='word_1_616' title='bbox 725 5437 772 5492; x_wconf 87' lang='lat' dir='ltr'><strong>ccl.</strong></span> <span class='ocrx_word' id='word_1_617' title='bbox 785 5436 878 5503; x_wconf 76' lang='lat' dir='ltr'><strong>aasqq.</strong></span> <span class='ocrx_word' id='word_1_618' title='bbox 948 5435 992 5503; x_wconf 89' lang='grc'>96)</span> <span class='ocrx_word' id='word_1_619' title='bbox 1013 5433 1088 5488; x_wconf 77' lang='lat' dir='ltr'><strong>Couc.</strong></span> <span class='ocrx_word' id='word_1_620' title='bbox 1111 5433 1169 5486; x_wconf 81' lang='lat' dir='ltr'><strong>Nic.</strong></span> <span class='ocrx_word' id='word_1_621' title='bbox 1188 5449 1209 5488; x_wconf 91' lang='lat' dir='ltr'><strong>c.</strong></span> <span class='ocrx_word' id='word_1_622' title='bbox 1223 5434 1248 5500; x_wconf 83' lang='lat'><strong>6,</strong></span> <span class='ocrx_word' id='word_1_623' title='bbox 1270 5431 1366 5484; x_wconf 72' lang='lat' dir='ltr'><strong>Mauri</strong></span> <span class='ocrx_word' id='word_1_624' title='bbox 1383 5430 1422 5497; x_wconf 86' lang='lat'><strong>11,</strong></span> <span class='ocrx_word' id='word_1_625' title='bbox 1442 5429 1489 5483; x_wconf 85' lang='lat' dir='ltr'><strong>ccl.</strong></span> <span class='ocrx_word' id='word_1_626' title='bbox 1502 5430 1561 5483; x_wconf 83' lang='grc'>619.</span> <span class='ocrx_word' id='word_1_627' title='bbox 1638 5429 1684 5496; x_wconf 82' lang='grc'><strong>91)</strong></span> <span class='ocrx_word' id='word_1_628' title='bbox 1705 5427 1761 5494; x_wconf 79' lang='lat' dir='ltr'><strong>Ofr.</strong></span> <span class='ocrx_word' id='word_1_629' title='bbox 1774 5423 1869 5496; x_wconf 80' lang='lat' dir='ltr'><strong>Wcita,</strong></span> 
     </span>
     <span class='ocr_line' id='line_1_50' title="bbox 244 5531 1868 5612; baseline -0.009 -13"><span class='ocrx_word' id='word_1_630' title='bbox 244 5545 388 5611; x_wconf 73' lang='lat' dir='ltr'><strong>Va1112,</strong></span> <span class='ocrx_word' id='word_1_631' title='bbox 411 5545 543 5612; x_wconf 60' lang='lat' dir='ltr'><strong>palliam</strong></span> <span class='ocrx_word' id='word_1_632' title='bbox 635 5542 680 5608; x_wconf 89' lang='grc'><strong>98)</strong></span> <span class='ocrx_word' id='word_1_633' title='bbox 700 5539 779 5594; x_wconf 80' lang='lat' dir='ltr'><strong>Ocno.</strong></span> <span class='ocrx_word' id='word_1_634' title='bbox 800 5538 1017 5604; x_wconf 66' lang='grc'>0111111119,</span> <span class='ocrx_word' id='word_1_635' title='bbox 1038 5537 1134 5592; x_wconf 81' lang='lat' dir='ltr'><strong>Macri</strong></span> <span class='ocrx_word' id='word_1_636' title='bbox 1154 5536 1217 5603; x_wconf 86' lang='lat' dir='ltr'><strong>VII,</strong></span> <span class='ocrx_word' id='word_1_637' title='bbox 1240 5536 1288 5590; x_wconf 84' lang='lat' dir='ltr'><strong>col.</strong></span> <span class='ocrx_word' id='word_1_638' title='bbox 1301 5537 1360 5602; x_wconf 84' lang='grc'>316,</span> <span class='ocrx_word' id='word_1_639' title='bbox 1378 5534 1451 5588; x_wconf 77' lang='lat' dir='ltr'><strong>rubr.</strong></span> <span class='ocrx_word' id='word_1_640' title='bbox 1542 5534 1587 5602; x_wconf 89' lang='grc'><strong>99)</strong></span> <span class='ocrx_word' id='word_1_641' title='bbox 1608 5532 1668 5599; x_wconf 73' lang='lat' dir='ltr'><strong>Osa.</strong></span> <span class='ocrx_word' id='word_1_642' title='bbox 1686 5533 1764 5598; x_wconf 78' lang='lat' dir='ltr'><strong>infra</strong></span> <span class='ocrx_word' id='word_1_643' title='bbox 1782 5531 1868 5585; x_wconf 83' lang='lat' dir='ltr'><strong>Hice·</strong></span> 
     </span>
    </p>

    <p class='ocr_par' dir='ltr' id='par_1_8' title="bbox 186 5635 1940 5823">
     <span class='ocr_line' id='line_1_51' title="bbox 186 5635 1940 5723; baseline -0.009 -20"><span class='ocrx_word' id='word_1_644' title='bbox 186 5664 212 5704; x_wconf 84' lang='lat' dir='ltr'><strong>so</strong></span> <span class='ocrx_word' id='word_1_645' title='bbox 238 5665 339 5718; x_wconf 72' lang='lat' dir='ltr'><strong>raama,</strong></span> <span class='ocrx_word' id='word_1_646' title='bbox 362 5649 404 5703; x_wconf 83' lang='lat' dir='ltr'><strong>Dc</strong></span> <span class='ocrx_word' id='word_1_647' title='bbox 421 5647 513 5702; x_wconf 76' lang='lat' dir='ltr'><strong>cadim</strong></span> <span class='ocrx_word' id='word_1_648' title='bbox 527 5647 629 5716; x_wconf 79' lang='lat' dir='ltr'><strong>palatii</strong></span> <span class='ocrx_word' id='word_1_649' title='bbox 646 5663 667 5702; x_wconf 89' lang='lat' dir='ltr'><strong>c.</strong></span> <span class='ocrx_word' id='word_1_650' title='bbox 680 5647 721 5700; x_wconf 83' lang='lat'><strong>19.</strong></span> <span class='ocrx_word' id='word_1_651' title='bbox 823 5645 883 5712; x_wconf 89' lang='grc'>100)</span> <span class='ocrx_word' id='word_1_652' title='bbox 902 5642 959 5708; x_wconf 79' lang='lat' dir='ltr'><strong>Osr.</strong></span> <span class='ocrx_word' id='word_1_653' title='bbox 973 5641 1061 5697; x_wconf 81' lang='lat' dir='ltr'><strong>Waits</strong></span> <span class='ocrx_word' id='word_1_654' title='bbox 1078 5642 1094 5695; x_wconf 90' lang='lat' dir='ltr'><strong>l.</strong></span> <span class='ocrx_word' id='word_1_655' title='bbox 1112 5656 1133 5694; x_wconf 87' lang='lat' dir='ltr'><strong>o.</strong></span> <span class='ocrx_word' id='word_1_656' title='bbox 1150 5658 1178 5708; x_wconf 81' lang='lat' dir='ltr'><strong>p.</strong></span> <span class='ocrx_word' id='word_1_657' title='bbox 1191 5641 1251 5706; x_wconf 81' lang='lat'><strong>516,</strong></span> <span class='ocrx_word' id='word_1_658' title='bbox 1271 5644 1326 5694; x_wconf 83' lang='lat' dir='ltr'><strong>aot.</strong></span> <span class='ocrx_word' id='word_1_659' title='bbox 1342 5641 1363 5693; x_wconf 95' lang='grc'><strong>1.</strong></span> <span class='ocrx_word' id='word_1_660' title='bbox 1467 5639 1493 5707; x_wconf 90' lang='grc'><strong>1)</strong></span> <span class='ocrx_word' id='word_1_661' title='bbox 1514 5635 1571 5703; x_wconf 77' lang='lat' dir='ltr'><strong>Gfr.</strong></span> <span class='ocrx_word' id='word_1_662' title='bbox 1592 5637 1727 5703; x_wconf 74' lang='grc' dir='ltr'><strong>Βνιιιιικτ,</strong></span> <span class='ocrx_word' id='word_1_663' title='bbox 1748 5635 1809 5690; x_wconf 85' lang='lat' dir='ltr'><strong>RG.</strong></span> <span class='ocrx_word' id='word_1_664' title='bbox 1830 5635 1869 5700; x_wconf 90' lang='grc'><strong>11,</strong></span> <span class='ocrx_word' id='word_1_665' title='bbox 1931 5709 1940 5723; x_wconf 35' lang='grc' dir='ltr'>ι</span> 
     </span>
     <span class='ocr_line' id='line_1_52' title="bbox 238 5721 1186 5823; baseline -0.011 -16"><span class='ocrx_word' id='word_1_666' title='bbox 238 5771 264 5823; x_wconf 68' lang='lat' dir='ltr'><strong>p.</strong></span> <span class='ocrx_word' id='word_1_667' title='bbox 278 5754 336 5808; x_wconf 84' lang='lat' dir='ltr'><strong>raa.</strong></span> <span class='ocrx_word' id='word_1_668' title='bbox 425 5754 451 5818; x_wconf 78' lang='lat' dir='ltr'><strong>a</strong></span> <span class='ocrx_word' id='word_1_669' title='bbox 473 5752 528 5817; x_wconf 74' lang='lat' dir='ltr'><strong>oa.</strong></span> <span class='ocrx_word' id='word_1_670' title='bbox 547 5751 635 5806; x_wconf 72' lang='lat' dir='ltr'><strong>aaa:</strong></span> <span class='ocrx_word' id='word_1_671' title='bbox 651 5751 668 5803; x_wconf 92' lang='grc' dir='ltr'><strong>ι.</strong></span> <span class='ocrx_word' id='word_1_672' title='bbox 688 5767 709 5803; x_wconf 73' lang='lat'><strong>0.</strong></span> <span class='ocrx_word' id='word_1_673' title='bbox 725 5721 752 5817; x_wconf 63' lang='lat' dir='ltr'><strong>a</strong></span> <span class='ocrx_word' id='word_1_674' title='bbox 766 5751 830 5814; x_wconf 71' lang='lat' dir='ltr'><strong>roa·</strong></span> <span class='ocrx_word' id='word_1_675' title='bbox 849 5747 1018 5800; x_wconf 61' lang='lat' dir='ltr'><strong>caminaras</strong></span> <span class='ocrx_word' id='word_1_676' title='bbox 1036 5745 1052 5799; x_wconf 88' lang='grc' dir='ltr'><strong>ι.</strong></span> <span class='ocrx_word' id='word_1_677' title='bbox 1070 5760 1092 5797; x_wconf 73' lang='lat'><strong>0.</strong></span> <span class='ocrx_word' id='word_1_678' title='bbox 1111 5761 1132 5798; x_wconf 72' lang='lat' dir='ltr'><strong>r.</strong></span> <span class='ocrx_word' id='word_1_679' title='bbox 1147 5743 1186 5797; x_wconf 82' lang='lat' dir='ltr'><strong>rr.</strong></span> 
     </span>
    </p>
   </div>
   <div class='ocr_carea' id='block_1_7' title="bbox 0 0 2288 6420">
    <p class='ocr_par' dir='ltr' id='par_1_9' title="bbox 0 0 2288 6420">
     <span class='ocr_line' id='line_1_53' title="bbox 0 0 2288 6420; baseline 0 0"><span class='ocrx_word' id='word_1_680' title='bbox 0 0 2288 6420; x_wconf 95' lang='lat' dir='ltr'><strong> </strong></span> 
     </span>
    </p>
   </div>
  </div>
 </body>
</html>
