4634 6436
439 428 496 490 136
694 423 812 479 Pncva
832 422 879 478 ΕΤ
899 422 1115 480 Pannonius
1128 422 1315 478 vanamne
1334 421 1551 491 (HLOTHARII
1570 424 1611 491 1.).
1631 453 1663 463 -
1682 423 1730 480 Nr.
1742 423 1802 478 234.

357 992 417 1048 ero.
591 951 691 1059 234.
739 947 1303 1058 PRAEOEPTUM
1342 945 1826 1057 HLOTHARH
1865 946 1906 1054 Ι.

1106 1126 1203 1209 840.
1236 1135 1337 1226 Sept.
1363 1136 1393 1208 1.

540 1301 672 1381 Exstat
690 1318 727 1382 ia
749 1317 894 1403 l)1n'bro
914 1318 1024 1383 blanco
1043 1317 1097 1398 sol.
1114 1323 1173 1382 10v
1196 1339 1245 1383 ar.
1264 1320 1293 1395 2,
1315 1318 1371 1382 ubi
1393 1318 1597 1382 tenuabitur:
1620 1318 1830 1404 Privilegium
1846 1319 2062 1383 confirmatio-

437 1420 488 1483 nis
518 1419 666 1484 Lotharii
699 1421 905 1506 imperatoris
939 1421 1062 1484 factum
1093 1420 1221 1486 domino
1250 1420 1349 1486 Petro
1379 1420 1453 1485 duci
1476 1421 1691 1485 Venetiarum
1724 1420 1765 1485 de
1797 1419 1896 1485 rebus
1925 1420 2063 1485 ducatus

437 1521 594 1604 Vanesia,
617 1544 679 1609 que
702 1524 786 1589 inira
808 1524 982 1590 dictionem
1006 1525 1056 1588 sui
1080 1525 1208 1610 imperii
1225 1523 1403 1589 consistere
1421 1524 1657 1599 noscebantnr3
1682 1522 1715 1607 2)
1737 1521 1900 1588 Chronica
1915 1523 2064 1588 Asedrem
2094 1549 2106 1586 a

437 1623 599 1702 Dartdult',
627 1627 665 1690 cle
692 1627 786 1691 euius
809 1627 978 1707 pamultis
1004 1628 1163 1693 codicibus
1189 1649 1253 1692 uuo
1282 1633 1408 1691 madum
1434 1633 1529 1708 atquc
1557 1627 1779 1708 amiquhsimo
1807 1627 1911 1691 codice
1943 1631 2064 1692 seruato

437 1729 474 1791 iu
495 1726 676 1793 bibliotheca
698 1729 883 1806 Marciana,
907 1730 1035 1793 Zanetti
1056 1735 1128 1806 400,
1151 1752 1189 1793 aa
1212 1729 1374 1794 oolhtioac
1396 1729 1531 1793 Hearici
1553 1729 1742 1809 Simouasald
1763 1751 1790 1795 ε.
1810 1729 1846 1793 ol.
1870 1730 1923 1793 usi
1943 1749 2063 1794 sumtu.

437 1829 558 1894 Errore
588 1832 761 1896 conductus
789 1832 830 1896 Ε.
859 1831 1080 1909 Mitbbbocber,
1115 1832 1489 1897 Bbbmer-Mhblbacbcr
1520 1854 1570 1897 ur.
1595 1835 1691 1909 1054,
1725 1831 1865 1896 haduae
1894 1832 2064 1910 Roasaaiu

438 1933 547 1998 Storia
573 1935 608 1998 di
627 1933 774 2013 Vanesia,
808 1936 900 2012 dicit,
929 1941 1135 2015 praeceptum
1165 1941 1309 2000 uestrum
1339 1935 1435 1999 etiam
1464 1937 1587 2000 servari
1617 1937 1655 1999 ia
1680 1936 1745 1999 cod.
1771 1935 1947 2000 Trioisauo.
2003 1934 2065 2000 Sed

439 2036 603 2102 Romania
624 2037 645 2103 l.
661 2058 687 2103 c.
709 2037 737 2115 I,
754 2059 790 2119 p.
808 2039 879 2102 362.
903 2038 1009 2118 maura
1030 2037 1130 2102 edidit
1152 2060 1190 2102 aa
1210 2035 1371 2104 Chronica
1386 2037 1536 2102 Dauduli
1557 2044 1586 2102 et
1607 2038 1626 2103 l.
1644 2059 1668 2104 e.
1693 2037 1740 2115 II,
1756 2059 1793 2119 p.
1809 2041 1881 2102 465.
1904 2038 2108 2105 carbunicam

423 2138 583 2218 „hermes
604 2161 643 2204 aa
666 2140 763 2205 Isibro
784 2139 893 2205 blanco
914 2139 1035 2206 attulit.

547 2259 600 2325 De
626 2260 746 2325 induto
776 2262 923 2345 emporis
951 2262 1009 2342 cfr.
1032 2261 1241 2327 Mttblbacher
1269 2262 1575 2328 nemausen.
1599 2260 1675 2339 Ab,
1698 2260 1870 2342 phil-best.
1891 2261 1963 2341 Οἱ),
1992 2267 2066 2328 tom.

440 2363 622 2442 LXXXV,
639 2387 674 2446 p.
692 2367 764 2431 498.
1601 2364 1659 2447 (B.
1676 2365 1777 2442 doech·
1799 2364 1838 2430 Ρ.
1854 2366 1963 2445 deest.)

544 2597 591 2708 ln
621 2641 750 2705 nomine
779 2640 901 2706 domini
931 2643 1034 2706 nostri
1061 2641 1137 2705 Iesu
1161 2641 1281 2705 Christi
1304 2641 1369 2706 Dei
1398 2641 1513 2705 eterni.
1559 2641 1734 2706 Lotharius
1758 2641 1869 2705 divina
1895 2640 2066 2706 ordinante

441 2748 644 2835 providentia
659 2751 836 2835 imperator
852 2758 1021 2835 augustus.
1118 2749 1260 2835 Dignum
1278 2755 1338 2828 est,
1362 2754 1397 2813 ut
1414 2748 1572 2814 celsitudo
1589 2750 1779 2834 imperialis,
1804 2757 1960 2836 quantum
1978 2757 2065 2816 cete·
2087 2771 2111 2811 rs

441 2873 493 2916 ros
516 2853 648 2917 honoris
676 2874 714 2917 ac
743 2854 914 2938 potestatis
942 2853 1073 2937 fastigio
1097 2853 1280 2932 antecellit,
1311 2859 1435 2916 tantum
1465 2873 1545 2936 erga
1574 2873 1686 2916 omnes
1709 2853 1844 2938 pietatis
1868 2875 1927 2918 sue
1951 2874 2068 2918 munus

440 2953 630 3040 impendere
655 2963 794 3040 satagat.
832 2955 937 3041 Igitur
961 2957 1103 3020 omnium
1127 2955 1269 3020 fidelium
1295 2963 1406 3019 sancte
1428 2955 1492 3019 Dei
1516 2956 1655 3020 ecclesie
1680 2953 1762 3042 [am]
1788 2961 1970 3020 nostrorum
1992 2978 2068 3042 pre-

442 3057 582 3122 sentium
611 3057 735 3122 silicetb
760 3065 793 3122 et
821 3059 1020 3140 futurorum,
1051 3059 1231 3144 comperiat
1254 3057 1459 3143 magnitudo,
1492 3060 1568 3145 quia
1589 3059 1708 3124 Petrus
1731 3058 1798 3123 dux
1821 3081 1859 3122 ac
1883 3059 2068 3145 spatharius

443 3161 674 3226 Veneticorum
697 3183 756 3248 per
772 3162 999 3228 Heverardum
1023 3163 1153 3228 fidelem
1178 3165 1330 3227 comitem
1354 3157 1519 3226 nostrum¹
1545 3185 1583 3226 ac
1607 3163 1824 3248 permissum
1848 3183 1942 3226 suurn
1959 3162 2066 3226 Patri-

443 3264 523 3327 tium
547 3264 675 3328 nomine
699 3270 842 3328 nostram
858 3264 1053 3350 deprecatus
1077 3272 1127 3328 est
1150 3266 1365 3344 maiestatem,
1389 3271 1425 3327 ut
1448 3285 1490 3328 ex
1513 3265 1611 3330 rebus
1636 3266 1686 3330 sui
1706 3265 1878 3344 duchatus,
1902 3286 1965 3351 que
1983 3267 2068 3330 inira
2085 3290 2111 3330 ao

442 3367 619 3432 dictionem
647 3368 773 3453 imperii
803 3369 904 3432 nostri
933 3369 1110 3432 consistere
1142 3375 1334 3446 noscuntur,
1366 3368 1620 3432 confirmationis
1649 3374 1760 3432 nostre
1784 3373 1975 3454 preceptum
1999 3368 2070 3432 fieri

442 3470 645 3550 iuberemus,
676 3492 735 3556 per
758 3471 843 3555 quod
871 3471 943 3555 ipse
972 3492 1009 3535 ao
1036 3471 1240 3556 patriarcha,
1269 3472 1439 3558 pontifices
1463 3477 1568 3556 atque
1585 3473 1721 3557 populus
1745 3473 1792 3536 illi
1817 3473 1982 3537 subiectus
2005 3470 2069 3534 sibi

443 3573 590 3639 debitas⁰
623 3596 676 3640 res
712 3573 835 3658 absque
871 3574 1062 3660 cuiusquam
1095 3575 1327 3640 contrarietate
1362 3597 1420 3639 seu
1453 3575 1670 3659 refragatione
1701 3576 1846 3640 retinere
1877 3574 2068 3660 quivissent,

443 3677 717 3764 quemadmodum
749 3678 950 3763 temporibus
980 3675 1055 3740 avid
1086 3678 1187 3741 nostri
1211 3675 1323 3740 Karoli
1351 3699 1412 3762 per
1434 3677 1603 3742 decretum
1627 3701 1701 3743 oum
1724 3678 1840 3744 Grecis
1870 3668 2068 3742 sanccitum2

443 3781 660 3866 possiderunt.
706 3780 807 3844 (taius
831 3780 1037 3865 petitionem,
1068 3787 1105 3843 ut
1127 3779 1221 3844 nobis
1246 3780 1378 3844 celestis
1403 3780 1594 3865 suffragatio
1618 3780 1781 3868 eopiosior
1804 3779 1905 3860 adsit,
1927 3780 2069 3844 libenter
2087 3803 2113 3844 aa

443 3884 692 3969 adquiescentes
725 3883 785 3947 hos
816 3882 1000 3947 excelentia
1034 3891 1145 3948 nostre
1180 3883 1290 3969 apices
1322 3883 1527 3948 decrevimus
1556 3885 1644 3965 fieri,
1682 3907 1741 3970 per
1770 3905 1851 3970 quos
1886 3890 2068 3948 statuentes

444 3988 679 4067 decernimus⁰,
711 3994 748 4050 ut
777 3986 884 4050 nullus
914 3987 946 4050 in
974 3989 1161 4064 territoriis,
1196 3988 1277 4051 locis
1309 3989 1517 4074 peccnliariis
1551 3994 1607 4052 aut
1635 3988 1801 4067 ecclesiis,
1834 3985 1983 4052 domibus
2011 4007 2070 4051 seu

444 4091 543 4156 rebus
574 4096 607 4155 et
638 4091 771 4175 reliquis
801 4092 1065 4175 possessionibus
1095 4092 1274 4176 presignati
1302 4091 1478 4170 duchatus,
1512 4113 1575 4177 que
1603 4091 1687 4156 infra
1716 4097 1912 4176 potestatem
1941 4091 2070 4176 imperii

443 4194 546 4258 nostri
569 4193 632 4258 site
657 4215 730 4258 esse
752 4201 939 4273 noscuntur,
962 4194 1104 4279 iniquam
1122 4195 1271 4279 ingerere
1293 4195 1479 4281 presumatr
1497 4194 1765 4279 inquietudinem,
1788 4193 2069 4259 diminorationem

445 4319 504 4362 seu
529 4298 783 4382 calumpniosam
807 4296 1096 4361 contradictionem
1120 4304 1177 4361 aut
1199 4297 1453 4361 subtractionem
1469 4296 1691 4382 nephandam;
1717 4302 1769 4361 set
1790 4297 1890 4361 liceat
1913 4317 1970 4360 eas
1993 4317 2067 4381 pre·
2087 4321 2113 4360 so

444 4403 511 4466 tato
534 4399 627 4480 duci,
656 4400 855 4486 patriarche,
885 4401 1050 4486 episcopis
1074 4423 1112 4464 ac
1136 4401 1255 4486 populo
1280 4401 1342 4465 sibi
1365 4399 1513 4465 subiecto
1543 4420 1602 4463 seu
1626 4398 1870 4463 successoribus
1895 4419 2006 4463 eorum
2030 4419 2069 4463 ae

444 4503 622 4571 heredibus
645 4505 755 4589 quiete
785 4503 908 4588 absque
933 4504 1122 4589 cuiusquam
1150 4506 1336 4570 insultantis
1360 4505 1601 4570 machinatione
1625 4510 1682 4568 aut
1705 4503 1859 4568 sinistra⁸
1881 4501 2069 4588 quippiam¹¹

444 4607 609 4673 molientis
632 4607 900 4692 tergiversatione
923 4607 993 4672 iure
1014 4607 1198 4692 gubernare
1221 4614 1254 4673 et
1272 4606 1495 4693 gubernando,
1519 4612 1616 4692 prout
1638 4606 1793 4692 liquidius
1816 4607 1849 4670 in
1865 4602 2068 4691 presignato¹

444 4712 577 4776 decreto
610 4710 812 4788 continetur,
847 4710 998 4793 legaliter
1032 4711 1210 4796 possidere.
1256 4710 1300 4775 Et
1333 4718 1369 4775 ut
1403 4712 1465 4776 heo
1498 4709 1654 4774 nostrae*
1684 4709 1939 4775 confirmationis
1971 4715 2068 4792 atque

445 4814 699 4879 coroborationis
722 4815 899 4878 auctoritas
928 4835 947 4876 a
970 4813 1120 4878 fidelibus
1145 4821 1257 4878 sancte
1280 4813 1343 4878 Dei
1367 4815 1506 4878 ecclesie
1531 4820 1564 4878 et
1587 4813 1706 4878 nostris
1731 4814 1838 4876 verius
1862 4810 2013 4876 credatur
2034 4814 2069 4874 et
2087 4835 2112 4874 aa

445 4918 565 4982 nostris
589 4916 835 4981 suecessoribus
857 4939 917 5002 per
938 4923 1085 5002 tempora
1108 4916 1254 4981 labentia
1276 4919 1362 4981 omni
1387 4918 1562 4982 munimine
1586 4915 1786 4996 stabiliatur,
1817 4936 1915 4980 manu
1938 4912 2069 4999 propria

444 5019 585 5084 fideliter
608 5040 681 5084 eam
703 5018 914 5098 firmavimus,
938 5026 972 5084 et
996 5020 1084 5084 anuli
1107 5021 1210 5084 nostri
1233 5020 1448 5104 impressione
1472 5019 1652 5104 adsignari¹
1675 5019 1839 5083 iussimus.

549 5240 575 5304 a)
593 5257 642 5292 om.
659 5241 748 5303 vodda
765 5242 849 5307 suppl.
868 5258 899 5292 εε
916 5241 1007 5292 Praec.
1027 5241 1114 5293 Illud.
1128 5241 1169 5292 II.
1222 5241 1249 5306 b)
1269 5259 1317 5294 am.
1335 5241 1359 5293 2.
1413 5242 1438 5306 ε)
1457 5242 1544 5294 debita
1558 5239 1581 5293 l.
1634 5241 1661 5305 d)
1679 5242 1731 5293 avii
1748 5240 1771 5292 1.
1823 5241 1848 5306 ε)
1867 5241 2026 5293 decrevimus
2043 5237 2069 5289 2.

445 5327 470 5392 f)
497 5333 645 5394 presumant
667 5325 692 5378 2.
798 5325 825 5392 g)
851 5327 983 5378 sinistrum
1003 5325 1025 5378 l.
1131 5327 1159 5391 h)
1186 5328 1330 5395 cuiuspiam
1352 5327 1376 5378 ‘h
1488 5328 1507 5394 i)
1536 5327 1729 5395 praedesignato
1752 5326 1776 5378 2.
1882 5325 1910 5392 k)
1939 5332 2026 5377 nostra
2045 5322 2068 5375 l.

445 5414 466 5478 l)
486 5413 582 5480 signari
600 5410 625 5463 2.
2087 5413 2114 5452 ao

550 5598 575 5664 l)
596 5595 720 5650 &miton
736 5594 911 5648 scarduonem
931 5594 1078 5660 Fariiutii,·
1099 5595 1150 5659 cfr.
1169 5595 1317 5664 Dbmmtcr,
1341 5595 1477 5661 Ostsrbnb.
1498 5595 1579 5650 aeut
1599 5597 1643 5663 1¹,
1663 5614 1693 5664 p.
1713 5597 1770 5650 119.
1858 5596 1886 5662 2)
1906 5594 2011 5663 Specta
2033 5591 2071 5646 ad

442 5718 533 5770 pacem
550 5701 618 5754 iuter
637 5701 813 5754 Karotumet
835 5699 948 5753 Graecos
965 5716 991 5754 a.
1004 5700 1062 5753 812.
1080 5700 1197 5764 sudam·
1218 5701 1269 5765 cfr.
1290 5699 1385 5753 Fauta
1403 5701 1419 5753 t.
1433 5715 1454 5754 ε.
1469 5718 1499 5768 p.
1512 5700 1544 5753 81
1558 5716 1610 5768 aq.;
1623 5715 1651 5768 p.
1667 5699 1708 5754 85.
