4634 6436
461 468 520 530 118
711 463 978 518 suulrnuuurn
997 463 1045 517 AD
1063 460 1307 518 CAPITUthtlh
1326 458 1455 514 REGUM
1474 456 1632 534 lunulam
1650 488 1683 498 -
1701 459 1751 513 Nr.
1766 458 1826 514 228.

378 648 438 701 sou
458 636 527 702 Sit⁰
543 658 649 702 sermo
665 637 810 724 episcopi
827 639 920 701 iuxta
936 637 1154 722 evangelium:
1184 625 1284 715 ‘Est‘²,
1306 640 1366 700 est.
1400 633 1483 712 Non,
1507 632 1592 708 non'3
1622 634 1648 698 si
1666 633 1744 719 quid
1760 634 1887 698 enixius
1904 632 2077 698 adfirmau-

454 741 530 805 dum
563 741 664 806 durae
691 741 829 806 forsitan
857 740 1057 806 audientium
1088 746 1216 805 mentes
1245 739 1399 823 exigunt,
1430 758 1521 802 more
1548 738 1655 823 potius
1684 738 1864 822 apostolico
1893 739 2079 823 interponat

455 866 534 910 suae
556 845 724 911 locutioni:
754 836 877 910 ‘Deus3
900 842 986 909 scit’!
1015 851 1073 910 aut
1095 849 1215 909 ‘coram
1233 841 1330 907 Deo’!
1360 863 1456 927 quam
1479 846 1566 928 ‘perc
1588 843 1796 926 imperatoris
1812 839 1972 926 gratiam',
1997 842 2079 904 sicut

454 947 667 1012 militantibus
697 948 808 1012 seculo
834 949 942 1011 iurare
972 945 1104 1012 celebre
1134 953 1198 1026 est,
1229 966 1288 1010 sua
1310 944 1396 1008 dicta
1420 945 1597 1010 continuet.
1642 944 1806 1030 Purgatur
1834 966 1913 1010 sane
1937 945 2076 1011 Domino

454 1050 654 1136 suffragante
682 1051 723 1116 ab
751 1051 839 1115 omni
868 1051 1002 1116 levitate
1030 1054 1128 1134 atque
1150 1049 1307 1113 iactantia
1329 1047 1470 1132 dignitas
1494 1049 1707 1134 episcopalis,
1736 1057 1793 1114 ute
1817 1049 1968 1114 omnibus
1992 1050 2077 1115 chri·
2109 1071 2121 1109 a

454 1155 566 1218 stianis
590 1155 695 1220 bonae
719 1155 975 1221 conversationis
998 1153 1168 1240 speculum
1192 1153 1261 1218 tieri
1285 1152 1403 1216 valeat.

561 1256 639 1343 Gap.
664 1261 693 1324 5.
728 1256 795 1322 Utq
823 1257 969 1345 episcopi
992 1259 1164 1322 canonicas
1192 1257 1369 1342 scripturas
1397 1264 1431 1321 et
1459 1263 1572 1321 sancta
1595 1255 1751 1342 dogmata
1773 1256 1841 1342 iugi
1864 1256 2076 1322 meditatione

453 1362 629 1426 discutiant
659 1367 691 1426 et
720 1361 914 1449 presbiteris
947 1383 985 1426 ac
1014 1363 1142 1426 clericis
1172 1362 1239 1426 suis
1271 1360 1423 1426 subtilius
1452 1359 1620 1425 tractando
1648 1365 1680 1424 ot
1708 1359 1899 1425 disserendo
1928 1363 2076 1425 occultos

452 1473 638 1530 sanctarum
672 1465 855 1529 litterarum
890 1464 1061 1532 thesauros
1090 1466 1254 1551 aperiant;
1289 1466 1420 1551 populis
1451 1485 1527 1528 vero
1558 1464 1652 1527 iuxta
1682 1463 1826 1547 ipsorum
1859 1465 2075 1548 capacitatem

451 1567 620 1633 dominicis
648 1573 681 1633 et
711 1567 804 1632 lestis
832 1567 947 1632 diebus
971 1568 1107 1633 verbum
1137 1567 1386 1653 praedicationis
1417 1566 1605 1652 impendere
1633 1587 1698 1630 non
1722 1567 1906 1652 neglegant.
1953 1565 2075 1641 Quodsi
2093 1592 2119 1629 rc

451 1672 522 1755 quis
546 1693 582 1736 ae
605 1671 759 1757 deinceps
783 1672 824 1735 ab
842 1671 903 1736 hac
920 1670 1146 1736 observatione
1162 1679 1196 1737 et
1216 1671 1257 1736 ab
1274 1672 1335 1753 his,
1351 1692 1435 1757 quae
1452 1671 1601 1756 superius
1619 1677 1694 1734 aaut
1712 1676 1845 1752 statuta,
1864 1670 2074 1749 subtraxerit,

450 1782 617 1860 tamquam
641 1776 762 1862 proprii
786 1775 935 1839 desertor
957 1775 1058 1840 officii
1080 1775 1200 1840 divinis
1224 1774 1354 1860 legibus
1381 1775 1574 1840 subiacebit.

559 1877 639 1964 Cap.
663 1882 692 1942 0.
730 1878 892 1944 Solliciter
916 1885 1091 1965 procurent
1114 1880 1270 1965 episcopi,
1297 1899 1395 1965 quam
1418 1878 1621 1963 diligentiam
1646 1899 1725 1963 erga
1748 1877 1877 1962 plebem
1902 1877 1964 1940 sibi
1987 1897 2074 1940 com-

451 1982 582 2046 missam
611 1982 834 2068 unusquisque
863 1981 1117 2068 presbiterorum
1147 1989 1254 2067 gerat3
1289 1988 1418 2069 oportet
1450 1983 1551 2060 enim,
1583 1987 1618 2045 ut
1641 1981 1786 2066 plebium
1809 1980 2074 2067 archipresbiteri

449 2106 509 2172 per
539 2085 685 2170 singulas
714 2087 807 2151 villas
837 2106 1102 2171 unumquemque
1135 2093 1260 2171 patrem
1292 2086 1434 2150 familias
1466 2085 1697 2166 conveniant',
1730 2083 1881 2169 quatinus
1909 2090 1974 2149 tam
2002 2085 2073 2170 ipsi,
2092 2108 2117 2146 rs

450 2210 547 2276 quarn
581 2210 694 2254 omnes
727 2190 760 2254 in
794 2211 905 2254 eorum
940 2189 1088 2255 domibus
1123 2197 1377 2269 commorantes,
1412 2191 1467 2274 qui
1501 2189 1630 2274 publice
1666 2189 1802 2253 crimina
1835 2193 2075 2274 perpetrarunt,

449 2293 579 2379 publice
607 2293 791 2379 peniteaut;
821 2294 876 2378 qui
901 2313 978 2358 vero
1002 2294 1130 2358 occulto
1154 2293 1386 2378 deliquerunu,
1416 2293 1480 2357 illis
1505 2292 1736 2370 confiteantur,
1765 2312 1847 2378 quos
1871 2292 2017 2378 episcopi
2041 2297 2074 2356 et

449 2397 594 2484 plebium
624 2397 889 2483 archipresbiteri
919 2396 1054 2462 idoneos
1086 2396 1126 2461 ad
1156 2398 1339 2463 secreciora
1366 2398 1502 2461 vulnera
1535 2397 1691 2462 mentium
1723 2395 1866 2460 medicos
1897 2397 2073 2480 elegerint;

449 2501 503 2586 qui
527 2501 554 2564 si
578 2500 715 2564 forsitan
738 2500 771 2564 in
794 2500 903 2584 aliquo
927 2499 1157 2581 dubitaverint,
1182 2501 1413 2586 episcoporum
1439 2521 1571 2563 suorum
1593 2519 1659 2563 non
1675 2497 1882 2562 dissimulent
1898 2499 2072 2585 implorare

448 2605 655 2670 sententiam.
695 2604 729 2668 si
752 2625 829 2670 vero
854 2605 1027 2691 episcopus
1050 2604 1252 2684 hesitaverit,
1276 2625 1340 2668 non
1365 2611 1556 2690 aspernetur
1572 2602 1742 2666 consulere
1760 2602 1880 2666 viciuos
1900 2603 2072 2688 episcopos
2090 2620 2116 2660 ro

448 2715 481 2772 et
508 2707 694 2794 ambiguam
722 2728 790 2772 rem
815 2707 950 2772 alterius
978 2713 1035 2772 aut
1058 2713 1146 2772 certe
1170 2706 1309 2771 duorum
1331 2707 1385 2772 vel
1408 2707 1506 2771 trium
1530 2705 1664 2770 fratrum
1689 2706 1877 2769 examinare
1900 2725 2072 2770 consensu·

447 2809 571 2884 Quodsi
594 2811 677 2876 adeo
700 2810 808 2897 aliqua
831 2810 1030 2876 obscuritate
1055 2811 1107 2876 vel
1130 2811 1273 2875 novitate
1298 2810 1456 2897 perplexa
1479 2831 1531 2874 res
1556 2810 1662 2889 luerit,
1687 2808 1847 2894 siquidem
1871 2809 2072 2874 diffamatum

447 2923 556 2980 certae
588 2935 748 3000 personae
781 2914 888 2978 scelus
921 2920 986 2995 est,
1020 2913 1264 3000 metropolitani
1296 2920 1330 2980 et
1360 2913 1569 3000 provincialis
1604 2913 1717 2999 synodi
1748 2913 1855 2999 palam
1890 2913 2072 2977 senteutia¹¹

446 3019 641 3104 requiratur,
664 3023 700 3082 ut
722 3017 804 3081 illud
824 3017 999 3102 impleatur
1016 3017 1171 3103 apostoli:
1196 3007 1408 3082 ‘Peccantes4
1425 3016 1555 3102 publice
1573 3038 1685 3102 argue,
1708 3024 1745 3081 ut
1761 3023 1794 3082 et
1810 3017 1932 3082 caeteri
1950 3023 2072 3080 metum

446 3119 610 3186 habeant’
646 3120 682 3185 Si
709 3126 818 3185 autem
842 3122 951 3186 oculta
974 3120 1136 3186 confessio
1160 3125 1221 3202 est,
1246 3126 1279 3186 et
1305 3121 1344 3200 is,
1369 3141 1389 3184 a
1411 3141 1473 3206 quo
1497 3122 1642 3206 queritur
1666 3120 1780 3185 salutis
1804 3121 1985 3201 consilium,
2010 3141 2069 3184 ex·
2087 3139 2113 3179 a

445 3226 567 3312 plicare
592 3246 657 3289 non
680 3224 815 3305 sufficit,
844 3232 953 3310 potest
976 3244 1155 3312 suppresso
1178 3225 1354 3291 facinorosi
1377 3226 1508 3289 nomine
1531 3225 1672 3310 qualitas
1696 3226 1926 3309 quantitasque
1946 3223 2071 3309 peccati
2182 3304 2187 3311 ,

445 3326 563 3393 discuti
597 3333 629 3394 et
663 3348 825 3413 congruus
860 3329 1092 3394 correctionis*
1120 3327 1237 3392 modus
1273 3328 1419 3393 inveniri.
1477 3327 1634 3392 Similiter
1666 3333 1775 3392 autem
1806 3334 1839 3391 et
1872 3329 1905 3390 in
1935 3327 2071 3411 singulis

444 3430 573 3496 urbium
605 3430 685 3496 vicis
721 3439 754 3496 et
789 3421 983 3497 subrffcauis
1021 3439 1054 3497 et
1087 3451 1145 3518 per
1178 3432 1410 3518 municipalem
1443 3430 1754 3516 archipresbiterum
1788 3439 1822 3495 et
1856 3431 1996 3515 reliquos
2028 3451 2070 3494 ex

444 3534 634 3621 presbiteris
670 3539 819 3600 strenuos
854 3535 1019 3600 ministros
1053 3541 1208 3620 procuret
1236 3536 1411 3621 episcopus
1442 3535 1555 3600 habita
1583 3535 1734 3621 poenitus
1766 3536 1799 3598 in
1829 3534 1927 3599 rebus
1962 3532 2069 3597 dubiis

444 3636 682 3718 observatione,
707 3659 790 3723 quae
815 3640 965 3724 superius
988 3638 1135 3725 praelixa
1158 3645 1219 3706 est.
2088 3655 2114 3695 ³⁰

551 3738 632 3826 Cap.
649 3744 678 3809 7.
713 3741 879 3827 Oportetw
903 3743 1001 3807 etiam
1025 3763 1083 3829 per
1108 3741 1228 3828 oppida
1252 3742 1380 3827 singula
1402 3742 1562 3827 villasque
1588 3762 1697 3805 euram
1721 3760 1836 3826 gerere
1860 3742 2070 3827 presbiteros,

443 3844 583 3929 qualiter
616 3847 821 3932 paenitentes
852 3847 1027 3931 inpositam
1059 3846 1121 3912 sibi
1153 3847 1372 3912 abstinentiae
1401 3846 1539 3911 formam
1568 3843 1753 3910 custodiant
1791 3851 1824 3910 et
1859 3852 1968 3910 utrum
2000 3845 2069 3910 ele-

441 3967 649 4033 mosynarum
673 3949 868 4034 largitione¹
891 3950 943 4014 vel
967 3949 1038 4014 aliis
1063 3951 1290 4016 remissionem
1313 3957 1522 4037 peccatorum
1546 3949 1807 4036 promerentibus
1832 3949 1893 4036 piis
1916 3950 2068 4036 operibus

442 4049 624 4115 inserviant
650 4057 683 4115 et
706 4073 771 4137 qua
795 4051 900 4117 cordis
925 4053 1124 4120 contricione
1148 4055 1202 4119 vel
1225 4055 1457 4120 lamentatione
1487 4076 1522 4120 se
1546 4055 1633 4139 ipsos
1656 4053 1816 4135 alliciant,
1845 4059 1882 4116 ut
1903 4053 1966 4117 hac
1990 4073 2067 4117 cou-

442 4150 639 4217 sideratione
667 4155 827 4240 premissa
855 4155 1077 4241 paenitudinis
1106 4163 1234 4243 tempus
1264 4157 1492 4222 rationabilem
1520 4157 1623 4245 possit
1652 4158 1802 4242 accipere
1830 4157 2003 4220 terminum
2034 4163 2068 4220 et
2087 4172 2112 4212 ³⁵

441 4255 494 4319 vel
521 4256 731 4336 extendatur,
764 4258 793 4322 si
820 4259 992 4343 paenitens
1022 4260 1238 4345 neglegenter
1266 4261 1410 4326 iniuncta
1437 4268 1609 4346 prosectus
1639 4267 1706 4342 est,
1741 4260 1792 4324 vel
1824 4259 2003 4340 brevietur,
2041 4261 2068 4324 si

441 4355 668 4423 desideranter
691 4361 806 4425 veniae
833 4361 1052 4446 placationem
1082 4363 1207 4428 studuit
1234 4366 1421 4451 promereri.
1472 4364 1711 4430 Reconciliatio
1735 4385 1811 4429 vero
1842 4365 2068 4450 paenitentem

440 4459 533 4526 iuxta
556 4464 761 4550 antiquorum
785 4485 945 4529 canonum
969 4459 1137 4532 instituta5
1163 4488 1228 4532 non
1252 4489 1272 4532 a
1294 4469 1500 4554 presbiteris,
1531 4468 1653 4534 sedat
1677 4465 1935 4555 episcopis'lieri
1958 4467 2067 4549 debet,

440 4565 502 4629 nisi
532 4566 617 4631 forte
646 4567 717 4653 quis
748 4568 780 4631 in
810 4569 955 4653 periculo
983 4569 1080 4635 tuerit
1109 4569 1305 4636 constitutus
1336 4577 1369 4636 et
1401 4593 1436 4636 se
1465 4572 1669 4637 reconciliari
1693 4572 1812 4638 devote
1843 4572 1985 4658 petierit.
2031 4572 2066 4636 Si

440 4668 613 4756 episcopus
637 4671 757 4736 absens
779 4671 889 4752 fuerit,
913 4672 1013 4737 debet
1036 4673 1149 4759 utique
1172 4674 1334 4762 presbiter
1355 4676 1542 4761 episcopum
1560 4676 1732 4762 consulere
1750 4681 1782 4740 et
1802 4676 1848 4740 sic
1865 4675 2065 4761 penitentem
2083 4690 2109 4728 ⁴⁰

439 4771 511 4835 eius
534 4782 689 4860 precepto
713 4776 939 4852 reconciliare;
967 4777 1063 4841 aliter
1085 4784 1205 4858 autem,
1231 4777 1316 4843 sicut
1338 4799 1399 4843 neo
1424 4779 1607 4844 chrismatis
1631 4780 1791 4844 conlectio
1810 4779 1860 4844 vel
1884 4779 2066 4864 puellarum

439 4879 654 4959 consecratio,
678 4879 724 4942 ita
746 4899 807 4942 nec
829 4880 1033 4964 penitentum
1058 4881 1277 4946 reconciliatio
1301 4882 1466 4946 ullatenus
1490 4881 1720 4967 apresbiteris
1744 4883 1813 4946 lieri
1837 4881 1966 4963 debctl,
1990 4883 2066 4967 quia

438 4979 517 5043 solis
546 4981 708 5067 episcopis
736 4983 956 5066 apostolorum
979 4986 1084 5050 vicem
1113 4983 1299 5050 tenentibus
1329 5005 1387 5069 per
1417 5006 1531 5050 manus
1563 4985 1791 5070 inpositionem
1819 4986 2003 5070 specialiter
2032 4986 2064 5049 in

540 5189 568 5256 p)
586 5190 613 5241 in
632 5190 694 5242 odd.
707 5187 732 5242 2,
802 5193 829 5258 q)
849 5194 882 5243 Ut
899 5194 1038 5245 canonicas
1056 5194 1196 5260 scripturas
1215 5183 1443 5245 discutiant'rutr.
1455 5195 1481 5244 r'n
1500 5193 1525 5245 3.
1595 5194 1618 5259 r)
1638 5197 1676 5246 De
1695 5193 1867 5247 sollicitudine
1885 5193 2064 5260 episcoporum

436 5291 499 5341 erga
516 5277 616 5343 plebem
634 5279 705 5329 mbr.
724 5279 752 5329 ia
770 5277 794 5330 3.
873 5281 897 5346 s)
916 5283 952 5332 ito
972 5279 1038 5344 1.3;
1055 5288 1236 5333 commoneant
1253 5279 1278 5332 2.
1355 5281 1376 5346 t)
1395 5281 1530 5347 deliquerit
1551 5280 1574 5332 l.
1645 5284 1672 5345 u)
1691 5281 1845 5332 senteutiam
1863 5277 1887 5331 2,
1964 5281 1991 5343 v)
2011 5297 2064 5331 eor·
2082 5289 2108 5328 es

436 5362 542 5412 rectiori
562 5361 619 5416 l.3.
691 5364 725 5429 w)
746 5367 784 5416 De
802 5381 865 5416 cura
883 5367 1081 5433 presbiterorum
1099 5383 1162 5434 erga
1180 5369 1324 5434 penitentes
1341 5369 1412 5418 radr.
1430 5369 1458 5419 in
1476 5365 1501 5421 3.
1552 5367 1603 5454 ex)
1620 5368 1750 5434 largitioni
1769 5365 1793 5417 2.
1870 5366 1899 5432 y)
1918 5367 2021 5419 debebit
2040 5367 2089 5419 1..

540 5548 567 5613 2)
588 5547 685 5602 Maera.
703 5548 783 5614 5,3l.
854 5551 881 5619 3)
900 5552 925 5605 2.
944 5551 1058 5617 (baffi,
1071 5553 1095 5605 2.
1105 5553 1130 5606 3.
1141 5554 1182 5607 19.
1252 5553 1280 5620 4)
1301 5552 1324 5607 1.
1341 5551 1452 5606 limotls.
1471 5553 1495 5619 5,
1508 5553 1548 5605 20
1619 5553 1645 5616 5)
1668 5551 1746 5626 Ceno.
1765 5549 1890 5606 Elicertt.
1910 5553 1969 5618 306,
1987 5567 2008 5606 c.
2021 5551 2063 5618 32,

436 5651 532 5704 Morari
543 5652 584 5705 ΙΙ.
597 5652 645 5708 col.
655 5655 698 5716 11;
713 5652 807 5707 Stricti
819 5669 858 5722 ep.
870 5654 907 5706 ad
918 5655 1023 5709 Himer.
1033 5657 1092 5723 385,
1106 5656 1243 5724 Omcstaat,
1256 5657 1346 5726 Epist.
1357 5655 1469 5710 Ηυηιιιη.
1477 5657 1576 5722 parastis.
1582 5671 1611 5723 p.
1618 5655 1678 5722 023,
1687 5671 1707 5708 o.
1714 5656 1739 5722 3,
1753 5654 1832 5722 Jofft,
1843 5655 1907 5724 Ray.
1914 5654 2009 5723 pontifi
2020 5655 2063 5722 1¹,

433 5770 475 5808 rer.
487 5755 554 5821 255;
578 5755 656 5809 Cone.
671 5755 795 5825 Cartbop.
814 5757 874 5824 387,
892 5773 912 5811 c.
925 5759 950 5826 3,
971 5758 1068 5813 Monet
1079 5759 1138 5828 lla
1158 5760 1204 5816 col.
1217 5761 1276 5816 693.
1286 5761 1353 5826 369;
1376 5760 1455 5814 Ocno.
1467 5759 1590 5828 Hippon.
1609 5760 1669 5826 393,
1685 5775 1707 5815 c.
1720 5760 1761 5826 30,
1780 5759 1797 5814 l.
1809 5775 1831 5814 o.
1850 5759 1897 5813 ool.
1909 5759 1968 5813 923.
1993 5757 2062 5829 [K]
