4590 6420
376 482 644 538 ADDITAMEN'I'A
662 483 711 536 AD
729 483 844 539 CAPIT.
864 483 946 539 Rue.
966 483 1150 539 FRANCIAE
1168 479 1360 538 OGCIDENT.
1380 481 1530 550 (KAROLI
1542 482 1589 552 ll).
1607 512 1641 522 -
1657 481 1776 538 124296.
1829 487 1892 548 409

265 657 412 721 obtineat
435 656 638 742 quecumque
657 657 834 736 14444441,
858 658 1065 738 ealliditate,
1089 656 1322 744 promissiooe¹
1345 676 1404 721 seu
1421 655 1651 722 commoditate
1669 661 1725 722 444
1740 656 1893 722 datione·
1909 661 1969 718 845.

265 782 323 847 per
353 781 388 824 se
415 766 561 846 autper
592 760 744 825 emissam
778 782 967 847 personam
1002 783 1074 826 cum
1107 761 1248 846 Spiritus
1279 763 1413 825 sanctus
1441 759 1528 823 inter
1559 765 1670 825 cetera
1698 760 1894 826 documenta

265 863 515 929 ecclesiastieal
538 885 599 950 per
625 865 662 928 'os
691 862 796 928 sancti
819 864 905 930 dieat
928 867 1091 952 Gregorii:
1122 856 1232 930 ι(44494
1256 886 1320 929 444
1343 864 1586 950 perpenditur0,
1609 865 1684 951 quia
1708 865 1893 931 benedictio

264 966 332 1032 illid
356 967 388 1031 in
411 966 677 1032 maledictionem
700 969 913 1048 convertitur,
944 970 1019 1055 qui⁰
1048 969 1089 1033 ad
1121 969 1197 1048 boe,
1227 975 1262 1032 ut
1289 969 1346 1033 liat
1376 967 1551 1048 hereticus,
1580 967 1817 1056 promoveturl’
1851 968 1894 1033 Et

234 1095 245 1132 4
264 1074 358 1138 item:
383 1061 589 1136 ‘Florentes⁰5
612 1071 733 1157 quippe
762 1079 861 1157 atque
884 1072 1063 1138 rendentes
1086 1093 1144 1158 par
1164 1093 1270 1160 poena
1285 1063 1530 1158 constringit953
1553 1093 1625 1136 cum
1650 1071 1790 1158 liqueat‘
1810 1073 1894 1137 banc

264 1174 462 1240 heresimin
485 1173 558 1258 ipra
581 1194 640 1236 444
663 1172 993 1262 origineapostolica
1021 1198 1094 1241 esse
1123 1175 1338 1240 detestatione
1366 1172 1598 1261 dampnatam.’
1650 1174 1693 1239 Et
1727 1174 1893 1262 apostolus

265 1279 375 1345 docet:
418 1269 538 1342 ‘lion96
571 1278 676 1341 solum
713 1278 789 1362 quie
820 1277 958 1356 iaciunt,
989 1276 1072 1341 444ΙΙ
1103 1278 1159 1362 qui
1191 1278 1400 1343 consentiunt
1432 1277 1640 1356 facientibus,
1676 1278 1786 1364 dignih
1819 1285 1895 1343 sunt

266 1378 392 1446 mortc.’
438 1380 482 1444 444
497 1381 575 1446 item
590 1381 724 1445 beatusi
740 1380 944 1466 Gregoriusl:
978 1372 1190 1460 ‘Dolensfflit
1214 1381 1328 1467 inquit,
1352 1380 1447 1461 ‘dico,
1472 1401 1608 1466 gemens
1624 1381 1793 1460 44444444,
1818 1382 1895 1466 quia

267 1484 510 1566 sacerdotium¹,
533 1484 619 1569 quod
642 1485 727 1570 apud
754 1506 811 1549 vos
830 1485 917 1549 intus
942 1484 1068 1564 cecidit,
1092 1485 1169 1549 loris
1193 1484 1248 1548 diu
1272 1491 1358 1549 stare
1382 1505 1447 1549 non
1471 1481 1611 1570 poterit’
1657 1485 1785 1549 Itemm:
1815 1484 1893 1548 ‘Ad-

225 1612 249 1650 ro
268 1581 466 1657 verserius⁰⁴
490 1581 708 1654 444444444498
731 1589 848 1654 4411444
871 1590 981 1676 specie
1004 1588 1131 1667 suadet,
1155 1588 1270 1675 quaei¹¹
1292 1588 1414 1654 debere
1438 1589 1479 1652 ab
1502 1587 1702 1680 habentibus
1719 1583 1834 1675 accipi,
1858 1594 1894 1652 ut

267 1697 340 1774 sit0,
364 1693 450 1780 quod
473 1695 581 1780 possit
603 1715 667 1758 non
690 1693 890 1759 habentibus
913 1691 1063 1778 erogari',
1096 1693 1180 1758 4444
1206 1693 1363 1780 scriptum
1389 1699 1451 1758 est:
1487 1684 1695 1758 Ἧ444444499
1722 1687 1894 1780 impiorum

267 1796 504 1864 abominabiles
513 1806 533 1876 ¹,
558 1797 651 1882 quia·
674 1797 870 1861 offeruntur²
893 1818 935 1860 ex
958 1794 1124 1862 scelere⁰.’
1883 1791 1887 1802 ⁹

375 1905 426 1965 44.
461 1891 556 1964 Ur¹⁰⁰
579 1900 810 1986 corepiscopus
842 1898 973 1964 modum
1005 1921 1099 1964 suum
1129 1900 1222 1964 iuxta
1244 1899 1434 1964 canonicam
1465 1898 1703 1964 institutionem
1728 1906 1839 1964 teneat
1863 1903 1896 1963 et

267 2027 328 2071 nec
344 2010 492 2068 sanctum
516 2003 657 2069 chrisma
681 2027 741 2070 nec
765 2011 914 2070 eanctum
939 2005 1151 2091 paraclitumv
1168 2003 1335 2096 Spiritum,
1358 2003 1436 2068 solis
1460 2003 1624 2089 episcopie
1647 2002 1740 2066 iuxta
1762 2002 1895 2068 decretu

225 2101 470 2175 4414444444ἱίί
496 2108 639 2174 44454444
663 2107 822 2188 debitum,
846 2108 976 2174 tradere
1000 2114 1140 2196 temptet
1167 2130 1228 2173 nec
1256 2109 1414 2173 ecelesias
1438 2114 1609 2173 consecret
1633 2129 1740 2194 usque
1763 2107 1895 2173 ordines

268 2212 520 2292 ecclesiasticos,
544 2213 599 2299 qui
623 2234 682 2298 per
704 2212 933 2297 inpositionem
957 2234 1073 2277 manus
1096 2212 1297 2292 tribuuntur,
1320 2211 1353 2275 id
1376 2219 1514 2276 estnon
1540 2211 1601 2276 nisi
1624 2233 1728 2297 usque
1751 2210 1794 2275 ad
1816 2210 1893 2275 sub·

267 2317 475 2383 diaconatum
506 2322 540 2381 et
567 2314 630 2380 boc
658 2316 792 2380 iubente
822 2317 976 2402 episcopo
1005 2323 1039 2380 et
1064 2317 1095 2380 44
1126 2317 1222 2395 14444,
1250 2316 1369 2402 quibus
1401 2337 1544 2380 canones
1572 2315 1762 2400 designant,
1795 2319 1920 2400 agere

268 2425 481 2509 presumat';
525 2419 713 2505 inpositioni
752 2419 861 2484 444444
897 2421 1099 2505 penitentiae
1136 2426 1257 2504 atque¹
1293 2419 1505 2506 penitentium
1546 2419 1801 2484 reconciliationi
1839 2439 1897 2506 per

268 2525 473 2612 parrochiam
497 2522 678 2589 secuudum
705 2522 893 2588 mandatum
917 2523 1060 2610 episcopi
1092 2524 1153 2609 sui·
1173 2524 1339 2588 inserviat.
1392 2522 1427 2586 Si
1451 2543 1529 2587 4444
1552 2522 1694 2587 444444444
1718 2523 1896 2609 episeopus

225 2653 251 2694 ro
269 2627 401 2708 obierit,
430 2626 508 2692 nihil
538 2646 580 2691 ex
607 2627 785 2712 episcopali
817 2626 1022 2690 ministerio!
1052 2625 1241 2711 specialiter
1270 2625 1434 2712 episcopis
1459 2625 1568 2690 debito
1593 2625 1791 2713 adtemptet,
1822 2626 1898 2712 quia

270 2752 313 2797 ex
340 2732 402 2796 hoc
428 2751 581 2816 magnum
608 2728 797 2794 scandalum
825 2735 859 2794 et
887 2728 1082 2794 divisionem
1112 2750 1219 2795 rerum
1248 2730 1546 2795 ecclesiasticorum
1578 2735 1676 2816 etque
1707 2729 1897 2795 dilationem

269 2837 302 2900 in
326 2834 481 2900 canonice
505 2833 693 2899 ordinandis
717 2835 880 2920 episcopis
903 2833 967 2898 Dei
994 2833 1141 2898 ecclesiis
1170 2833 1330 2899 accidisse
1360 2834 1603 2920 conspeximus.
1653 2833 1736 2898 Nam
1769 2833 1796 2897 si
1826 2833 1896 2920 epi-

270 2960 389 3025 seopus
418 2939 559 3003 civitatie
588 2943 724 3024 propter
750 2936 909 3002 desidiam
937 2944 994 3001 aut
1028 2938 1209 3003 secularem
1242 2938 1532 3024 pervagationem·
1563 2937 1615 3003 vel
1646 2944 1782 3024 propter
1809 2938 1897 3001 infir-

271 3043 418 3108 mitatem
441 3041 573 3106 modnm
597 3061 690 3105 suum
723 3041 942 3128 corepiscopis
975 3040 1207 3107 transcendere
1232 3040 1451 3121 consenserit,
1480 3042 1676 3106 sententiam
1708 3041 1898 3106 eanonicam

227 3145 372 3211 redebet
395 3144 592 3225 adtendere,
624 3166 689 3230 qua
715 3143 882 3210 decretum
906 3152 974 3225 est,
998 3153 1050 3227 nt,
1073 3147 1128 3232 qui
1151 3153 1290 3211 contra·
1312 3145 1417 3210 dieta·
1441 3167 1603 3211 canonum
1626 3145 1752 3226 lecerit,
1776 3146 1898 3231 gradus

271 3250 322 3314 sui
344 3249 490 3335 periculo
513 3249 582 3314 sine
606 3250 835 3314 retractatione
859 3249 1038 3315 subiaceat.

379 3357 431 3420 45.
465 3352 532 3418 Utl
558 3374 653 3419 nemo
679 3356 906 3440 episcoporum
930 3355 983 3418 vel
1007 3354 1145 3439 quilibet
1173 3354 1321 3418 minister
1349 3353 1593 3419 ecclesiasticus
1616 3360 1750 3440 propter
1773 3375 1899 3419 sacrum

270 3457 411 3522 obrisma
434 3456 555 3544 aliquid
580 3457 724 3522 muneris
747 3459 888 3544 accipiat
918 3478 1024 3544 neque
1056 3458 1208 3524 denarios
1233 3459 1284 3522 441
1314 3457 1481 3544 quaelibet
1504 3456 1708 3530 munuscula,
1732 3479 1816 3542 quac
1841 3479 1901 3543 per

270 3561 434 3626 ministros
458 3561 686 3646 episcoporum
712 3584 730 3626 4
754 3561 944 3647 presbiteris
966 3561 1227 3627 inordinabiliter
1249 3563 1455 3648 exiguntur⁰.
1500 3559 1607 3624 Decet
1622 3560 1755 3624 tamen‘¹
1772 3561 1899 3647 presbi-

227 3693 253 3733 44
271 3672 358 3730 44444
382 3685 455 3730 curn
480 3665 670 3730 voluntariis
695 3666 852 3750 eulogiis⁸
877 3673 1023 3752 tempore
1047 3687 1190 3752 congruo
1215 3663 1366 3731 visitares
1387 3670 1420 3728 et
1442 3665 1592 3729 44444444
1617 3658 1693 3728 suos
1717 3664 1899 3750 episcopos.

380 3774 431 3833 46.
467 3768 513 3832 Ut
542 3789 638 3832 nemo
663 3789 791 3833 4444444
815 3769 958 3834 chrisma
981 3769 1044 3833 nisi
1069 3770 1101 3832 in
1130 3769 1244 3854 quinta
1271 3769 1354 3833 feria
1382 3767 1515 3832 maioris
1545 3769 1764 3854 septimanae,
1793 3767 1900 3832 idest

271 3873 305 3936 in
329 3893 420 3950 cena,
444 3893 527 3958 quac
552 3872 741 3957 specialiter
763 3873 951 3958 appellatur
972 3873 1146 3948 dominica,
1171 3873 1355 3936 conficere!
1378 3876 1575 3957 praesumat.

380 3980 430 4040 47.
467 3975 513 4040 Ut
540 3999 636 4041 nemo
666 3976 817 4041 4444444ιι
843 3977 999 4063 episcopo
1031 3977 1207 4042 ecclesiam
1239 3975 1326 4040 illius
1355 3981 1413 4039 444
1446 3995 1497 4039 444
1526 3974 1567 4038 44
1596 3995 1667 4038 cam
1698 3975 1900 4058 pertinentes

270 4078 423 4144 44444444
447 4085 503 4144 444
531 4080 689 4144 dominari
720 4087 922 4166 praesumat,
952 4101 1060 4166 neque
1085 4080 1149 4144 sub
1173 4077 1493 4144 44144444444141444
1520 4099 1558 4141 ac
1588 4077 1701 4163 populi
1729 4076 1900 4142 electionis

228 4211 254 4251 44
274 4184 407 4249 obtentu
430 4183 583 4269 praeter¹¹
605 4185 807 4248 veluntatem
836 4185 982 4272 episcopi
1010 4184 1180 4270 quisquam
1211 4203 1417 4268 quacumque
1446 4181 1585 4246 seculari
1615 4185 1781 4267 potestate
1804 4201 1899 4266 prae-

375 4377 403 4443 y)
421 4377 545 4428 fractione
565 4375 588 4426 1.
675 4375 700 4440 z)
719 4365 769 4427 444.1
787 4374 811 4428 l.
899 4375 926 4439 a)
943 4375 1081 4427 donatione
1099 4373 1160 4427 ae
1248 4374 1276 4437 b)
1294 4391 1342 4426 444.
1357 4373 1398 4424 12.
1485 4373 1510 4436 4)
1529 4373 1648 4440 penditur
1661 4371 1690 4437 13
1708 4372 1839 4440 perpendit
1859 4369 1899 4424 12.

272 4464 298 4527 4)
317 4480 366 4514 ons.
378 4463 403 4514 8.
507 4461 533 4526 4)
551 4464 614 4527 quia
631 4463 656 4516 5.
674 4461 699 4514 6.
717 4460 748 4522 8;
773 4463 817 4528 qui
909 4462 1050 4528 Gregorius
1071 4459 1172 4524 (14448)
1197 4477 1245 4512 cnr.
1265 4457 1305 4512 12.
1410 4459 1436 4524 1)
1455 4461 1532 4512 etiarn
1556 4457 1596 4510 10.
1617 4458 1655 4510 11.
1761 4459 1788 4526 g)
1807 4475 1856 4510 444.
1875 4455 1899 4508 l.

272 4551 300 4613 b)
319 4551 363 4601 sed
381 4551 459 4602 etiarn
477 4550 521 4616 qui
539 4549 600 4612 (om.
614 4547 642 4615 l)
660 4555 774 4600 consent
792 4548 864 4614 digni
883 4546 906 4600 7.
920 4546 946 4599 8.
1026 4545 1045 4612 4)
1064 4564 1113 4598 om.
1133 4545 1173 4597 11.
1259 4546 1287 4610 k)
1306 4554 1332 4598 et
1349 4547 1412 4598 alibi
1430 4547 1519 4598 dolens
1538 4543 1578 4598 12.
1658 4545 1677 4608 l)
1696 4546 1857 4597 sacerdotum
1878 4544 1899 4595 1.

272 4635 308 4698 m)
327 4637 393 4687 idem
412 4636 474 4686 add.
494 4635 518 4688 7.
538 4635 578 4686 10.
597 4634 642 4698 11;
665 4635 721 4686 4444
739 4635 802 4686 add.
814 4633 844 4696 8;
866 4635 927 4685 item
945 4673 950 4684 .
966 4673 972 4685 .
987 4673 993 4685 .
1011 4633 1107 4685 scelere
1125 4649 1173 4684 our.
1195 4631 1234 4683 12.
1315 4633 1344 4696 4)
1361 4634 1422 4698 qnia
1440 4633 1462 4683 si
1482 4631 1504 4682 1.
1586 4631 1652 4692 4144
1671 4629 1693 4682 l.
1712 4629 1734 4682 5.
1755 4629 1780 4682 6.
1800 4628 1840 4681 10.
1861 4627 1900 4681 11.

125 4785 131 4797 .
228 4737 254 4776 44
272 4721 299 4790 p)
317 4723 385 4773 sicut
409 4721 429 4772 1.
448 4721 472 4772 8.
496 4721 534 4773 11.
638 4719 666 4788 q)
691 4721 764 4774 beate
787 4721 811 4772 1.
917 4719 940 4784 r)
962 4721 1072 4771 Domino
1095 4719 1158 4770 adet
1185 4717 1224 4771 10.
1249 4717 1289 4772 11.
1392 4717 1416 4783 4)
1442 4735 1510 4785 quae
1534 4717 1556 4768 1.
1575 4717 1598 4768 8.
1705 4714 1726 4782 4)
1748 4717 1859 4768 offerunt
1877 4715 1900 4766 l.

271 4807 301 4873 u)
319 4809 402 4861 celere
422 4806 500 4860 1-3.
605 4807 633 4872 4)
652 4807 811 4875 paracletum
828 4806 853 4859 4.
871 4805 896 4859 5.
1002 4807 1035 4868 w)
1056 4815 1222 4874 praesumant
1240 4805 1264 4858 5.
1283 4806 1308 4858 e.
1413 4805 1442 4872 4)
1461 4813 1506 4857 444
1524 4803 1549 4858 b.
1568 4805 1593 4856 6.
1697 4803 1726 4871 y)
1745 4805 1858 4856 misterio
1877 4802 1900 4855 l.

271 4895 296 4954 4)
318 4897 544 4963 praesagationem
569 4893 592 4946 1.
697 4894 724 4960 4)
747 4895 890 4956 interdicta,
910 4894 932 4947 l.
1038 4892 1066 4962 b)
1091 4896 1128 4947 Ne
1157 4913 1202 4962 pro
1229 4895 1367 4946 chrismate
1394 4893 1509 4960 precium
1537 4893 1658 4959 exigatur
1684 4891 1755 4943 rubr.
1783 4890 1811 4940 44
1833 4885 1859 4940 5.
1876 4887 1900 4940 6.

271 4980 297 5048 4)
316 4984 453 5050 exigantur
470 4982 499 5043 5;
522 4983 642 5048 exigatur
659 4981 684 5034 6.
782 4982 809 5044 4)
829 4982 982 5048 presbiteros
1006 4988 1090 5033 444444
1108 4979 1194 5033 2-4.
1212 4979 1291 5032 912.
1391 4980 1421 5042 4)
1439 4978 1556 5045 eulogiae
1576 4976 1598 5028 1.
1697 4976 1723 5041 1)
1742 4976 1840 5027 visitari
1860 4973 1901 5026 11.

271 5067 301 5136 g)
319 5069 440 5120 confitere
457 5066 483 5119 4.
570 5066 600 5132 h)
618 5068 695 5136 episc
714 5067 767 5118 444.
787 5065 810 5118 l.
828 5065 851 5120 8.
940 5061 1581 5134 44414414441;[4414444]4444“4144444442.
1672 5062 1702 5127 k)
1720 5069 1822 5129 propter
1841 5059 1864 5112 1.
1876 5059 1901 5112 3.

230 5258 256 5298 ss
379 5238 424 5305 94)
445 5233 726 5305 GreporiiLRrpr'etr.
739 5236 783 5292 lib.
795 5235 850 5304 IX,
864 5253 901 5304 ep.
913 5237 973 5304 218,
992 5236 1056 5290 ΕΕ.
1068 5235 1108 5304 Π,
1124 5254 1153 5305 p.
1163 5237 1223 5302 206,
1242 5235 1314 5302 suffe
1325 5235 1342 5288 l.
1353 5251 1375 5290 4.
1389 5234 1431 5302 1²,
1450 5250 1492 5288 44.
1504 5235 1580 5288 1747.
1653 5233 1698 5299 95)
1717 5231 1900 5285 1444444444...

272 5340 443 5411 constringit
454 5339 640 5394 desiderantur
654 5339 685 5392 irs
697 5337 771 5409 epist.
788 5339 830 5393 er't.
905 5339 949 5405 96)
968 5339 1045 5393 Reor.
1066 5339 1141 5406 1,32.
1211 5338 1255 5406 ut)
1275 5337 1399 5406 Grepcrtr'
1407 5336 1432 5392 I.
1451 5336 1563 5404 Reyr'str.
1581 5334 1623 5389 bb.
1639 5334 1668 5400 V,
1685 5350 1722 5402 ep.
1735 5336 1778 5402 48,
1798 5334 1901 5402 cml,

267 5463 298 5514 p.
311 5445 371 5512 369,
390 5443 532 5510 4411444.
552 5443 594 5510 1³,
614 5459 655 5498 44.
672 5443 744 5497 1374.
832 5443 877 5510 94)
897 5441 963 5495 dum
982 5459 1037 5495 non
1057 5443 1150 5510 potest
1168 5441 1197 5494 in
1218 5439 1268 5504 trie,
1287 5455 1360 5510 quae
1377 5439 1413 5492 ad
1432 5438 1532 5493 4444444
1552 5441 1625 5502 4444,
1644 5455 1731 5508 praru
1749 5437 1901 5507 subripere,

272 5546 376 5601 callida
401 5545 493 5615 specie
521 5545 602 5616 quasi
630 5545 746 5615 prietatis
774 5543 878 5599 iniecta
905 5543 1008 5598 nititur
1038 5543 1233 5614 supplantare.
1265 5542 1420 5612 suadetque
1452 5541 1571 5597 forsitan
1597 5541 1698 5596 debere
1722 5557 1798 5610 perp.
1825 5539 1901 5609 Grep.

271 5651 316 5716 99)
338 5650 522 5716 Praeerat
597 5649 655 5716 166)
675 5647 1058 5716 (4141441444441144829,
1075 5664 1159 5716 supra
1174 5650 1257 5716 peu,
1275 5649 1334 5702 49.
1408 5649 1432 5710 1)
1452 5645 1636 5700 remutet
1656 5644 1730 5713 epr'st
1749 5643 1785 5697 ud
1800 5644 1900 5698 Decen-

228 5771 254 5813 44
272 5753 339 5807 tium
356 5769 377 5808 c.
389 5754 415 5820 3,
434 5752 531 5808 Mane
543 5753 603 5819 ΙΙΙ,
622 5752 758 5818 4441029,
777 5750 857 5818 dulit,
876 5751 892 5804 l.
906 5767 928 5805 c.
948 5750 991 5818 1¹,
1009 5766 1052 5804 nr,
1065 5751 1123 5805 311.

374 5865 410 5904 44.
430 5865 598 5904 4444444444
616 5865 640 5902 rr.
1661 5845 1695 5898 52
