4560 6426
431 449 492 513 308
590 445 834 502 CAPITULARIA
854 445 983 502 REGUM
1002 445 1185 500 reinulae
1204 442 1464 499 OCGIDENTALIS
1484 442 1633 512 (KAROLI
1648 443 1693 512 11).
1714 476 1747 485 -
1766 445 1815 499 Nr.
1829 445 1888 501 273.

351 629 411 683 262.
430 627 504 684 sunt
532 620 703 686 habendae
735 627 832 706 atque
861 620 996 686 firmiter
1026 617 1253 686 denotandae!
1308 615 1352 682 Et
1382 618 1460 682 item
1491 611 1672 683 ‘sanctus38
1695 620 1833 698 Paulus,
1863 643 1922 708 per
1952 642 2050 707 quem

427 724 555 790 locutus
585 730 635 790 est
659 723 823 805 Christus,
853 724 945 807 dicit,
974 724 1048 809 quia
1077 714 1238 808 “neque39
1267 743 1402 809 rapaces
1431 744 1536 807 neque
1565 722 1747 788 homicidae
1780 745 1885 810 neque
1909 724 2050 789 adulteri

430 851 566 914 reguum
589 827 653 892 Dei
676 826 922 914 possidebunt.'’
967 827 1011 892 ut
1033 829 1126 892 item:
1156 817 1253 890 cgito
1275 826 1346 911 quis
1370 827 1545 891 fornicator
1568 833 1618 891 est
1641 833 1698 891 aut
1719 827 1847 893 adulter
1869 834 1926 893 aut
1948 849 2050 914 rapax

429 941 486 997 aut
509 933 680 1012 homicida,
705 954 778 998 cum
801 933 985 998 huiusmodi
1009 953 1069 997 nec
1094 931 1200 996 cibum
1223 928 1373 996 sumere”
1399 930 1518 996 Christi
1535 932 1703 1018 discipulo,
1727 932 1759 996 id
1783 938 1834 998 est
1858 933 2048 1010 christiano,

428 1036 505 1101 lieet
520 1044 595 1102 ante
611 1037 874 1116 satisfactionem,
898 1035 931 1100 id
947 1043 997 1100 est
1013 1037 1248 1101 correctionem
1266 1056 1304 1099 ac
1321 1034 1582 1100 emendationem
1605 1043 1638 1099 et
1654 1035 1785 1119 dignam
1801 1037 2047 1121 poenitentiam.
2081 1074 2093 1110 5

429 1139 473 1204 Et
494 1147 625 1204 sanctus
649 1139 813 1205 Iohannes
837 1131 1039 1226 apostolus4¹
1064 1141 1164 1203 talem
1195 1141 1338 1204 salutare
1368 1145 1425 1203 aut
1454 1141 1486 1202 in
1516 1138 1645 1204 demum
1675 1139 1819 1224 recipere
1850 1138 1961 1206 vetat!
2007 1139 2051 1204 Et

428 1244 511 1326 sacri
527 1254 691 1308 canonesp
709 1242 832 1329 Spiritu
855 1250 968 1308 sancto
992 1265 1052 1330 per
1074 1267 1131 1311 ecs
1157 1244 1284 1326 dictati,
1309 1236 1410 1329 ‘qui38
1434 1246 1467 1308 in
1491 1247 1582 1309 coelo
1607 1266 1680 1308 cum
1704 1244 1776 1310 Dec
1799 1253 1938 1330 regnent
1961 1251 1994 1309 et
2017 1246 2050 1309 in

428 1348 525 1411 terris
548 1347 712 1410 miraculis
735 1354 920 1428 coruscant,
947 1350 1187 1413 constituerunt
1211 1348 1376 1413 dicentes:
1399 1339 1491 1414 “Si42
1521 1350 1593 1433 quis
1617 1347 1657 1412 de
1681 1348 1871 1434 potentibus
1894 1348 2049 1413 clericum

428 1457 485 1515 aut
508 1451 687 1535 quemlibet
709 1473 885 1537 pauperem
910 1458 966 1515 aut
989 1453 1176 1535 religiosum
1202 1454 1452 1539 exspoliaverit,
1481 1460 1514 1516 et
1544 1452 1748 1517 mandaverit
1777 1453 1817 1516 ad
1848 1455 1953 1539 ipsum
1979 1455 2049 1540 epi-

429 1574 555 1639 seopus,
578 1561 614 1617 ut
638 1575 710 1618 eum
728 1554 850 1636 audiat,
874 1561 908 1619 et
930 1556 980 1619 isq
1004 1558 1245 1641 contempserit,
1269 1557 1408 1621 invicem
1424 1577 1500 1619 mox
1517 1557 1637 1642 scripta
1655 1562 1846 1642 percurrant
1862 1577 1920 1643 per
1936 1578 2049 1622 omnes
2071 1595 2096 1632 ,ο

428 1658 611 1741 provinciae
628 1661 809 1746 episcopos,
833 1679 1043 1745 quoscunque
1060 1658 1149 1723 adire
1173 1660 1345 1744 potuerint,
1368 1667 1404 1722 ut
1428 1661 1726 1724 excommunicatus
1751 1659 1924 1741 habeatur,
1949 1661 2050 1726 donec

429 1760 539 1825 audiat
569 1770 602 1826 et
630 1762 745 1826 reddat
772 1759 911 1829 aliena.'’
964 1762 1007 1825 ut
1035 1762 1196 1827 derebus
1224 1783 1262 1827 ac
1292 1763 1501 1828 facultatibus
1532 1753 1764 1828 ecelesiasticis
1795 1764 1920 1829 dicunt:
1957 1757 2051 1829 “Sil3

429 1864 499 1949 quis
523 1865 706 1932 oblationes
730 1868 890 1932 ecclesiae
916 1872 1010 1932 extra
1034 1868 1208 1932 ecclesiam
1231 1868 1381 1954 accipere
1405 1869 1456 1932 vel
1480 1867 1559 1932 dare
1575 1869 1716 1933 voluerit
1730 1875 1863 1954 praeter
1880 1871 2049 1934 conscien-

429 1967 507 2032 tiam
532 1972 677 2057 episcopi
701 1972 753 2037 vel
779 1973 860 2051 eius,
885 1973 936 2035 cui
960 1971 1186 2036 huiuscemodi
1210 1972 1317 2036 officia
1341 1972 1516 2036 commissa
1540 1978 1625 2052 sunt,
1648 1992 1798 2036 aeacum
1822 1974 1893 2037 eius
1910 1975 2051 2038 voluerit

430 2092 528 2155 agere
546 2075 693 2154 consilio,
716 2077 892 2140 anathema
914 2073 997 2139 sit.''’
1044 2075 1086 2138 Et
1109 2077 1206 2140 item¹
1228 2077 1260 2139 in
1278 2076 1427 2161 capitulis
1451 2076 1502 2140 ani
1527 2082 1560 2140 et
1582 2077 1686 2160 patris
1703 2077 1807 2140 nostri
1824 2077 1977 2162 scripturn
2000 2085 2051 2142 est
2072 2113 2096 2150 η

429 2175 469 2239 de
494 2178 555 2257 his,
580 2180 633 2264 qui
656 2180 689 2244 in
713 2180 862 2244 exercitu
885 2200 1096 2264 quoscunque
1121 2201 1231 2243 secum
1256 2179 1391 2259 ducunt,
1423 2178 1508 2264 quod
1533 2185 1565 2244 et
1590 2200 1647 2243 nos
1670 2179 1773 2244 infra⁸
1796 2180 1933 2265 patriam
1957 2180 2049 2244 volu·

428 2301 501 2345 mus
525 2282 727 2348 observaret.-
752 2274 964 2369 ‘Deinccps44
987 2283 1137 2348 omnibus
1160 2284 1353 2349 denuntiare
1377 2284 1541 2362 volumus,
1571 2290 1607 2346 ut
1629 2285 1849 2368 unusquisque
1873 2290 2051 2370 cognoscat

430 2405 554 2467 omnes,
578 2388 632 2471 qui
656 2388 689 2450 in
714 2409 772 2452 suo
796 2387 952 2473 obsequio
976 2379 1094 2462 suntll,
1119 2389 1187 2451 sive
1212 2389 1262 2452 sui
1287 2389 1367 2468 sint,
1392 2388 1461 2452 sive
1486 2388 1596 2462 alieni,
1619 2395 1655 2451 ut
1678 2387 1733 2451 ille
1757 2387 1797 2452 de
1822 2408 1933 2452 eorum
1956 2387 2050 2452 factis

430 2491 588 2554 rationem
619 2513 654 2556 se
679 2493 761 2555 sciat
790 2479 991 2556 redditurum
1020 2500 1082 2572 etl,
1106 2491 1257 2578 quicquid
1293 2494 1325 2555 in
1355 2513 1437 2578 paee
1460 2491 1614 2555 violanda
1636 2491 1847 2576 deliquerint,
1882 2491 1922 2555 ad
1950 2491 2051 2577 ipsius

432 2585 586 2658 debeat‘l6
608 2595 789 2681 perieulum
812 2597 995 2680 pertinere;
1026 2617 1067 2659 ea
1089 2595 1215 2660 scilicet
1238 2594 1440 2673 conditione,
1463 2601 1499 2658 ut
1521 2595 1609 2679 pacis
1633 2595 1772 2658 violator
1795 2595 1933 2680 primum
1957 2596 2095 2664 iuxtaue

430 2694 583 2762 facinoris
607 2698 812 2785 qualitatem,
846 2701 915 2764 aine
938 2721 1047 2764 coram
1071 2699 1165 2763 uobis
1189 2699 1257 2762 sine
1282 2719 1393 2763 coram
1415 2699 1515 2762 misso
1540 2705 1668 2776 nostro,
1692 2697 1806 2783 dignas
1830 2719 1953 2783 poenes
1976 2719 2050 2784 per-

431 2801 535 2866 solvat
558 2808 591 2867 at
621 2804 746 2883 senior,
776 2805 830 2888 qui
861 2825 970 2869 seeum
998 2803 1098 2868 talem
1128 2802 1276 2882 duxerit,
1306 2823 1402 2888 quem
1431 2811 1487 2865 aut
1517 2801 1741 2886 constringere
1775 2802 1878 2865 noluit
1908 2807 2052 2866 autnon

431 2907 544 2989 potuit,
567 2913 603 2970 ut
626 2913 769 2972 uestram
792 2908 969 2972 iussionem
994 2913 1151 2984 servaret,
1176 2915 1208 2971 et
1231 2909 1364 2992 insuper
1388 2907 1420 2970 in
1444 2927 1545 2990 regno
1569 2912 1679 2970 nostro
1696 2905 1834 2991 praedas
1858 2906 1964 2970 facere
1987 2927 2052 2970 non

432 3009 584 3084 timuerit,
608 3021 686 3095 prov
708 3011 795 3075 illius
819 3012 1038 3097 neglegentia,
1063 3013 1089 3076 si
1112 3019 1188 3075 ante
1216 3031 1291 3077 eum
1322 3010 1363 3074 de
1392 3009 1442 3073 his
1471 3031 1534 3073 non
1565 3009 1784 3090 admonuerit,
1817 3015 1850 3072 et
1879 3017 2051 3096 postquam

432 3113 642 3198 neglegentia
672 3115 903 3200 contemptoris
932 3114 973 3178 ed
1003 3117 1072 3180 eius
1102 3115 1249 3179 notitiam
1278 3114 1480 3198 pervenerit,
1516 3133 1590 3177 eum
1618 3113 1796 3196 corrigere,
1834 3113 1918 3176 sicut
1946 3112 2051 3194 decet,
2072 3143 2096 3182 rr.

433 3216 628 3300 neglexerit,
651 3217 774 3282 honore
799 3239 856 3283 suo
879 3220 1038 3303 privetur,
1070 3225 1105 3282 ut
1135 3218 1260 3282 scilicet
1289 3223 1406 3282 neuter
1424 3216 1553 3280 illorum
1577 3217 1647 3280 sine
1672 3216 1757 3279 iusta
1780 3215 1922 3280 vindicta
1946 3239 2052 3282 rema-

432 3318 530 3385 neat.’
575 3320 673 3385 Nosw
701 3329 811 3386 autem
841 3323 987 3408 episcopi
1019 3323 1210 3408 evangelica
1243 3329 1275 3386 et
1306 3322 1486 3406 apostolica
1519 3328 1616 3405 atque
1651 3321 1830 3406 episcopali
1859 3323 2053 3386 auctoritate

433 3425 596 3491 seniorem
620 3434 652 3490 et
675 3427 853 3512 quemlibet
876 3429 967 3512 regni
985 3435 1162 3513 potentem,
1188 3429 1215 3491 si
1239 3427 1451 3491 commonitus
1475 3425 1567 3489 iuxta
1591 3424 1816 3509 evangelicum
1842 3431 2053 3510 praeceptum

432 3550 633 3614 saeuosque
662 3531 810 3596 homiues
835 3533 996 3616 corrigere
1021 3533 1160 3595 noluerit
1183 3539 1231 3606 et,
1268 3532 1345 3594 licet
1374 3532 1443 3615 ipse
1469 3523 1546 3592 talia
1569 3550 1633 3592 non
1657 3528 1773 3606 faciat,
1802 3535 1928 3606 tamen,
1953 3530 1979 3592 si
2004 3530 2054 3593 sui

432 3633 482 3697 vel
506 3635 538 3698 in
564 3655 621 3697 suo
646 3635 803 3721 obsequio
826 3642 996 3700 manentes
1019 3635 1098 3698 talia
1121 3635 1269 3715 fecerint,
1294 3636 1319 3697 si
1344 3655 1400 3698 ecs
1424 3655 1487 3698 non
1511 3632 1688 3696 correxerit
1712 3637 1746 3694 et
1769 3631 1945 3711 emendari,
1969 3653 2053 3718 quae
2072 3663 2099 3700 sc

432 3737 565 3816 faciunt,
589 3759 654 3802 non
677 3738 853 3804 obtinuerit
876 3760 998 3825 eosque
1023 3739 1062 3804 ad
1079 3739 1313 3825 poenitentiam
1330 3760 1393 3803 uon
1409 3738 1610 3823 perduxerit,
1634 3727 1739 3821 ipsell
1755 3737 2055 3802 excommunicetur

432 3840 612 3906 secundum
642 3863 753 3907 sacros
784 3863 940 3921 canones,
976 3843 1078 3907 donec
1109 3865 1185 3907 suos
1216 3843 1365 3907 homines
1398 3841 1438 3905 ad
1470 3840 1731 3905 emendationem
1762 3847 1796 3904 et
1817 3841 2054 3924 poenitentiam

431 3944 581 4020 reducat;
613 3946 689 4030 quia
713 3947 830 4010 melius
853 3946 1068 4012 iudicavimus
1091 3948 1182 4011 illum
1206 3946 1493 4025 excommunicari,
1524 3967 1582 4030 per
1612 3945 1701 4009 cuius
1725 3944 1881 4007 fortiam¹
1903 3945 1952 4008 sui
1975 3945 2054 4008 talia

431 4049 568 4129 faciunt,
603 4071 699 4136 quam
730 4071 843 4115 omnes
869 4051 958 4128 illos,
990 4053 1043 4136 qui
1073 4074 1131 4116 nec
1160 4051 1267 4116 Deum
1299 4051 1414 4114 timent
1443 4069 1502 4112 nce
1535 4049 1705 4134 episcopos
1736 4067 1842 4130 neque
1866 4048 1982 4111 missos
2005 4049 2053 4112 rei

431 4155 582 4238 publicae
606 4162 739 4240 propter
762 4155 833 4218 eius
856 4155 1010 4218 fortiam¹
1035 4161 1227 4220 reverentur
1254 4161 1287 4218 et
1310 4152 1585 4217 excommunicati
1616 4151 1678 4236 ipsi
1703 4169 1767 4214 non
1791 4151 1998 4234 corriguntur
2020 4157 2054 4214 et
2071 4177 2098 4218 as

431 4258 510 4321 alios
534 4277 593 4320 suo
617 4256 730 4320 morbo
755 4257 914 4330 inficiunt;
944 4258 1019 4342 qnia
1042 4258 1170 4322 dicente
1194 4256 1341 4343 apostolo
1364 4246 1478 4318 ‘ncnf8
1504 4256 1627 4333 solum,
1651 4255 1706 4339 qui
1728 4254 1865 4332 faciunt,
1900 4253 1975 4317 sedy
1999 4255 2053 4339 qui

431 4361 637 4425 consentiunt
668 4359 880 4440 facientibus,
918 4360 1007 4444 digni
1042 4368 1116 4426 suut
1143 4359 1272 4432 morte?
1309 4382 1374 4424 non
1405 4367 1456 4425 est
1489 4360 1572 4423 liber
1602 4381 1622 4422 a
1650 4379 1827 4437 consensu,
1863 4359 1933 4442 qui,
1968 4356 2054 4442 quod

431 4464 605 4530 emendare
633 4469 759 4549 potest,
790 4465 964 4530 emendare
993 4466 1154 4551 neglegit3
1186 4471 1381 4551 quapropter
1405 4465 1475 4528 sine
1506 4462 1604 4526 dubio
1636 4463 1764 4548 peccati
1796 4481 1830 4524 se
1860 4462 2054 4547 participem

431 4569 517 4632 facit.
565 4567 600 4631 Si
623 4576 732 4632 autem
754 4568 824 4653 ipse
856 4575 972 4654 potens
1003 4570 1055 4632 vel
1086 4569 1196 4634 senior
1229 4568 1424 4633 satisfacerit
1454 4567 1609 4652 episcopo
1641 4571 1674 4628 et
1702 4565 1809 4629 missis
1833 4564 1948 4648 regiis,
1979 4565 2054 4648 quia

432 4693 508 4736 suos
525 4672 672 4735 homines
696 4671 737 4734 ad
754 4671 1015 4736 emendationem
1040 4678 1074 4736 et
1096 4671 1137 4736 ad
1154 4672 1388 4757 poenitentiam
1412 4691 1474 4734 non
1492 4675 1601 4755 potest
1617 4667 1789 4748 adducere,
1813 4667 1871 4730 sed
1888 4669 2051 4754 seipsum*
2069 4697 2097 4736 so

432 4777 500 4840 vult
523 4783 579 4840 aut
602 4798 622 4839 a
645 4775 764 4840 talibus
788 4775 982 4838 immunem·
1006 4775 1179 4840 ostendere
1209 4781 1265 4838 aut
1287 4773 1385 4858 digne
1410 4773 1600 4837 satisfacere
1625 4778 1658 4836 et
1680 4769 1863 4835 huiusmodi
1888 4772 2053 4836 maleficos

533 4967 561 5033 p)
580 4984 596 5018 a
614 4967 676 5018 odd.
695 4965 719 5018 6.
825 4965 852 5030 q)
872 4982 916 5016 ecs
934 4963 958 5016 t.
1065 4963 1087 5028 ι)
1106 4967 1198 5016 iterum
1216 4963 1240 5016 3.
1346 4963 1369 5026 a)
1388 4965 1456 5015 intra
1475 4962 1498 5015 6.
1603 4962 1625 5026 t)
1648 4963 1779 5016 observari
1804 4961 1829 5014 6.
1935 4961 1964 5027 ιι)
1982 4969 2011 5013 nt
2029 4961 2054 5014 6.

430 5055 456 5118 ν)
475 5072 520 5122 per
542 5056 612 5106 illius
634 5055 824 5121 neglegentiam
841 5051 865 5104 6.
970 5054 1004 5115 ιι)
1023 5070 1068 5104 vos
1088 5053 1111 5104 l.
1124 5051 1149 5104 2.
1161 5051 1186 5102 5.
1292 5050 1319 5114 x)
1338 5054 1444 5102 formam
1463 5053 1487 5102 fr.
1590 5050 1618 5116 y)
1638 5059 1663 5101 et
1681 5049 1743 5100 odd.
1763 5047 1787 5100 6.
1887 5049 1911 5112 z)
1928 5050 2011 5115 ipsum
2029 5047 2053 5100 6.

429 5143 455 5204 ιι)
475 5143 664 5192 incommunem
682 5141 705 5192 f).

533 5313 577 5382 38)
596 5311 733 5366 Admonit.
747 5311 849 5380 paee.
930 5311 975 5378 39)
994 5311 1016 5362 1.
1034 5307 1152 5362 Corinth.
1170 5310 1195 5374 6,
1207 5308 1247 5362 10.
1327 5307 1371 5370 40)
1386 5306 1459 5360 ibid.
1479 5309 1556 5374 5,11.
1635 5307 1679 5374 41)
1698 5305 1789 5361 Mola
1804 5307 1844 5360 10.
1913 5304 1957 5373 42)
1977 5302 2053 5358 Cone.
2071 5323 2099 5360 ιι

434 5417 550 5484 Toletf,
568 5432 590 5471 c.
605 5418 645 5482 ll,
666 5413 837 5481 ManciIH,
853 5413 987 5467 reticos
1075 5411 1120 5478 43)
1141 5409 1221 5465 (lonc.
1244 5409 1345 5477 canen
1364 5427 1385 5464 c.
1401 5411 1425 5475 l,
1443 5410 1539 5462 Mataei
1552 5410 1595 5477 II,
1613 5410 1658 5463 col.
1679 5410 1754 5463 1107.
1842 5409 1886 5474 44)
1904 5407 2000 5474 Ascrae.
2015 5407 2055 5472 Π,

429 5539 451 5577 c.
472 5524 516 5589 15,
538 5526 599 5575 tom.
619 5520 647 5587 I,
673 5535 702 5586 p.
719 5518 769 5571 417
797 5519 895 5586 (supra
918 5533 946 5586 p.
964 5517 1029 5584 290,
1057 5532 1077 5569 c.
1095 5515 1131 5584 4).
1234 5516 1279 5580 45)
1305 5514 1334 5566 ἱιι
1359 5513 1410 5566 tali
1435 5512 1536 5567 itincre
1559 5517 1681 5584 pergunt
1699 5515 1794 5580 Aracep.
1899 5513 1944 5580 46)
1962 5511 2054 5579 Sapra

425 5645 455 5696 p.
465 5627 524 5692 390,
537 5642 558 5680 c.
569 5627 594 5679 4.
664 5625 709 5690 47)
722 5622 873 5677 Secundum
887 5623 977 5677 rerba:
996 5623 1053 5676 Nos
1063 5619 1185 5690 episcopi
1201 5659 1241 5674 ...
1257 5619 1392 5674 seniorem
1405 5617 1570 5672 secedendum
1583 5623 1656 5671 crat:
1674 5617 1763 5686 ipsum
1778 5616 2052 5670 excommunicemus.

428 5729 573 5802 ditificas.
595 5731 669 5798 1,32.
