4590 6420
381 460 650 516 ADDITAMENTA
670 463 718 516 AD
736 461 852 517 CAPIT.
872 461 953 517 REG.
973 461 1159 517 enuncias
1178 462 1364 518 occlusus.
1384 463 1533 531 (KAROLI
1545 465 1593 532 Il).
1613 497 1645 506 —
1663 467 1712 521 Nr.
1724 467 1783 521 293.
1840 471 1902 534 403

402 635 481 701 ltuh
506 635 705 723 capitulis
728 634 847 722 apud¹
870 633 1084 701 Bclvacum
1107 634 1333 701 civitatemk
1356 635 1410 700 iul
1433 637 1581 722 syuodo
1605 638 1777 707 babitis¹.
1921 657 1979 712 845.

390 762 438 822 l'l.
475 749 557 822 Ut⁶⁰
578 785 623 823 res
647 757 892 822 ecclesiastieae
921 769 1049 836 tempore
1076 765 1253 836 principatus
1276 766 1364 822 vestri
1387 767 1510 822 ablatae
1539 781 1582 824 ex
1614 760 1741 846 integro
1772 789 1903 843 praesen·

279 854 388 910 tialiter
409 855 624 910 restituantur
646 857 676 909 et
698 853 858 908 restitutae
881 857 1119 920 conserventur,
1143 853 1217 907 sicut
1239 857 1366 924 tempore
1389 854 1436 910 avi
1458 858 1488 910 et
1507 855 1597 926 patris
1613 856 1700 912 vestri
1723 857 1850 925 filerunt,
1875 864 1904 914 et

280 945 398 1012 excepto
410 940 626 1013 superpositom,
643 941 718 1011 quod
734 941 774 995 ad
789 958 855 995 usus
871 924 1109 1010 possidentium⁶¹
1123 939 1325 1011 absumptum¹¹
1340 944 1392 1008 est,
1409 943 1549 1011 quomodo
1565 947 1634 998 tuuc
1649 927 1774 1012 erantffl,
1791 946 1903 1016 quando

247 1046 327 1086 nvos
350 1030 435 1085 inds⁰
457 1029 541 1084 illasl’
568 1028 688 1094 tulistis,
719 1020 790 1084 siue
819 1019 1039 1104 refragatione
1071 1018 1257 1086 reddantur.
1311 1019 1397 1083 Hinc
1427 1022 1513 1084 enim
1541 1022 1574 1084 in
1602 1041 1725 1086 canone
1753 1024 1903 1089 Aurelia-

277 1128 370 1192 nensi
402 1126 558 1212 scripturn
587 1131 638 1190 est
670 1124 766 1188 titulo
786 1123 909 1188 xllla:
948 1114 1046 1188 ‘Ne63
1074 1124 1125 1187 cui
1156 1123 1256 1189 liceat
1288 1143 1341 1188 res
1368 1124 1421 1188 vel
1452 1124 1625 1190 facultates
1657 1126 1817 1192 ecclesiae
1847 1133 1904 1191 aut

281 1230 487 1295 monasteriis
511 1228 563 1292 vel
586 1227 794 1294 senodochiis
817 1248 875 1313 pro
899 1247 1105 1313 quacumque
1130 1227 1321 1313 elemosyna
1352 1248 1425 1292 cum
1454 1229 1580 1293 iustitia
1602 1227 1772 1314 delegatas
1796 1237 1903 1295 reten-

277 1342 375 1416 tare¹,
405 1334 548 1400 alienare
578 1341 676 1419 atque
707 1333 913 1397 subtrahere:
951 1330 1065 1416 quodsi
1094 1333 1167 1417 quis
1200 1331 1332 1410 fecerit,
1364 1338 1530 1415 tamquam
1558 1338 1695 1398 necator
1723 1353 1903 1419 pauperum

277 1448 454 1502 canonum·
478 1438 685 1524 antiquorum
709 1436 881 1501 sententiis
905 1436 1099 1500 constrictus
1123 1436 1164 1499 ab
1189 1435 1350 1501 ecclesiae
1368 1436 1535 1500 liminibus
1560 1435 1764 1519 excludatur,
1788 1457 1902 1523 quam-

235 1567 259 1604 n
278 1541 333 1606 diu
356 1543 398 1607 ab
421 1542 493 1628 ipso
516 1563 566 1621 ea,
589 1561 672 1627 quae
697 1546 773 1604 sunt
796 1538 908 1604 ablata
931 1538 983 1603 vel
1006 1544 1144 1619 retente,
1168 1537 1367 1603 reddantur!

389 1649 436 1710 18.
472 1637 547 1709 Ut⁰⁰
574 1655 739 1724 praecepta*
754 1651 865 1708 inlicita
894 1642 964 1707 lure
996 1642 1202 1708 beneficiario
1233 1651 1267 1706 dc
1299 1651 1382 1706 rebus
1419 1642 1652 1710 ecclesiasticis
1683 1655 1760 1710 facta
1782 1671 1800 1708 a
1823 1654 1903 1709 vobis

278 1743 347 1806 sine
371 1740 526 1805 dilatione
549 1749 759 1815 rescindantur,
789 1751 819 1802 et
846 1750 878 1802 ut
906 1747 940 1802 de
964 1750 1071 1815 oetero,
1099 1765 1134 1804 ne
1161 1748 1243 1814 fiant,
1272 1760 1292 1802 a
1319 1737 1494 1826 dignitatet
1523 1741 1624 1805 vestri
1653 1742 1791 1805 nominis
1821 1741 1903 1824 regii

278 1851 440 1911 caveatur.

389 1953 458 2014 19¹¹.
494 1939 569 2032 Utlo
592 1956 628 2012 ab
651 1956 796 2013 ecclesiis
819 1953 947 2013 vestrae
977 1945 1092 2010 ditioni
1121 1946 1279 2012 subiectis
1307 1934 1448 2012 indebitas
1478 1957 1696 2012 consuetudines
1724 1960 1754 2012 ct
1782 1957 1903 2012 iniustas

235 2068 258 2106 ra
277 2046 492 2102 cunctationesv
515 2045 550 2100 de
574 2047 668 2099 cetero
691 2062 748 2099 non
772 2043 926 2109 exactetis,
949 2043 998 2098 sed
1022 2035 1066 2098 ita
1089 2060 1137 2098 eas
1160 2043 1341 2112 conservetis,
1365 2044 1439 2098 sicut
1462 2033 1540 2099 ordo
1558 2035 1655 2100 docet
1671 2036 1846 2100 canonicus
1870 2041 1903 2099 ct

276 2137 403 2204 tempore
426 2131 472 2187 avi
496 2134 525 2186 et
547 2131 636 2202 patris
662 2131 749 2187 vestri
772 2133 955 2186 conservatae
978 2129 1100 2185 fuerunt.

384 2233 435 2294 20.
470 2227 513 2292 Et
536 2248 577 2292 ne
601 2227 873 2314 magnificentiam
896 2232 1040 2291 vestram
1064 2227 1142 2290 illuc
1163 2232 1291 2291 vestrae
1315 2224 1466 2312 dignitati
1490 2224 1646 2290 indecens
1670 2232 1703 2290 et
1727 2225 1902 2291 inhonesta

275 2334 411 2421 inpellat
439 2333 637 2412 necessitas,
668 2341 757 2416 quow
780 2352 845 2396 uon
874 2330 973 2395 trahit
1002 2329 1167 2410 voluntas,
1200 2337 1233 2394 et
1261 2331 1378 2416 partim
1408 2331 1624 2412 necessitate,
1653 2331 1772 2417 partim
1803 2331 1901 2394 etiam

276 2438 497 2524 subreptione,
521 2437 599 2522 quia
621 2434 732 2514 aliter,
767 2456 866 2521 quam
888 2457 923 2500 se
952 2435 999 2500 rei
1023 2434 1142 2498 veritas
1172 2432 1307 2516 habeat,
1340 2434 1433 2499 vobis
1456 2433 1602 2498 dictum⁸
1625 2435 1677 2498 vel
1700 2434 1900 2520 postulatum

231 2571 257 2611 so
274 2542 345 2622 fuit,
376 2540 517 2606 maxime
548 2539 635 2626 quod
666 2539 707 2604 ad
738 2537 972 2626 rempublicam
1004 2539 1162 2624 pertinuit
1191 2544 1248 2602 aut
1270 2540 1500 2624 praereptione
1529 2539 1562 2603 in
1590 2538 1801 2604 beneficiario
1830 2539 1900 2602 iure

275 2654 332 2712 aut
356 2648 388 2710 in
411 2644 525 2710 alodel
549 2644 780 2730 absumptumz
804 2642 956 2708 habetur:
989 2641 1119 2708 videtur
1147 2645 1242 2708 nobis
1272 2643 1352 2709 utile
1385 2651 1418 2707 et
1446 2644 1697 2724 necessarium
1727 2653 1763 2707 ut
1785 2642 1899 2707 fideles

275 2759 308 2815 et
332 2759 481 2817 strenuos
511 2751 627 2814 missos
657 2771 699 2813 ex
728 2754 864 2835 utroque
895 2748 1008 2814 ordine
1042 2755 1099 2834 per
1127 2749 1273 2834 singulos
1304 2749 1477 2812 comitatus
1506 2749 1598 2834 regui
1622 2749 1722 2813 vestri
1753 2747 1901 2826 mittatis,

274 2857 330 2942 qui
358 2856 466 2921 omnia
496 2853 672 2940 diligenter
703 2844 929 2933 inbrevientssl,
959 2874 1043 2938 quae
1074 2860 1221 2941 tempore
1252 2854 1304 2918 avi
1332 2874 1370 2918 ac
1400 2853 1503 2939 patris
1533 2855 1634 2918 vestri
1668 2852 1720 2917 vel
1752 2854 1785 2917 in
1808 2853 1900 2937 regio

275 2962 462 3048 specialiter
477 2960 608 3025 servitio
633 2958 686 3024 vel
709 2959 741 3022 iu
758 2958 972 3023 vassallorum
988 2957 1223 3023 dominicorum
1241 2958 1406 3023 beneficiis
1423 2957 1569 3039 fuerunt,
1593 2966 1627 3024 et
1650 2957 1727 3044 quid
1751 2959 1803 3021 vel
1820 2977 1900 3043 qua-

231 3091 256 3132 es
274 3066 351 3131 liter
373 3072 430 3130 eut
453 3071 609 3150 quantum
632 3062 751 3127 exinde
774 3063 913 3149 quisque
938 3062 1033 3128 modo
1057 3064 1207 3144 retincat,
1231 3065 1285 3129 etb
1311 3062 1489 3129 secundum
1507 3064 1680 3129 veritatem
1696 3063 1900 3127 renuntietur

276 3170 377 3236 vobis.
423 3169 468 3233 Et
489 3169 565 3233 ubi⁰
586 3167 789 3248 invencritis,
820 3167 897 3253 quia
919 3169 1003 3232 ratio
1028 3175 1060 3233 et
1083 3168 1207 3232 utilitas
1236 3190 1275 3233 ac
1305 3168 1384 3233 ordo
1408 3189 1466 3233 seu
1488 3169 1609 3234 veritas
1639 3169 1671 3233 iu
1696 3165 1900 3254 absumptisd

274 3274 326 3339 vel
343 3273 592 3338 donationibus⁰
608 3271 800 3352 habeantur,
817 3271 867 3336 inf
880 3277 967 3336 statu
980 3280 1211 3358 permaneant;
1235 3273 1291 3338 ubi
1308 3280 1418 3338 autem
1435 3273 1705 3339 inrationabilitas
1723 3274 1776 3337 vel
1791 3273 1899 3359 potius

274 3380 364 3444 lraus
389 3380 542 3442 inventae
565 3376 696 3457 fuerint,
719 3397 785 3440 uua
807 3398 881 3441 cum
905 3377 1040 3441 consilio
1063 3376 1209 3442 fidelium
1232 3383 1414 3442 vestrorum
1439 3377 1499 3442 boc
1522 3378 1633 3443 taliter
1655 3379 1820 3462 corrigite,
1842 3382 1900 3440 utg

276 3491 309 3548 et
333 3483 416 3547 ratio
441 3487 539 3568 atque
562 3479 686 3545 utilitas
710 3500 770 3545 seu
792 3481 916 3544 iustitia
939 3502 1004 3544 non
1025 3480 1219 3546 deserantur
1242 3489 1275 3546 et
1297 3481 1439 3566 dignitas
1461 3487 1593 3548 vestrae
1617 3480 1900 3568 magnificentiael¹

232 3623 257 3660 30
276 3609 342 3674 pcr¹
357 3587 592 3652 necessitatem
615 3586 662 3648 ite
684 3585 758 3648 vilis
783 3606 846 3649 non
869 3584 937 3664 fiat,
961 3586 1047 3649 sicut
1069 3606 1126 3649 vos
1150 3607 1213 3649 non
1230 3585 1346 3651 decere
1368 3588 1586 3673 cognoscitur,
1611 3588 1765 3672 quoniam
1789 3585 1900 3651 dome·

276 3692 359 3754 stica
382 3689 497 3754 domus
521 3695 630 3753 vestra
652 3688 749 3752 aliter
771 3689 935 3774 ohsequiis
964 3689 1216 3755 domesticorum
1240 3690 1358 3775 repleri
1381 3713 1444 3755 non
1468 3693 1599 3778 poterit,
1623 3692 1685 3756 nisi
1709 3690 1900 3768 habueritis,

275 3795 361 3860 unde
385 3795 433 3860 cis
456 3792 622 3860 meritum¹
646 3792 825 3880 rependere
856 3802 890 3858 et
918 3794 1119 3879 indigentiae
1151 3794 1303 3859 solatium
1333 3794 1420 3859 ferre
1451 3796 1595 3880 possitis;
1628 3801 1662 3860 et
1692 3795 1739 3859 sic
1769 3795 1899 3859 demum

275 3923 328 3966 res
351 3900 482 3988 publica
505 3896 559 3964 etk
582 3904 692 3962 vestra
719 3897 760 3962 de
790 3918 847 3961 suo
877 3899 1073 3983 suffragetur
1097 3899 1175 3980 sibi,
1205 3908 1238 3964 et
1262 3900 1452 3978 ecclesiaek,
1484 3900 1643 3985 aquibus
1667 3921 1731 3964 non
1756 3898 1899 3986 expedit,

275 4004 458 4069 habeantur
480 4004 640 4069 inmunes.
1284 4001 1285 4004 ’

231 4133 255 4172 aa
383 4112 434 4172 21.
469 4106 528 4171 Ut¹
551 4107 718 4194 precariae
740 4112 773 4171 ct
796 4108 1068 4172 commutationes
1092 4115 1238 4195 ternpore
1262 4107 1467 4174 viduatorum
1492 4110 1704 4174 ecclesiarum
1727 4110 1833 4174 iactae
1857 4108 1899 4172 ab

274 4212 336 4291 his,
359 4212 412 4297 qui
435 4211 507 4275 loca
530 4212 756 4297 episcoporum
780 4216 1031 4296 occupaverant,
1057 4211 1284 4277 rescindantur
1306 4219 1339 4276 et
1364 4234 1435 4276 curn
1460 4214 1655 4278 auctoritate
1678 4213 1900 4278 ecclesiastica

274 4315 327 4379 vel
351 4316 476 4395 civilim,
500 4316 528 4379 si
551 4313 698 4380 fiendaen
723 4321 830 4394 sunt0,
854 4315 942 4379 liant.

377 4488 405 4557 h)
425 4489 505 4540 Rubr.
524 4507 572 4542 orn.
591 4489 614 4542 9.
685 4488 705 4556 i)
724 4509 772 4542 om.
791 4490 819 4551 (ὃς
839 4491 872 4541 ad
890 4487 915 4542 2.
994 4487 1023 4556 k)
1042 4507 1091 4542 ons.
1109 4488 1196 4542 2-4.
1216 4490 1239 4542 t.
1319 4489 1339 4558 l)
1358 4493 1384 4542 iu
1469 4492 1562 4543 habitis
1580 4509 1627 4542 om.
1647 4490 1671 4544 2.
1751 4493 1786 4554 ml
1806 4511 1898 4561 suppo·

272 4578 320 4629 sito
339 4577 362 4630 5.
382 4576 406 4630 6.
492 4573 520 4642 n)
537 4577 702 4644 adsumptum
722 4577 744 4628 1.
832 4576 859 4645 o)
881 4579 908 4629 in
926 4579 967 4629 die
985 4580 1064 4640 (corr.
1083 4579 1114 4629 de
1132 4574 1160 4642 2)
1179 4579 1223 4630 illa
1241 4579 1350 4630 audistis
1368 4575 1446 4642 (οων.
1467 4579 1610 4630 abstulistis
1627 4579 1672 4628 alt.
1691 4596 1759 4630 rnen.
1779 4577 1808 4644 2)
1825 4579 1849 4630 2.
1868 4579 1896 4638 3;

229 4682 256 4720 (ο
274 4665 300 4714 iu
318 4664 359 4714 dis
376 4664 419 4715 ills
437 4663 531 4716 tulistis
549 4662 574 4714 4.
648 4662 676 4730 p)
694 4663 774 4716 illati.
849 4663 877 4730 q)
895 4662 1016 4717 x1111.2.
1029 4663 1053 4716 4.
1067 4662 1090 4716 9.
1170 4663 1193 4728 r)
1211 4673 1341 4732 receptare
1360 4663 1384 4717 2.
1402 4663 1435 4728 4;
1453 4673 1584 4716 racemus
1595 4663 1620 4717 3.
1699 4665 1723 4730 a)
1741 4667 1854 4718 virorum
1872 4663 1897 4717 4.

272 4751 293 4814 t)
318 4751 436 4818 dignitati
459 4758 558 4802 vestrae
584 4750 606 4802 1.
713 4749 742 4817 u)
765 4751 799 4802 In
820 4752 875 4802 cod.
894 4749 919 4804 3.
942 4769 999 4817 cap.
1021 4751 1060 4803 19.
1086 4749 1128 4804 20.
1154 4761 1308 4802 conrmutaen
1333 4760 1399 4802 ment
1505 4751 1532 4816 v)
1555 4753 1593 4802 isa
1619 4751 1647 4812 l;
1669 4753 1816 4804 exactiones
1840 4753 1898 4804 rell.

272 4837 308 4902 w)
326 4839 371 4903 qui
391 4835 467 4888 1-3.
568 4834 596 4903 x)
614 4845 653 4888 ost
670 4838 732 4890 add.
754 4838 775 4889 l.
867 4837 895 4904 y)
912 4838 995 4888 alodio
1013 4838 1037 4890 5.
1056 4838 1085 4900 6;
1105 4839 1178 4890 alodo
1203 4837 1227 4890 7.
1246 4835 1270 4888 8.
1366 4837 1391 4904 a)
1409 4845 1569 4906 assumptum
1591 4837 1618 4901 13
1642 4839 1807 4906 adsumptum
1831 4836 1853 4889 l.
1873 4837 1897 4888 8.

271 4924 298 4990 a)
317 4927 462 4976 necessaria
481 4923 504 4977 l.
605 4925 632 4986 b)
651 4942 700 4976 om.
724 4924 748 4978 5.
767 4923 791 4976 6.
891 4922 915 4990 c)
934 4924 969 4974 ibi
988 4922 1011 4975 7.
1029 4923 1059 4988 8;
1087 4926 1222 4977 invenietis
1240 4923 1265 4976 8.
1365 4924 1392 4988 (1)
1412 4926 1549 4992 assumptis
1572 4924 1597 4976 5.
1616 4924 1640 4976 6.
1743 4925 1768 4992 o)
1782 4926 1899 4976 domina·

271 5012 385 5062 tionibus
402 5009 427 5062 2.
445 5009 469 5062 4.
558 5009 581 5076 f)
600 5012 717 5064 instituta
729 5009 753 5063 5.
840 5011 868 5078 gl
888 5019 913 5062 et
931 5021 960 5061 ut
977 5009 1002 5064 2.
1020 5009 1050 5072 3;
1069 5019 1095 5062 et
1113 5029 1160 5063 om.
1174 5010 1198 5062 4.
1293 5010 1320 5078 b)
1340 5013 1522 5078 magnitudinis
1538 5010 1559 5062 l.
1649 5011 1669 5076 i)
1688 5013 1900 5078 meritisrsspon·

229 5117 254 5155 43.
272 5099 332 5150 dare
357 5094 380 5148 7.
398 5095 423 5148 8.
505 5096 534 5160 k)
552 5099 589 5148 ita
608 5097 636 5158 l;
655 5116 703 5150 om.
721 5099 779 5152 rell.
862 5098 881 5162 l)
899 5101 938 5150 De
960 5099 1082 5164 precariis
1105 5099 1176 5150 rubr.
1199 5101 1228 5150 in
1245 5097 1269 5151 5.
1352 5100 1387 5162 m)
1407 5100 1491 5150 denuo
1510 5099 1572 5150 cdd.
1598 5097 1620 5150 1.
1640 5097 1664 5150 7.
1683 5098 1708 5148 s.
1796 5097 1825 5162 n)
1844 5099 1898 5148 heri

271 5186 366 5236 desunt
383 5183 411 5246 1;
429 5184 507 5234 fiendi
525 5181 548 5235 1.
566 5182 597 5249 83
615 5185 743 5240 finiendae
761 5183 786 5237 5.
804 5184 832 5246 6;
852 5186 982 5237 faciendae
999 5183 1024 5238 2.
1042 5183 1066 5238 3.
1153 5185 1179 5250 o)
1198 5205 1246 5239 om.
1264 5185 1287 5238 1.

374 5339 419 5405 60)
440 5336 526 5406 Ocpp.
541 5338 642 5392 17-19
661 5361 694 5384 =
712 5336 811 5408 senat
830 5337 962 5392 Belloncc.
973 5339 1033 5406 845,
1051 5354 1136 5408 aspra
1151 5356 1182 5408 p.
1194 5340 1255 5408 388,
1272 5355 1294 5394 c.
1306 5339 1382 5408 3-5,
1401 5339 1513 5393 mutatis
1526 5355 1590 5392 sam
1602 5336 1739 5391 mactandis
1757 5342 1781 5390 ct
1800 5335 1899 5391 additis

270 5441 429 5510 gadualdus
447 5443 537 5497 rrcrbia.
633 5445 677 5509 61)
697 5444 741 5498 vel
760 5461 793 5498 ex
812 5443 946 5498 aedificiis
964 5443 1028 5498 add.
1047 5445 1063 5498 l.
1076 5461 1097 5499 c.
1116 5461 1136 5498 c.
1149 5446 1174 5499 3.
1269 5446 1315 5511 62)
1334 5446 1472 5512 quantum
1490 5441 1524 5495 ud
1544 5443 1610 5506 hoc,
1637 5441 1710 5510 quod
1731 5458 1774 5495 res
1793 5442 1898 5496 usitato

271 5547 383 5601 nornine
407 5547 595 5617 appellamus,
620 5549 731 5601 constat
752 5546 816 5601 add.
835 5548 852 5602 1.
864 5564 886 5602 c.
992 5546 1035 5612 63)
1061 5545 1141 5601 (bne.
1167 5549 1259 5602 Arsrel.
1272 5548 1297 5600 V
1312 5549 1349 5614 (a.
1363 5547 1438 5614 ola),
1462 5561 1483 5600 c.
1499 5547 1543 5609 13,
1570 5545 1630 5600 LL.
1657 5545 1735 5598 (buc.
1750 5545 1777 5612 1,
1797 5563 1826 5612 p.
1843 5546 1898 5599 104.

229 5673 254 5712 so
273 5653 318 5712 bil
340 5651 396 5717 Cfr.
417 5650 483 5720 (hp.
501 5651 572 5707 mus.
592 5650 725 5705 &amaea
738 5651 803 5719 853,
822 5668 906 5720 atqua
920 5669 949 5720 p.
963 5652 1024 5718 268,
1042 5667 1062 5706 c.
1075 5651 1106 5712 5,·
1133 5651 1197 5718 Gap.
1213 5649 1246 5702 'de
1263 5651 1324 5706 inst
1342 5651 1394 5716 sac.
1414 5650 1570 5716 ali-813,
1587 5649 1690 5716 wm.1,
1707 5665 1735 5716 p.
1751 5648 1813 5714 171,
1835 5665 1856 5702 c.
1870 5649 1900 5712 1,·

277 5755 358 5824 Coppa
377 5755 410 5808 de
427 5773 499 5810 cures.
520 5755 570 5808 dir.
589 5754 668 5822 8011,
686 5755 703 5810 l.
716 5771 736 5810 c.
753 5773 779 5824 p.
795 5757 853 5825 136,
871 5772 893 5824 c,
905 5757 929 5812 4.

1640 5853 1692 5905 51*
