<?xml version="1.0" encoding="UTF-8"?>
<!DOCTYPE html PUBLIC "-//W3C//DTD XHTML 1.0 Transitional//EN"
    "http://www.w3.org/TR/xhtml1/DTD/xhtml1-transitional.dtd">
<html xmlns="http://www.w3.org/1999/xhtml" xml:lang="en" lang="en">
 <head>
  <title>
</title>
<meta http-equiv="Content-Type" content="text/html;charset=utf-8" />
  <meta name='ocr-system' content='tesseract 3.04.00' />
  <meta name='ocr-capabilities' content='ocr_page ocr_carea ocr_par ocr_line ocrx_word'/>
</head>
<body>
  <div class='ocr_page' id='page_1' title='image "./monumentagerman07mittgoog_0018.png"; bbox 0 0 4590 6428; ppageno 0'>
   <div class='ocr_carea' id='block_1_1' title="bbox 551 1737 1623 1851">
    <p class='ocr_par' dir='ltr' id='par_1_1' title="bbox 551 1737 1623 1851">
     <span class='ocr_line' id='line_1_1' title="bbox 551 1737 1623 1851; baseline 0.002 -2"><span class='ocrx_word' id='word_1_1' title='bbox 551 1737 1093 1850; x_wconf 80' lang='lat' dir='ltr'>OONSPEOTUS</span> <span class='ocrx_word' id='word_1_2' title='bbox 1154 1738 1623 1851; x_wconf 84' lang='lat' dir='ltr'><em>LIBRORUM.</em></span> 
     </span>
    </p>
   </div>
   <div class='ocr_carea' id='block_1_2' title="bbox 255 1935 1969 4089">
    <p class='ocr_par' dir='ltr' id='par_1_2' title="bbox 257 1935 1912 2160">
     <span class='ocr_line' id='line_1_2' title="bbox 372 1935 1912 2042; baseline 0.002 -21"><span class='ocrx_word' id='word_1_3' title='bbox 372 1953 554 2038; x_wconf 80' lang='lat' dir='ltr'><em>Oonspectni</em></span> <span class='ocrx_word' id='word_1_4' title='bbox 575 1957 740 2036; x_wconf 84' lang='lat' dir='ltr'><em>librorum,</em></span> <span class='ocrx_word' id='word_1_5' title='bbox 769 1976 845 2038; x_wconf 81' lang='lat' dir='ltr'><em>qnos</em></span> <span class='ocrx_word' id='word_1_6' title='bbox 869 1961 912 2024; x_wconf 82' lang='lat' dir='ltr'><em>A.</em></span> <span class='ocrx_word' id='word_1_7' title='bbox 928 1958 1079 2024; x_wconf 91' lang='lat' dir='ltr'><em>Boretius</em></span> <span class='ocrx_word' id='word_1_8' title='bbox 1100 1963 1129 2023; x_wconf 90' lang='lat' dir='ltr'><em>ct</em></span> <span class='ocrx_word' id='word_1_9' title='bbox 1158 1957 1192 2024; x_wconf 91' lang='lat' dir='ltr'><em>V.</em></span> <span class='ocrx_word' id='word_1_10' title='bbox 1209 1935 1338 2024; x_wconf 87' lang='lat' dir='ltr'><em>Krouse</em></span> <span class='ocrx_word' id='word_1_11' title='bbox 1364 1959 1389 2023; x_wconf 91' lang='lat' dir='ltr'><em>b.</em></span> <span class='ocrx_word' id='word_1_12' title='bbox 1405 1979 1445 2024; x_wconf 88' lang='lat' dir='ltr'><em>m.</em></span> <span class='ocrx_word' id='word_1_13' title='bbox 1476 1959 1511 2022; x_wconf 92' lang='lat' dir='ltr'><em>in</em></span> <span class='ocrx_word' id='word_1_14' title='bbox 1533 1959 1660 2025; x_wconf 58' lang='lat' dir='ltr'><em>modu</em></span> <span class='ocrx_word' id='word_1_15' title='bbox 1682 1959 1912 2042; x_wconf 78' lang='lat' dir='ltr'><strong><em>capitularibus</em></strong></span> 
     </span>
     <span class='ocr_line' id='line_1_3' title="bbox 257 2077 1413 2160; baseline 0.004 -20"><span class='ocrx_word' id='word_1_16' title='bbox 257 2097 367 2159; x_wconf 76' lang='lat' dir='ltr'><em>repunt</em></span> <span class='ocrx_word' id='word_1_17' title='bbox 387 2077 588 2142; x_wconf 70' lang='lat' dir='ltr'><em>Iboncornm</em></span> <span class='ocrx_word' id='word_1_18' title='bbox 609 2077 829 2155; x_wconf 77' lang='lat' dir='ltr'><em>adhibuerunt,</em></span> <span class='ocrx_word' id='word_1_19' title='bbox 848 2100 954 2159; x_wconf 89' lang='lat' dir='ltr'><em>panca</em></span> <span class='ocrx_word' id='word_1_20' title='bbox 975 2080 1054 2143; x_wconf 73' lang='lat' dir='ltr'><em>mni</em></span> <span class='ocrx_word' id='word_1_21' title='bbox 1072 2080 1306 2160; x_wconf 86' lang='lat' dir='ltr'><em>praemittenda</em></span> <span class='ocrx_word' id='word_1_22' title='bbox 1327 2085 1413 2147; x_wconf 88' lang='lat' dir='ltr'><em>sunt.</em></span> 
     </span>
    </p>

    <p class='ocr_par' dir='ltr' id='par_1_3' title="bbox 255 2197 1969 3366">
     <span class='ocr_line' id='line_1_4' title="bbox 371 2197 1913 2282; baseline 0 -18"><span class='ocrx_word' id='word_1_23' title='bbox 371 2197 561 2282; x_wconf 78' lang='lat' dir='ltr'><em>Genealopia</em></span> <span class='ocrx_word' id='word_1_24' title='bbox 574 2199 718 2277; x_wconf 90' lang='lat' dir='ltr'><em>codicum,</em></span> <span class='ocrx_word' id='word_1_25' title='bbox 741 2219 821 2280; x_wconf 81' lang='lat' dir='ltr'><em>quae</em></span> <span class='ocrx_word' id='word_1_26' title='bbox 836 2201 1082 2282; x_wconf 81' lang='lat' dir='ltr'><em>uniusmciusqne</em></span> <span class='ocrx_word' id='word_1_27' title='bbox 1097 2201 1244 2264; x_wconf 74' lang='lat' dir='ltr'><em>editionis</em></span> <span class='ocrx_word' id='word_1_28' title='bbox 1258 2203 1351 2281; x_wconf 87' lang='lat' dir='ltr'><em>caput</em></span> <span class='ocrx_word' id='word_1_29' title='bbox 1372 2203 1452 2265; x_wconf 88' lang='lat' dir='ltr'><em>recte</em></span> <span class='ocrx_word' id='word_1_30' title='bbox 1474 2199 1538 2264; x_wconf 91' lang='lat' dir='ltr'><em>dici</em></span> <span class='ocrx_word' id='word_1_31' title='bbox 1549 2204 1657 2280; x_wconf 88' lang='lat' dir='ltr'><em>potest,</em></span> <span class='ocrx_word' id='word_1_32' title='bbox 1679 2221 1701 2264; x_wconf 92' lang='lat' dir='ltr'><em>a</em></span> <span class='ocrx_word' id='word_1_33' title='bbox 1720 2201 1801 2264; x_wconf 86' lang='lat' dir='ltr'><em>viris</em></span> <span class='ocrx_word' id='word_1_34' title='bbox 1815 2199 1913 2264; x_wconf 86' lang='lat' dir='ltr'><em>doctis</em></span> 
     </span>
     <span class='ocr_line' id='line_1_5' title="bbox 255 2319 1914 2405; baseline 0.001 -21"><span class='ocrx_word' id='word_1_35' title='bbox 255 2319 386 2405; x_wconf 74' lang='lat' dir='ltr'><em>frustm</em></span> <span class='ocrx_word' id='word_1_36' title='bbox 408 2319 656 2384; x_wconf 74' lang='lat' dir='ltr'><em>desiderabitur:</em></span> <span class='ocrx_word' id='word_1_37' title='bbox 678 2319 715 2382; x_wconf 90' lang='lat' dir='ltr'><em>in</em></span> <span class='ocrx_word' id='word_1_38' title='bbox 737 2319 782 2382; x_wconf 91' lang='lat' dir='ltr'><em>eis</em></span> <span class='ocrx_word' id='word_1_39' title='bbox 804 2320 901 2398; x_wconf 90' lang='lat' dir='ltr'><em>enim,</em></span> <span class='ocrx_word' id='word_1_40' title='bbox 924 2339 1005 2401; x_wconf 82' lang='lat' dir='ltr'><em>qnae</em></span> <span class='ocrx_word' id='word_1_41' title='bbox 1027 2319 1159 2384; x_wconf 76' lang='lat' dir='ltr'><em>editores</em></span> <span class='ocrx_word' id='word_1_42' title='bbox 1180 2320 1385 2401; x_wconf 84' lang='lat' dir='ltr'><em>reliquerunt,</em></span> <span class='ocrx_word' id='word_1_43' title='bbox 1406 2320 1490 2384; x_wconf 86' lang='lat' dir='ltr'><em>nibil</em></span> <span class='ocrx_word' id='word_1_44' title='bbox 1507 2319 1577 2404; x_wconf 79' lang='lat' dir='ltr'><em>fere</em></span> <span class='ocrx_word' id='word_1_45' title='bbox 1598 2321 1824 2398; x_wconf 77' lang='lat' dir='ltr'><em>inveniebatur,</em></span> <span class='ocrx_word' id='word_1_46' title='bbox 1853 2339 1914 2402; x_wconf 83' lang='lat' dir='ltr'><em>qno</em></span> 
     </span>
     <span class='ocr_line' id='line_1_6' title="bbox 259 2440 1913 2523; baseline 0.001 -20"><span class='ocrx_word' id='word_1_47' title='bbox 259 2442 352 2504; x_wconf 90' lang='lat' dir='ltr'><em>nisus</em></span> <span class='ocrx_word' id='word_1_48' title='bbox 374 2447 501 2505; x_wconf 84' lang='lat' dir='ltr'><em>stemma</em></span> <span class='ocrx_word' id='word_1_49' title='bbox 523 2441 605 2522; x_wconf 86' lang='lat' dir='ltr'><em>quod</em></span> <span class='ocrx_word' id='word_1_50' title='bbox 626 2445 754 2504; x_wconf 87' lang='lat' dir='ltr'><em>vocatur</em></span> <span class='ocrx_word' id='word_1_51' title='bbox 769 2440 918 2504; x_wconf 88' lang='lat' dir='ltr'><em>librorum</em></span> <span class='ocrx_word' id='word_1_52' title='bbox 935 2442 1219 2521; x_wconf 80' lang='lat' dir='ltr'><em>manuscriptorum</em></span> <span class='ocrx_word' id='word_1_53' title='bbox 1237 2441 1429 2522; x_wconf 88' lang='lat' dir='ltr'><em>praeberem.</em></span> <span class='ocrx_word' id='word_1_54' title='bbox 1462 2441 1531 2523; x_wconf 73' lang='lat' dir='ltr'><em>Qtru</em></span> <span class='ocrx_word' id='word_1_55' title='bbox 1554 2441 1592 2505; x_wconf 88' lang='lat' dir='ltr'><em>de</em></span> <span class='ocrx_word' id='word_1_56' title='bbox 1614 2461 1712 2506; x_wconf 91' lang='lat' dir='ltr'><em>causa</em></span> <span class='ocrx_word' id='word_1_57' title='bbox 1733 2442 1769 2504; x_wconf 90' lang='lat' dir='ltr'><em>in</em></span> <span class='ocrx_word' id='word_1_58' title='bbox 1790 2461 1913 2506; x_wconf 90' lang='lat' dir='ltr'><em>enume-</em></span> 
     </span>
     <span class='ocr_line' id='line_1_7' title="bbox 260 2561 1914 2643; baseline 0.001 -18"><span class='ocrx_word' id='word_1_59' title='bbox 260 2561 376 2625; x_wconf 87' lang='lat' dir='ltr'><em>randis</em></span> <span class='ocrx_word' id='word_1_60' title='bbox 401 2561 567 2637; x_wconf 83' lang='lat' dir='ltr'><em>codicibus,</em></span> <span class='ocrx_word' id='word_1_61' title='bbox 602 2561 716 2642; x_wconf 81' lang='lat' dir='ltr'><em>qnibns</em></span> <span class='ocrx_word' id='word_1_62' title='bbox 738 2579 860 2642; x_wconf 89' lang='lat' dir='ltr'><em>paucos</em></span> <span class='ocrx_word' id='word_1_63' title='bbox 881 2564 954 2642; x_wconf 89' lang='lat' dir='ltr'><em>post</em></span> <span class='ocrx_word' id='word_1_64' title='bbox 976 2561 1138 2626; x_wconf 88' lang='lat' dir='ltr'><em>editionem</em></span> <span class='ocrx_word' id='word_1_65' title='bbox 1164 2562 1333 2643; x_wconf 77' lang='lat' dir='ltr'><em>consectam</em></span> <span class='ocrx_word' id='word_1_66' title='bbox 1358 2562 1500 2626; x_wconf 87' lang='lat' dir='ltr'><em>inventos</em></span> <span class='ocrx_word' id='word_1_67' title='bbox 1525 2563 1592 2643; x_wconf 88' lang='lat' dir='ltr'><em>ipse</em></span> <span class='ocrx_word' id='word_1_68' title='bbox 1618 2561 1744 2641; x_wconf 88' lang='lat' dir='ltr'><em>addidi,</em></span> <span class='ocrx_word' id='word_1_69' title='bbox 1774 2562 1914 2626; x_wconf 88' lang='lat' dir='ltr'><em>ordinem</em></span> 
     </span>
     <span class='ocr_line' id='line_1_8' title="bbox 261 2679 1969 2764; baseline 0.002 -20"><span class='ocrx_word' id='word_1_70' title='bbox 261 2685 386 2746; x_wconf 90' lang='lat' dir='ltr'><em>tantum</em></span> <span class='ocrx_word' id='word_1_71' title='bbox 400 2680 559 2763; x_wconf 67' lang='lat' dir='ltr'><em>abibabeti</em></span> <span class='ocrx_word' id='word_1_72' title='bbox 573 2687 695 2746; x_wconf 86' lang='lat' dir='ltr'><em>secutus</em></span> <span class='ocrx_word' id='word_1_73' title='bbox 717 2700 797 2746; x_wconf 91' lang='lat' dir='ltr'><em>sum.</em></span> <span class='ocrx_word' id='word_1_74' title='bbox 834 2682 963 2746; x_wconf 84' lang='lat' dir='ltr'><em>Accedit</em></span> <span class='ocrx_word' id='word_1_75' title='bbox 985 2681 1067 2763; x_wconf 82' lang='lat' dir='ltr'><em>quod</em></span> <span class='ocrx_word' id='word_1_76' title='bbox 1081 2683 1205 2747; x_wconf 89' lang='lat' dir='ltr'><em>nullum</em></span> <span class='ocrx_word' id='word_1_77' title='bbox 1220 2681 1351 2746; x_wconf 90' lang='lat' dir='ltr'><em>codicem</em></span> <span class='ocrx_word' id='word_1_78' title='bbox 1360 2687 1491 2763; x_wconf 87' lang='lat' dir='ltr'><em>praeter</em></span> <span class='ocrx_word' id='word_1_79' title='bbox 1507 2682 1688 2750; x_wconf 84' lang='lat' dir='ltr'><em>Galbanum</em></span> <span class='ocrx_word' id='word_1_80' title='bbox 1707 2683 1847 2764; x_wconf 88' lang='lat' dir='ltr'><em>(membr.</em></span> <span class='ocrx_word' id='word_1_81' title='bbox 1865 2682 1912 2748; x_wconf 92' lang='grc' dir='ltr'><em>Π.</em></span> <span class='ocrx_word' id='word_1_82' title='bbox 1964 2679 1969 2690; x_wconf 86' lang='grc'><strong>’</strong></span> 
     </span>
     <span class='ocr_line' id='line_1_9' title="bbox 261 2799 1914 2884; baseline 0.001 -19"><span class='ocrx_word' id='word_1_83' title='bbox 261 2799 324 2867; x_wconf 86' lang='grc' dir='ltr'><em>Νο.</em></span> <span class='ocrx_word' id='word_1_84' title='bbox 341 2803 419 2880; x_wconf 86' lang='grc'><strong><em>189)</em></strong></span> <span class='ocrx_word' id='word_1_85' title='bbox 433 2801 500 2883; x_wconf 91' lang='lat' dir='ltr'><em>ipse</em></span> <span class='ocrx_word' id='word_1_86' title='bbox 514 2802 650 2882; x_wconf 82' lang='lat' dir='ltr'><em>inspeui,</em></span> <span class='ocrx_word' id='word_1_87' title='bbox 672 2805 709 2865; x_wconf 92' lang='lat' dir='ltr'><em>nt</em></span> <span class='ocrx_word' id='word_1_88' title='bbox 724 2821 834 2868; x_wconf 75' lang='lat' dir='ltr'><em>onear</em></span> <span class='ocrx_word' id='word_1_89' title='bbox 858 2823 898 2866; x_wconf 93' lang='lat' dir='ltr'><em>no</em></span> <span class='ocrx_word' id='word_1_90' title='bbox 919 2803 964 2868; x_wconf 88' lang='lat' dir='ltr'><em>eis</em></span> <span class='ocrx_word' id='word_1_91' title='bbox 973 2803 1161 2884; x_wconf 92' lang='lat' dir='ltr'><em>praesertim</em></span> <span class='ocrx_word' id='word_1_92' title='bbox 1178 2803 1253 2867; x_wconf 89' lang='lat' dir='ltr'><em>locis</em></span> <span class='ocrx_word' id='word_1_93' title='bbox 1268 2804 1448 2881; x_wconf 69' lang='lat' dir='ltr'><em>orannim,</em></span> <span class='ocrx_word' id='word_1_94' title='bbox 1472 2803 1525 2866; x_wconf 85' lang='lat' dir='ltr'><em>nbi</em></span> <span class='ocrx_word' id='word_1_95' title='bbox 1539 2802 1762 2884; x_wconf 83' lang='lat' dir='ltr'><em>descriptiones</em></span> <span class='ocrx_word' id='word_1_96' title='bbox 1776 2804 1914 2869; x_wconf 90' lang='lat' dir='ltr'><em>codicum</em></span> 
     </span>
     <span class='ocr_line' id='line_1_10' title="bbox 263 2922 1914 3008; baseline 0.002 -24"><span class='ocrx_word' id='word_1_97' title='bbox 263 2922 352 2985; x_wconf 85' lang='lat' dir='ltr'><em>bodie</em></span> <span class='ocrx_word' id='word_1_98' title='bbox 366 2922 516 2987; x_wconf 87' lang='lat' dir='ltr'><em>obsoletae</em></span> <span class='ocrx_word' id='word_1_99' title='bbox 531 2923 579 2986; x_wconf 87' lang='lat' dir='ltr'><em>vel</em></span> <span class='ocrx_word' id='word_1_100' title='bbox 593 2922 720 2987; x_wconf 84' lang='lat' dir='ltr'><em>scbedao</em></span> <span class='ocrx_word' id='word_1_101' title='bbox 742 2944 856 3001; x_wconf 90' lang='lat' dir='ltr'><em>eorum,</em></span> <span class='ocrx_word' id='word_1_102' title='bbox 879 2925 934 3005; x_wconf 85' lang='lat' dir='ltr'><em>qni</em></span> <span class='ocrx_word' id='word_1_103' title='bbox 955 2923 1036 2988; x_wconf 86' lang='lat' dir='ltr'><em>banc</em></span> <span class='ocrx_word' id='word_1_104' title='bbox 1050 2923 1215 2987; x_wconf 89' lang='lat' dir='ltr'><em>editionem</em></span> <span class='ocrx_word' id='word_1_105' title='bbox 1224 2927 1432 3002; x_wconf 85' lang='lat' dir='ltr'><em>paraverunt,</em></span> <span class='ocrx_word' id='word_1_106' title='bbox 1454 2925 1575 2989; x_wconf 78' lang='lat' dir='ltr'><em>nunini</em></span> <span class='ocrx_word' id='word_1_107' title='bbox 1596 2925 1663 2988; x_wconf 89' lang='lat' dir='ltr'><em>nisi</em></span> <span class='ocrx_word' id='word_1_108' title='bbox 1684 2924 1764 3008; x_wconf 86' lang='lat' dir='ltr'><em>ipsis</em></span> <span class='ocrx_word' id='word_1_109' title='bbox 1778 2925 1914 2989; x_wconf 89' lang='lat' dir='ltr'><em>auctori-</em></span> 
     </span>
     <span class='ocr_line' id='line_1_11' title="bbox 263 3042 1915 3126; baseline 0.001 -19"><span class='ocrx_word' id='word_1_110' title='bbox 263 3044 322 3107; x_wconf 86' lang='lat' dir='ltr'><em>bus</em></span> <span class='ocrx_word' id='word_1_111' title='bbox 339 3043 524 3124; x_wconf 78' lang='lat' dir='ltr'><em>perspicuae</em></span> <span class='ocrx_word' id='word_1_112' title='bbox 538 3043 713 3108; x_wconf 81' lang='lat' dir='ltr'><em>eastabant.</em></span> <span class='ocrx_word' id='word_1_113' title='bbox 747 3044 985 3108; x_wconf 85' lang='lat' dir='ltr'><em>Antecessornm</em></span> <span class='ocrx_word' id='word_1_114' title='bbox 999 3063 1120 3108; x_wconf 88' lang='lat' dir='ltr'><em>errores</em></span> <span class='ocrx_word' id='word_1_115' title='bbox 1135 3042 1239 3124; x_wconf 80' lang='lat' dir='ltr'><em>quood</em></span> <span class='ocrx_word' id='word_1_116' title='bbox 1250 3043 1323 3124; x_wconf 77' lang='lat' dir='ltr'><em>fieri</em></span> <span class='ocrx_word' id='word_1_117' title='bbox 1341 3044 1444 3123; x_wconf 88' lang='lat' dir='ltr'><em>potnit</em></span> <span class='ocrx_word' id='word_1_118' title='bbox 1460 3045 1646 3126; x_wconf 83' lang='lat' dir='ltr'><em>pleramque</em></span> <span class='ocrx_word' id='word_1_119' title='bbox 1669 3046 1760 3110; x_wconf 87' lang='lat' dir='ltr'><em>tacite</em></span> <span class='ocrx_word' id='word_1_120' title='bbox 1783 3045 1915 3122; x_wconf 76' lang='lat' dir='ltr'><em>correxi,</em></span> 
     </span>
     <span class='ocr_line' id='line_1_12' title="bbox 262 3161 1916 3262; baseline 0.001 -35"><span class='ocrx_word' id='word_1_121' title='bbox 262 3167 299 3227; x_wconf 89' lang='lat' dir='ltr'><em>nt</em></span> <span class='ocrx_word' id='word_1_122' title='bbox 322 3164 383 3229; x_wconf 87' lang='lat' dir='ltr'><em>tale</em></span> <span class='ocrx_word' id='word_1_123' title='bbox 405 3163 482 3244; x_wconf 82' lang='lat' dir='ltr'><em>qnid</em></span> <span class='ocrx_word' id='word_1_124' title='bbox 496 3183 712 3244; x_wconf 87' lang='lat' dir='ltr'><em>proponerem,</em></span> <span class='ocrx_word' id='word_1_125' title='bbox 736 3184 797 3245; x_wconf 79' lang='lat' dir='ltr'><em>qno</em></span> <span class='ocrx_word' id='word_1_126' title='bbox 817 3163 894 3244; x_wconf 77' lang='lat' dir='ltr'><em>sulti</em></span> <span class='ocrx_word' id='word_1_127' title='bbox 915 3164 976 3228; x_wconf 89' lang='lat' dir='ltr'><em>alii</em></span> <span class='ocrx_word' id='word_1_128' title='bbox 998 3164 1033 3226; x_wconf 90' lang='lat' dir='ltr'><em>in</em></span> <span class='ocrx_word' id='word_1_129' title='bbox 1055 3164 1137 3262; x_wconf 82' lang='lat' dir='ltr'><em>banc</em></span> <span class='ocrx_word' id='word_1_130' title='bbox 1159 3161 1560 3244; x_wconf 78' lang='lat' dir='ltr'><em>rnateriam&#39;disficillimam</em></span> <span class='ocrx_word' id='word_1_131' title='bbox 1575 3166 1674 3230; x_wconf 90' lang='lat' dir='ltr'><em>altius</em></span> <span class='ocrx_word' id='word_1_132' title='bbox 1688 3169 1897 3246; x_wconf 87' lang='lat' dir='ltr'><em>penetrarent</em></span> <span class='ocrx_word' id='word_1_133' title='bbox 1904 3186 1916 3243; x_wconf 91' lang='lat'><em>;</em></span> 
     </span>
     <span class='ocr_line' id='line_1_13' title="bbox 265 3257 1577 3366; baseline 0.002 -18"><span class='ocrx_word' id='word_1_134' title='bbox 265 3284 298 3348; x_wconf 88' lang='lat' dir='ltr'><em>si</em></span> <span class='ocrx_word' id='word_1_135' title='bbox 318 3284 384 3366; x_wconf 89' lang='lat' dir='ltr'><em>ipse</em></span> <span class='ocrx_word' id='word_1_136' title='bbox 406 3284 513 3349; x_wconf 84' lang='lat' dir='ltr'><em>erravi</em></span> <span class='ocrx_word' id='word_1_137' title='bbox 534 3283 582 3347; x_wconf 87' lang='lat' dir='ltr'><em>vel</em></span> <span class='ocrx_word' id='word_1_138' title='bbox 603 3284 716 3365; x_wconf 80' lang='lat' dir='ltr'><em>aliquo</em></span> <span class='ocrx_word' id='word_1_139' title='bbox 738 3284 844 3348; x_wconf 90' lang='lat' dir='ltr'><em>minus</em></span> <span class='ocrx_word' id='word_1_140' title='bbox 865 3289 945 3348; x_wconf 87' lang='lat' dir='ltr'><em>recte</em></span> <span class='ocrx_word' id='word_1_141' title='bbox 966 3284 1111 3362; x_wconf 86' lang='lat' dir='ltr'><em>disserui,</em></span> <span class='ocrx_word' id='word_1_142' title='bbox 1129 3283 1307 3365; x_wconf 87' lang='lat' dir='ltr'><em>periculum</em></span> <span class='ocrx_word' id='word_1_143' title='bbox 1328 3284 1363 3346; x_wconf 90' lang='lat' dir='ltr'><em>in</em></span> <span class='ocrx_word' id='word_1_144' title='bbox 1385 3305 1432 3348; x_wconf 91' lang='lat' dir='ltr'><em>mo</em></span> <span class='ocrx_word' id='word_1_145' title='bbox 1453 3257 1577 3366; x_wconf 87' lang='lat' dir='ltr'><em>recipio.</em></span> 
     </span>
    </p>

    <p class='ocr_par' dir='ltr' id='par_1_4' title="bbox 257 3403 1916 4089">
     <span class='ocr_line' id='line_1_14' title="bbox 373 3403 1916 3487; baseline 0 -17"><span class='ocrx_word' id='word_1_146' title='bbox 373 3403 486 3470; x_wconf 84' lang='lat' dir='ltr'><em>Restat</em></span> <span class='ocrx_word' id='word_1_147' title='bbox 511 3409 546 3468; x_wconf 88' lang='lat' dir='ltr'><em>ut</em></span> <span class='ocrx_word' id='word_1_148' title='bbox 574 3405 653 3468; x_wconf 85' lang='lat' dir='ltr'><em>airis</em></span> <span class='ocrx_word' id='word_1_149' title='bbox 681 3405 779 3470; x_wconf 88' lang='lat' dir='ltr'><em>doctis</em></span> <span class='ocrx_word' id='word_1_150' title='bbox 805 3405 928 3486; x_wconf 76' lang='lat' dir='ltr'><em>pretias</em></span> <span class='ocrx_word' id='word_1_151' title='bbox 949 3425 1054 3487; x_wconf 63' lang='lat' dir='ltr'><em>apanu</em></span> <span class='ocrx_word' id='word_1_152' title='bbox 1084 3405 1139 3485; x_wconf 83' lang='lat' dir='ltr'><em>qni</em></span> <span class='ocrx_word' id='word_1_153' title='bbox 1167 3405 1201 3467; x_wconf 91' lang='lat' dir='ltr'><em>in</em></span> <span class='ocrx_word' id='word_1_154' title='bbox 1229 3403 1285 3468; x_wconf 85' lang='lat' dir='ltr'><em>boc</em></span> <span class='ocrx_word' id='word_1_155' title='bbox 1313 3424 1401 3484; x_wconf 84' lang='lat' dir='ltr'><em>opere</em></span> <span class='ocrx_word' id='word_1_156' title='bbox 1425 3405 1614 3487; x_wconf 69' lang='lat' dir='ltr'><em>persiciendo</em></span> <span class='ocrx_word' id='word_1_157' title='bbox 1634 3426 1690 3470; x_wconf 89' lang='lat' dir='ltr'><em>scu</em></span> <span class='ocrx_word' id='word_1_158' title='bbox 1711 3405 1840 3471; x_wconf 88' lang='lat' dir='ltr'><em>consilio</em></span> <span class='ocrx_word' id='word_1_159' title='bbox 1861 3425 1916 3470; x_wconf 89' lang='lat' dir='ltr'><em>sen</em></span> 
     </span>
     <span class='ocr_line' id='line_1_15' title="bbox 261 3523 1916 3607; baseline 0.001 -17"><span class='ocrx_word' id='word_1_160' title='bbox 261 3546 360 3607; x_wconf 90' lang='lat' dir='ltr'><em>opera</em></span> <span class='ocrx_word' id='word_1_161' title='bbox 381 3547 427 3590; x_wconf 89' lang='lat' dir='ltr'><em>me</em></span> <span class='ocrx_word' id='word_1_162' title='bbox 448 3525 646 3604; x_wconf 83' lang='lat' dir='ltr'><em>adiuverunt,</em></span> <span class='ocrx_word' id='word_1_163' title='bbox 669 3523 706 3589; x_wconf 92' lang='lat' dir='ltr'><em>P.</em></span> <span class='ocrx_word' id='word_1_164' title='bbox 723 3525 844 3590; x_wconf 81' lang='lat' dir='ltr'><em>Achata</em></span> <span class='ocrx_word' id='word_1_165' title='bbox 866 3527 985 3593; x_wconf 83' lang='lat' dir='ltr'><em>scilicet</em></span> <span class='ocrx_word' id='word_1_166' title='bbox 1007 3526 1041 3592; x_wconf 80' lang='lat' dir='ltr'><em>S.</em></span> <span class='ocrx_word' id='word_1_167' title='bbox 1058 3525 1157 3590; x_wconf 89' lang='lat' dir='ltr'><em>Pauli</em></span> <span class='ocrx_word' id='word_1_168' title='bbox 1179 3525 1213 3588; x_wconf 89' lang='lat' dir='ltr'><em>in</em></span> <span class='ocrx_word' id='word_1_169' title='bbox 1235 3525 1413 3590; x_wconf 85' lang='lat' dir='ltr'><em>Karintbia</em></span> <span class='ocrx_word' id='word_1_170' title='bbox 1435 3526 1674 3606; x_wconf 75' lang='lat' dir='ltr'><em>bibliothecario,</em></span> <span class='ocrx_word' id='word_1_171' title='bbox 1696 3526 1784 3592; x_wconf 81' lang='lat' dir='ltr'><em>Finlc</em></span> <span class='ocrx_word' id='word_1_172' title='bbox 1806 3526 1916 3592; x_wconf 77' lang='lat' dir='ltr'><em>Bunc-</em></span> 
     </span>
     <span class='ocr_line' id='line_1_16' title="bbox 260 3644 1916 3732; baseline 0.001 -21"><span class='ocrx_word' id='word_1_173' title='bbox 260 3647 411 3724; x_wconf 88' lang='lat' dir='ltr'><em>laviensi,</em></span> <span class='ocrx_word' id='word_1_174' title='bbox 436 3645 572 3728; x_wconf 79' lang='lat' dir='ltr'><em>Georpcs</em></span> <span class='ocrx_word' id='word_1_175' title='bbox 597 3644 755 3723; x_wconf 73' lang='lat' dir='ltr'><em>(loliano,</em></span> <span class='ocrx_word' id='word_1_176' title='bbox 786 3646 845 3710; x_wconf 79' lang='lat' dir='ltr'><em>Tb.</em></span> <span class='ocrx_word' id='word_1_177' title='bbox 861 3645 985 3726; x_wconf 88' lang='lat' dir='ltr'><em>Hampe</em></span> <span class='ocrx_word' id='word_1_178' title='bbox 1006 3645 1275 3727; x_wconf 81' lang='lat' dir='ltr'><em>Norimberpcnsi,</em></span> <span class='ocrx_word' id='word_1_179' title='bbox 1301 3646 1482 3712; x_wconf 85' lang='lat' dir='ltr'><em>Hautbaler</em></span> <span class='ocrx_word' id='word_1_180' title='bbox 1505 3649 1538 3715; x_wconf 82' lang='grc'><em>8.</em></span> <span class='ocrx_word' id='word_1_181' title='bbox 1554 3647 1644 3713; x_wconf 86' lang='lat' dir='ltr'><em>Petri</em></span> <span class='ocrx_word' id='word_1_182' title='bbox 1665 3647 1916 3732; x_wconf 79' lang='lat' dir='ltr'><em>Salisbnrpensis</em></span> 
     </span>
     <span class='ocr_line' id='line_1_17' title="bbox 259 3764 1913 3855; baseline 0.001 -22"><span class='ocrx_word' id='word_1_183' title='bbox 259 3766 510 3842; x_wconf 71' lang='lat' dir='ltr'><em>bibliothecario,</em></span> <span class='ocrx_word' id='word_1_184' title='bbox 547 3765 669 3832; x_wconf 89' lang='lat' dir='ltr'><em>Holder</em></span> <span class='ocrx_word' id='word_1_185' title='bbox 710 3764 951 3843; x_wconf 81' lang='lat' dir='ltr'><em>Garlsrubensi,</em></span> <span class='ocrx_word' id='word_1_186' title='bbox 988 3765 1155 3830; x_wconf 85' lang='lat' dir='ltr'><em>Leitscbub</em></span> <span class='ocrx_word' id='word_1_187' title='bbox 1192 3765 1433 3849; x_wconf 83' lang='lat' dir='ltr'><em>Bamberpensi,</em></span> <span class='ocrx_word' id='word_1_188' title='bbox 1471 3769 1660 3855; x_wconf 81' lang='lat' dir='ltr'><em>Molbuysen</em></span> <span class='ocrx_word' id='word_1_189' title='bbox 1697 3769 1913 3852; x_wconf 80' lang='lat' dir='ltr'><em>Lupdunensi,</em></span> 
     </span>
     <span class='ocr_line' id='line_1_18' title="bbox 262 3885 1915 3970; baseline -0.001 -18"><span class='ocrx_word' id='word_1_190' title='bbox 262 3886 419 3952; x_wconf 65' lang='lat' dir='ltr'><em>temam</em></span> <span class='ocrx_word' id='word_1_191' title='bbox 433 3885 607 3969; x_wconf 77' lang='lat' dir='ltr'><em>Haopensi,</em></span> <span class='ocrx_word' id='word_1_192' title='bbox 628 3885 736 3952; x_wconf 79' lang='lat' dir='ltr'><em>Weeke</em></span> <span class='ocrx_word' id='word_1_193' title='bbox 751 3885 941 3950; x_wconf 87' lang='lat' dir='ltr'><em>Hocniensi.</em></span> <span class='ocrx_word' id='word_1_194' title='bbox 972 3887 1063 3950; x_wconf 87' lang='lat' dir='ltr'><em>Inter</em></span> <span class='ocrx_word' id='word_1_195' title='bbox 1078 3905 1183 3951; x_wconf 80' lang='lat' dir='ltr'><em>munes</em></span> <span class='ocrx_word' id='word_1_196' title='bbox 1202 3907 1273 3951; x_wconf 87' lang='lat' dir='ltr'><em>uero</em></span> <span class='ocrx_word' id='word_1_197' title='bbox 1291 3889 1414 3952; x_wconf 79' lang='lat' dir='ltr'><em>excellit</em></span> <span class='ocrx_word' id='word_1_198' title='bbox 1427 3889 1469 3953; x_wconf 85' lang='grc' dir='ltr'><em>Ε.</em></span> <span class='ocrx_word' id='word_1_199' title='bbox 1485 3889 1592 3954; x_wconf 76' lang='lat' dir='ltr'><em>Seekel</em></span> <span class='ocrx_word' id='word_1_200' title='bbox 1606 3889 1835 3967; x_wconf 89' lang='lat' dir='ltr'><em>Berclinensis,</em></span> <span class='ocrx_word' id='word_1_201' title='bbox 1859 3889 1915 3970; x_wconf 83' lang='lat' dir='ltr'><em>qui</em></span> 
     </span>
     <span class='ocr_line' id='line_1_19' title="bbox 257 4006 854 4089; baseline 0 -17"><span class='ocrx_word' id='word_1_202' title='bbox 257 4027 436 4088; x_wconf 79' lang='lat' dir='ltr'><em>numquam</em></span> <span class='ocrx_word' id='word_1_203' title='bbox 451 4007 623 4071; x_wconf 86' lang='lat' dir='ltr'><em>sciscitanti</em></span> <span class='ocrx_word' id='word_1_204' title='bbox 645 4006 723 4071; x_wconf 84' lang='lat' dir='ltr'><em>mibi</em></span> <span class='ocrx_word' id='word_1_205' title='bbox 745 4007 854 4089; x_wconf 79' lang='lat' dir='ltr'><em>defuit.</em></span> 
     </span>
    </p>
   </div>
   <div class='ocr_carea' id='block_1_3' title="bbox 1371 4202 1813 4296">
    <p class='ocr_par' dir='ltr' id='par_1_5' title="bbox 1371 4202 1813 4296">
     <span class='ocr_line' id='line_1_20' title="bbox 1371 4202 1813 4296; baseline -0.002 -20"><span class='ocrx_word' id='word_1_206' title='bbox 1371 4206 1534 4279; x_wconf 82' lang='lat' dir='ltr'><em>Atbertas</em></span> <span class='ocrx_word' id='word_1_207' title='bbox 1564 4202 1813 4296; x_wconf 76' lang='lat' dir='ltr'><em>Werrninpboffl</em></span> 
     </span>
    </p>
   </div>
   <div class='ocr_carea' id='block_1_4' title="bbox 695 4625 1357 4745">
    <p class='ocr_par' dir='ltr' id='par_1_6' title="bbox 695 4625 1357 4745">
     <span class='ocr_line' id='line_1_21' title="bbox 695 4625 1357 4745; baseline 0.003 -27"><span class='ocrx_word' id='word_1_208' title='bbox 695 4663 697 4666; x_wconf 93' lang='lat'>·</span> <span class='ocrx_word' id='word_1_209' title='bbox 827 4625 1007 4719; x_wconf 84' lang='lat' dir='ltr'><em>Codices</em></span> <span class='ocrx_word' id='word_1_210' title='bbox 1035 4627 1357 4745; x_wconf 83' lang='lat' dir='ltr'><em>manuscripti.</em></span> 
     </span>
    </p>
   </div>
   <div class='ocr_carea' id='block_1_5' title="bbox 256 4813 1922 5505">
    <p class='ocr_par' dir='ltr' id='par_1_7' title="bbox 256 4813 1921 5212">
     <span class='ocr_line' id='line_1_22' title="bbox 380 4813 1918 4901; baseline 0 -21"><span class='ocrx_word' id='word_1_211' title='bbox 380 4813 502 4880; x_wconf 73' lang='lat' dir='ltr'><em>cocae</em></span> <span class='ocrx_word' id='word_1_212' title='bbox 530 4816 829 4883; x_wconf 80' lang='lat' dir='ltr'><em>Abrincatensis</em></span> <span class='ocrx_word' id='word_1_213' title='bbox 852 4819 914 4882; x_wconf 79' lang='lat'><em>145</em></span> <span class='ocrx_word' id='word_1_214' title='bbox 939 4819 1144 4901; x_wconf 77' lang='lat' dir='ltr'><em>(antea121,</em></span> <span class='ocrx_word' id='word_1_215' title='bbox 1172 4818 1246 4883; x_wconf 89' lang='lat' dir='ltr'><em>olim</em></span> <span class='ocrx_word' id='word_1_216' title='bbox 1267 4817 1452 4883; x_wconf 89' lang='lat' dir='ltr'><em>monasterii</em></span> <span class='ocrx_word' id='word_1_217' title='bbox 1474 4815 1505 4881; x_wconf 79' lang='lat' dir='ltr'><em>S.</em></span> <span class='ocrx_word' id='word_1_218' title='bbox 1527 4815 1699 4881; x_wconf 77' lang='lat' dir='ltr'><em>Michaelis</em></span> <span class='ocrx_word' id='word_1_219' title='bbox 1720 4816 1757 4879; x_wconf 90' lang='lat' dir='ltr'><em>de</em></span> <span class='ocrx_word' id='word_1_220' title='bbox 1772 4815 1918 4897; x_wconf 83' lang='lat' dir='ltr'><em>periculo</em></span> 
     </span>
     <span class='ocr_line' id='line_1_23' title="bbox 261 4917 1921 5007; baseline -0.003 -21"><span class='ocrx_word' id='word_1_221' title='bbox 261 4923 392 5004; x_wconf 83' lang='lat' dir='ltr'><em>maris),</em></span> <span class='ocrx_word' id='word_1_222' title='bbox 414 4920 539 4983; x_wconf 83' lang='lat' dir='ltr'><em>membr.</em></span> <span class='ocrx_word' id='word_1_223' title='bbox 563 4921 912 5006; x_wconf 80' lang='lat' dir='ltr'><em>soec.XII.,fol.110</em></span> <span class='ocrx_word' id='word_1_224' title='bbox 934 4923 970 4986; x_wconf 93' lang='lat' dir='ltr'><em>in</em></span> <span class='ocrx_word' id='word_1_225' title='bbox 991 4926 1042 5000; x_wconf 73' lang='lat'><em>4⁰;</em></span> <span class='ocrx_word' id='word_1_226' title='bbox 1070 4923 1130 5007; x_wconf 79' lang='lat' dir='ltr'><em>cfr.</em></span> <span class='ocrx_word' id='word_1_227' title='bbox 1154 4922 1293 4986; x_wconf 74' lang='lat' dir='ltr'><em>‘Arellio&#39;</em></span> <span class='ocrx_word' id='word_1_228' title='bbox 1316 4921 1410 4998; x_wconf 91' lang='lat' dir='ltr'><em>VIII,</em></span> <span class='ocrx_word' id='word_1_229' title='bbox 1430 4943 1465 5004; x_wconf 88' lang='lat' dir='ltr'><em>p.</em></span> <span class='ocrx_word' id='word_1_230' title='bbox 1481 4923 1561 4997; x_wconf 81' lang='grc'><strong><em>382;</em></strong></span> <span class='ocrx_word' id='word_1_231' title='bbox 1592 4917 1773 5000; x_wconf 82' lang='lat' dir='ltr'><em>‘Catalopne</em></span> <span class='ocrx_word' id='word_1_232' title='bbox 1793 4918 1921 5000; x_wconf 75' lang='lat' dir='ltr'><em>piniral</em></span> 
     </span>
     <span class='ocr_line' id='line_1_24' title="bbox 262 5021 1920 5108; baseline -0.003 -16"><span class='ocrx_word' id='word_1_233' title='bbox 262 5027 322 5092; x_wconf 84' lang='lat' dir='ltr'><em>des</em></span> <span class='ocrx_word' id='word_1_234' title='bbox 343 5024 536 5089; x_wconf 86' lang='lat' dir='ltr'><em>manuscrits</em></span> <span class='ocrx_word' id='word_1_235' title='bbox 558 5025 612 5088; x_wconf 87' lang='lat' dir='ltr'><em>des</em></span> <span class='ocrx_word' id='word_1_236' title='bbox 637 5025 856 5106; x_wconf 73' lang='lat' dir='ltr'><em>bibliotbiqnes</em></span> <span class='ocrx_word' id='word_1_237' title='bbox 878 5025 916 5090; x_wconf 85' lang='lat' dir='ltr'><em>de</em></span> <span class='ocrx_word' id='word_1_238' title='bbox 938 5025 1079 5104; x_wconf 81' lang='lat' dir='ltr'><em>Franco,</em></span> <span class='ocrx_word' id='word_1_239' title='bbox 1112 5025 1360 5108; x_wconf 86' lang='lat' dir='ltr'><em>De‘partements&#39;</em></span> <span class='ocrx_word' id='word_1_240' title='bbox 1381 5025 1428 5102; x_wconf 91' lang='lat' dir='ltr'><em>X,</em></span> <span class='ocrx_word' id='word_1_241' title='bbox 1454 5046 1489 5106; x_wconf 86' lang='lat' dir='ltr'><em>p.</em></span> <span class='ocrx_word' id='word_1_242' title='bbox 1513 5027 1626 5104; x_wconf 61' lang='lat' dir='ltr'><em>eosq,</em></span> <span class='ocrx_word' id='word_1_243' title='bbox 1658 5021 1740 5088; x_wconf 74' lang='lat' dir='ltr'><em>Mo.</em></span> <span class='ocrx_word' id='word_1_244' title='bbox 1763 5022 1868 5104; x_wconf 79' lang='lat' dir='ltr'><em>Cepit.</em></span> <span class='ocrx_word' id='word_1_245' title='bbox 1890 5022 1920 5099; x_wconf 93' lang='lat' dir='ltr'><em>I,</em></span> 
     </span>
     <span class='ocr_line' id='line_1_25' title="bbox 256 5127 1120 5212; baseline 0 -20"><span class='ocrx_word' id='word_1_246' title='bbox 256 5152 297 5212; x_wconf 80' lang='lat' dir='ltr'><em>p.</em></span> <span class='ocrx_word' id='word_1_247' title='bbox 313 5130 378 5192; x_wconf 87' lang='lat'><em>391</em></span> <span class='ocrx_word' id='word_1_248' title='bbox 399 5129 461 5194; x_wconf 88' lang='lat' dir='ltr'><em>No.</em></span> <span class='ocrx_word' id='word_1_249' title='bbox 476 5131 529 5194; x_wconf 84' lang='lat'><em>25.</em></span> <span class='ocrx_word' id='word_1_250' title='bbox 574 5129 711 5193; x_wconf 83' lang='lat' dir='ltr'><em>Eubibet</em></span> <span class='ocrx_word' id='word_1_251' title='bbox 726 5129 883 5211; x_wconf 61' lang='lat' dir='ltr'><em>,Ansepisi</em></span> <span class='ocrx_word' id='word_1_252' title='bbox 906 5127 1120 5193; x_wconf 86' lang='lat' dir='ltr'><em>collectionem.</em></span> 
     </span>
    </p>

    <p class='ocr_par' dir='ltr' id='par_1_8' title="bbox 264 5228 1922 5505">
     <span class='ocr_line' id='line_1_26' title="bbox 380 5228 1922 5316; baseline -0.005 -19"><span class='ocrx_word' id='word_1_253' title='bbox 380 5231 503 5298; x_wconf 74' lang='lat' dir='ltr'><em>Codex</em></span> <span class='ocrx_word' id='word_1_254' title='bbox 524 5232 799 5297; x_wconf 80' lang='lat' dir='ltr'><em>Admontonsis</em></span> <span class='ocrx_word' id='word_1_255' title='bbox 823 5235 887 5298; x_wconf 80' lang='lat'><em>712</em></span> <span class='ocrx_word' id='word_1_256' title='bbox 915 5237 1025 5315; x_wconf 89' lang='lat' dir='ltr'><em>(antea</em></span> <span class='ocrx_word' id='word_1_257' title='bbox 1048 5234 1114 5316; x_wconf 84' lang='lat'><em>55),</em></span> <span class='ocrx_word' id='word_1_258' title='bbox 1144 5233 1271 5297; x_wconf 82' lang='lat' dir='ltr'><em>ucenabr.</em></span> <span class='ocrx_word' id='word_1_259' title='bbox 1293 5253 1373 5295; x_wconf 92' lang='lat' dir='ltr'><em>saec.</em></span> <span class='ocrx_word' id='word_1_260' title='bbox 1396 5228 1619 5298; x_wconf 81' lang='lat' dir='ltr'><em>XL-XIII.</em></span> <span class='ocrx_word' id='word_1_261' title='bbox 1643 5229 1844 5307; x_wconf 88' lang='lat' dir='ltr'><em>compositus,</em></span> <span class='ocrx_word' id='word_1_262' title='bbox 1871 5232 1922 5307; x_wconf 76' lang='lat'><em>4⁰;</em></span> 
     </span>
     <span class='ocr_line' id='line_1_27' title="bbox 264 5329 1920 5422; baseline -0.002 -24"><span class='ocrx_word' id='word_1_263' title='bbox 264 5335 330 5422; x_wconf 74' lang='lat' dir='ltr'><em>cfr.</em></span> <span class='ocrx_word' id='word_1_264' title='bbox 361 5335 499 5400; x_wconf 81' lang='lat' dir='ltr'><em>‘Arabio&#39;</em></span> <span class='ocrx_word' id='word_1_265' title='bbox 514 5335 588 5414; x_wconf 66' lang='lat' dir='ltr'><em>VI,</em></span> <span class='ocrx_word' id='word_1_266' title='bbox 604 5357 640 5416; x_wconf 92' lang='lat' dir='ltr'><em>p.</em></span> <span class='ocrx_word' id='word_1_267' title='bbox 663 5339 726 5398; x_wconf 93' lang='grc'><em>180</em></span> <span class='ocrx_word' id='word_1_268' title='bbox 740 5357 795 5417; x_wconf 81' lang='lat' dir='ltr'><em>sq,</em></span> <span class='ocrx_word' id='word_1_269' title='bbox 832 5336 878 5413; x_wconf 89' lang='lat' dir='ltr'><em>X,</em></span> <span class='ocrx_word' id='word_1_270' title='bbox 901 5357 938 5416; x_wconf 92' lang='lat' dir='ltr'><em>p.</em></span> <span class='ocrx_word' id='word_1_271' title='bbox 960 5339 1098 5417; x_wconf 72' lang='lat' dir='ltr'><em>643sq„</em></span> <span class='ocrx_word' id='word_1_272' title='bbox 1136 5336 1203 5413; x_wconf 88' lang='lat' dir='ltr'><em>XI,</em></span> <span class='ocrx_word' id='word_1_273' title='bbox 1228 5356 1262 5416; x_wconf 89' lang='lat' dir='ltr'><em>p.</em></span> <span class='ocrx_word' id='word_1_274' title='bbox 1287 5337 1445 5415; x_wconf 80' lang='lat' dir='ltr'><em>572sqq.;</em></span> <span class='ocrx_word' id='word_1_275' title='bbox 1482 5329 1565 5397; x_wconf 73' lang='grc' dir='ltr'><em>ΜΘ.</em></span> <span class='ocrx_word' id='word_1_276' title='bbox 1593 5331 1662 5394; x_wconf 90' lang='lat' dir='ltr'><em>LL.</em></span> <span class='ocrx_word' id='word_1_277' title='bbox 1690 5330 1764 5412; x_wconf 92' lang='lat'><em>111,</em></span> <span class='ocrx_word' id='word_1_278' title='bbox 1790 5351 1825 5410; x_wconf 87' lang='lat' dir='ltr'><em>p.</em></span> <span class='ocrx_word' id='word_1_279' title='bbox 1848 5334 1920 5394; x_wconf 90' lang='grc'><strong><em>188.</em></strong></span> 
     </span>
     <span class='ocr_line' id='line_1_28' title="bbox 265 5437 574 5505; baseline 0.003 -1"><span class='ocrx_word' id='word_1_280' title='bbox 265 5437 404 5504; x_wconf 81' lang='lat' dir='ltr'><em>Praebet</em></span> <span class='ocrx_word' id='word_1_281' title='bbox 429 5437 574 5505; x_wconf 66' lang='lat'><em>011701.</em></span> 
     </span>
    </p>
   </div>
   <div class='ocr_carea' id='block_1_6' title="bbox 375 5623 1921 5697">
    <p class='ocr_par' dir='ltr' id='par_1_9' title="bbox 375 5623 1921 5697">
     <span class='ocr_line' id='line_1_29' title="bbox 375 5623 1921 5697; baseline -0.005 -14"><span class='ocrx_word' id='word_1_282' title='bbox 375 5629 402 5694; x_wconf 88' lang='lat' dir='ltr'><em>l)</em></span> <span class='ocrx_word' id='word_1_283' title='bbox 428 5627 502 5695; x_wconf 65' lang='lat' dir='ltr'><em>(lucae</em></span> <span class='ocrx_word' id='word_1_284' title='bbox 524 5628 644 5696; x_wconf 86' lang='lat' dir='ltr'><em>capitum</em></span> <span class='ocrx_word' id='word_1_285' title='bbox 663 5633 755 5697; x_wconf 85' lang='lat' dir='ltr'><em>partes</em></span> <span class='ocrx_word' id='word_1_286' title='bbox 777 5630 808 5683; x_wconf 90' lang='lat' dir='ltr'><em>in</em></span> <span class='ocrx_word' id='word_1_287' title='bbox 832 5629 966 5684; x_wconf 85' lang='lat' dir='ltr'><em>codicibus</em></span> <span class='ocrx_word' id='word_1_288' title='bbox 989 5627 1144 5694; x_wconf 86' lang='lat' dir='ltr'><em>tradantur,</em></span> <span class='ocrx_word' id='word_1_289' title='bbox 1168 5643 1200 5680; x_wconf 78' lang='lat' dir='ltr'><em>cu</em></span> <span class='ocrx_word' id='word_1_290' title='bbox 1218 5626 1393 5695; x_wconf 71' lang='lat' dir='ltr'><em>mactatione</em></span> <span class='ocrx_word' id='word_1_291' title='bbox 1415 5625 1561 5693; x_wconf 66' lang='lat' dir='ltr'><em>micurane</em></span> <span class='ocrx_word' id='word_1_292' title='bbox 1583 5623 1740 5678; x_wconf 79' lang='lat' dir='ltr'><em>documento</em></span> <span class='ocrx_word' id='word_1_293' title='bbox 1766 5623 1921 5692; x_wconf 81' lang='lat' dir='ltr'><em>anteposita</em></span> 
     </span>
    </p>
   </div>
   <div class='ocr_carea' id='block_1_7' title="bbox 260 5730 1718 5881">
    <p class='ocr_par' dir='ltr' id='par_1_10' title="bbox 260 5730 1718 5881">
     <span class='ocr_line' id='line_1_30' title="bbox 260 5730 943 5804; baseline 0.004 -21"><span class='ocrx_word' id='word_1_294' title='bbox 260 5730 383 5804; x_wconf 77' lang='lat' dir='ltr'><em>perspici</em></span> <span class='ocrx_word' id='word_1_295' title='bbox 396 5735 494 5798; x_wconf 84' lang='lat' dir='ltr'><em>potest,</em></span> <span class='ocrx_word' id='word_1_296' title='bbox 518 5731 590 5798; x_wconf 82' lang='lat' dir='ltr'><em>quod</em></span> <span class='ocrx_word' id='word_1_297' title='bbox 610 5731 659 5786; x_wconf 83' lang='lat' dir='ltr'><em>boo</em></span> <span class='ocrx_word' id='word_1_298' title='bbox 679 5733 733 5786; x_wconf 86' lang='lat' dir='ltr'><em>icoo</em></span> <span class='ocrx_word' id='word_1_299' title='bbox 753 5749 812 5786; x_wconf 91' lang='lat' dir='ltr'><em>non</em></span> <span class='ocrx_word' id='word_1_300' title='bbox 828 5733 943 5802; x_wconf 77' lang='lat' dir='ltr'><em>repetivi.</em></span> 
     </span>
     <span class='ocr_line' id='line_1_31' title="bbox 1671 5828 1718 5881; baseline 0 0"><span class='ocrx_word' id='word_1_301' title='bbox 1671 5828 1718 5881; x_wconf 74' lang='grc' dir='ltr'><em>ΙΙ*</em></span> 
     </span>
    </p>
   </div>
   <div class='ocr_carea' id='block_1_8' title="bbox 0 0 2300 6422">
    <p class='ocr_par' dir='ltr' id='par_1_11' title="bbox 0 0 2300 6422">
     <span class='ocr_line' id='line_1_32' title="bbox 0 0 2300 6422; baseline 0 0"><span class='ocrx_word' id='word_1_302' title='bbox 0 0 2300 6422; x_wconf 95' lang='lat' dir='ltr'><em> </em></span> 
     </span>
    </p>
   </div>
  </div>
 </body>
</html>
