4560 6426
412 439 473 501 '280
577 435 825 490 CAPITULARIA
845 435 972 491 REGUM
993 436 1177 492 Fatuclus
1195 435 1462 492 occrouu'ranls‘
1477 437 1625 506 (uuaoul
1639 437 1684 505 11).
1702 465 1736 474 -
1754 434 1803 488 Νι.
1815 435 1873 489 262.

333 617 391 669 856.
411 617 479 673 tum
507 611 622 688 fuerit,
657 610 740 694 quod
772 616 893 675 rectam
922 612 1080 676 rationem
1111 611 1231 696 aliquid
1261 611 1300 674 de
1330 610 1419 675 vobis
1449 631 1513 674 non
1537 612 1658 676 habeat
1680 619 1710 674 ct
1733 610 1805 694 ipsa
1835 616 1925 674 recta
1955 609 2036 673 ratio

415 714 506 777 illurn
528 715 715 794 convicerit,
742 715 828 800 quia,
853 716 880 778 si
904 736 939 778 se
964 715 1202 780 concrediderit
1225 721 1257 781 et
1281 716 1499 780 humiliaverit
1528 725 1561 780 et
1584 712 1759 780 emendare
1785 712 1923 777 voluerit
1946 719 1979 776 et
2002 713 2033 776 in

410 819 483 912 ipsa
507 817 734 882 emendatione
759 838 949 903 permanere
972 819 1122 890 voluerit,
1147 819 1233 905 quia,
1259 821 1343 883 siout
1367 840 1439 883 cum
1462 820 1527 883 suis
1551 817 1701 882 fidelibus
1724 815 1962 881 rationabiliter
1983 816 2033 880 in-

412 921 547 1000 venerit,
572 929 608 985 nt
631 921 858 985 rationabilem
880 914 1156 986 misericordiam
1180 923 1286 997 faciat,
1312 923 1488 987 voluntarie
1513 929 1646 1008 paratus
1670 928 1721 986 est
1743 920 1865 984 facere.

520 1030 550 1087 4.
588 1024 721 1089 Mandat
744 1025 847 1101 vobis,
871 1025 956 1109 quia,
981 1027 1007 1089 si
1030 1027 1148 1111 aliquis
1172 1033 1223 1090 est
1246 1026 1286 1091 de
1311 1026 1412 1100 vobis,
1436 1027 1491 1111 qui
1516 1047 1578 1090 non
1603 1048 1638 1090 sc
1662 1023 1794 1090 confidit
1817 1025 1850 1088 in
1876 1045 1934 1087 sua
1958 1043 2034 1086 con·
2065 1046 2077 1087 ι

414 1130 562 1206 scientia,
586 1135 621 1192 ut
645 1135 767 1194 rectam
785 1130 942 1194 rationem
960 1151 1094 1215 precare
1118 1137 1174 1194 aut
1197 1151 1258 1194 non
1277 1131 1385 1194 valeat
1408 1137 1465 1193 aut
1488 1149 1552 1193 non
1570 1127 1699 1202 audeat,
1724 1135 1756 1192 et
1780 1149 1815 1221 se
1834 1127 2037 1212 recognoscit

414 1241 447 1297 ot
469 1223 616 1318 pae'nitet
646 1240 679 1297 et
709 1232 961 1297 misericordiam
991 1233 1080 1297 illius
1110 1242 1144 1297 et
1172 1232 1405 1317 indulgentiam
1435 1232 1581 1317 petierit,
1609 1233 1685 1318 quia
1717 1231 1821 1312 illum,
1849 1236 1974 1296 tantum
2002 1235 2037 1293 ut

414 1338 535 1414 inante,
560 1337 644 1400 sicut
660 1335 769 1415 debet,
794 1358 829 1401 se
855 1342 978 1416 caveat,
1003 1337 1184 1400 voluntarie
1208 1336 1392 1420 unicuique,
1417 1337 1470 1420 qui
1487 1337 1532 1400 sic
1556 1357 1591 1400 se
1609 1335 1826 1420 recognoscit,
1850 1333 2035 1398 misericor-

414 1440 499 1504 diam
524 1446 557 1504 et
580 1439 813 1524 indulgentiam
838 1439 947 1504 donat.

524 1550 552 1608 5.
587 1543 723 1608 Mandat
750 1545 857 1620 vobis,
892 1551 928 1608 ut
959 1565 999 1608 ne
1034 1545 1152 1629 aliquis
1184 1543 1225 1608 dc
1259 1544 1315 1607 illo
1349 1544 1459 1608 inante
1495 1542 1636 1612 dubitet,
1670 1543 1745 1628 quia
1776 1543 1882 1628 ipsam
1913 1547 2034 1608 rectam
2055 1565 2079 1604 ιο

416 1651 583 1729 rationem,
608 1649 663 1734 qui
686 1648 773 1712 illam
798 1649 934 1733 quaerit,
959 1670 1089 1734 semper
1106 1648 1151 1711 illi
1170 1649 1238 1711 vult
1259 1668 1453 1712 conservare
1483 1655 1515 1710 et
1538 1647 1627 1711 illam
1648 1647 1913 1725 misericordiam,
1938 1669 2035 1732 quum

414 1753 510 1817 modo
533 1753 580 1817 illi
596 1751 755 1836 concedit,
778 1752 924 1817 similiter
946 1753 1034 1817 illam
1060 1773 1188 1837 semper
1212 1753 1280 1817 vult
1297 1773 1502 1830 conservare,
1525 1752 1552 1814 si
1576 1751 1630 1815 ille
1654 1751 1751 1816 aliam
1774 1752 1891 1815 iterum
1915 1750 2036 1814 talam¹¹

415 1878 547 1922 causam
581 1878 645 1922 non
679 1857 891 1934 commiserit,
931 1878 988 1942 pro
1026 1877 1090 1942 qua
1126 1877 1186 1942 per
1223 1862 1345 1920 rectam
1380 1855 1538 1919 rationem
1573 1855 1693 1920 iustum
1728 1854 1881 1918 iudicium
1917 1852 2037 1919 debeat

417 1964 586 2027 sustinere.

523 2069 553 2128 6.
588 2059 723 2129 Mandat
747 2064 847 2143 vobis,
871 2063 957 2149 quia,
980 2064 1006 2128 si
1031 2064 1147 2148 aliquis
1171 2063 1211 2128 de
1229 2063 1319 2128 vobis
1342 2064 1418 2128 talis
1443 2070 1501 2141 est,
1527 2064 1581 2148 qui
1605 2062 1701 2140 dicat,
1725 2063 2079 2149 quiapropauper·1s

418 2174 484 2232 tate
509 2175 541 2232 et
564 2159 792 2247 necessitatei,
824 2167 899 2252 quia
922 2168 1043 2230 multos
1073 2166 1142 2231 dics
1168 2167 1199 2230 in
1224 2166 1310 2231 illius
1334 2167 1470 2231 servitio
1494 2167 1582 2231 misit
1605 2173 1638 2231 et
1661 2167 1780 2245 omnia,
1806 2189 1890 2252 quae
1914 2166 2038 2244 habuit,

418 2271 598 2358 dispendit,
628 2271 668 2336 ad
693 2272 791 2336 talem
816 2271 1092 2349 coniunctionem,
1117 2276 1152 2333 ut
1175 2269 1295 2355 aliquid
1318 2270 1524 2355 impetraret,
1547 2269 1633 2356 quod
1657 2291 1716 2356 per
1740 2271 1908 2335 servitium
1933 2271 2037 2356 impe-

417 2382 503 2441 trare
528 2398 590 2440 non
613 2377 732 2463 potuit,
764 2398 798 2441 sa
824 2375 1005 2454 coniunxit,
1035 2375 1125 2460 quia,
1154 2375 1180 2438 si
1204 2374 1264 2438 hoc
1289 2379 1397 2438 nostro
1421 2375 1542 2438 seniori
1565 2382 1641 2438 ante
1666 2395 1742 2438 suos
1766 2373 1880 2439 fideles
1904 2374 2037 2438 demon-

418 2487 522 2546 strare
545 2482 705 2566 potuerit,
735 2488 769 2545 et
789 2481 850 2544 hoc
875 2480 901 2543 si
926 2500 1038 2542 verum
1062 2479 1229 2542 inventum
1259 2477 1370 2554 luerit,
1400 2476 1484 2562 quod
1515 2478 1651 2542 senioris
1683 2479 1785 2542 nostri
1811 2479 1906 2563 culpa
1929 2478 2037 2558 fuerit,

417 2582 503 2669 quod
532 2605 590 2670 per
619 2584 849 2648 necessitatem
874 2583 991 2668 aliquis
1015 2580 1055 2646 de
1078 2581 1171 2645 vobis
1196 2580 1431 2644 rationabiliter
1453 2579 1494 2644 de
1519 2581 1649 2646 servitio
1672 2579 1775 2646 illius¹
1799 2602 1834 2644 se
1858 2583 1914 2645 tali
1938 2580 2034 2646 modo
2054 2605 2080 2646 ιο

418 2688 632 2766 subtraxerit,
655 2687 730 2773 quia
760 2688 869 2752 senior
895 2692 1007 2752 noster
1033 2686 1094 2749 boc
1130 2684 1307 2749 voluntarie
1340 2684 1546 2768 recognoscit
1576 2691 1608 2748 et
1636 2705 1709 2749 cum
1740 2685 1873 2748 consilio
1902 2684 1943 2750 de
1972 2685 2039 2748 suis

418 2791 567 2857 fidelibus
591 2791 664 2868 hoc,
688 2811 784 2876 quam
808 2791 902 2855 citius
926 2797 958 2854 et
982 2789 1206 2854 rationabilius
1229 2788 1379 2873 potuerit,
1404 2783 1600 2854 emendabit.

528 2898 556 2958 7.
592 2893 726 2958 Mandat
750 2894 856 2974 vobis,
886 2895 975 2980 quia,
1006 2895 1031 2957 si
1055 2893 1171 2978 aliquis
1195 2892 1235 2956 de
1260 2893 1350 2957 vobis
1375 2892 1510 2968 dixerit,
1534 2892 1619 2978 quod
1642 2893 1721 2974 hoc,
1751 2892 1837 2979 quod
1859 2892 1952 2971 lecit,
1976 2914 2039 2957 non

417 3020 475 3084 pro
501 3018 560 3063 sua
583 2997 774 3062 infidelitate
799 3018 904 3082 neque
928 3018 986 3083 pro
1010 3018 1068 3060 sua
1091 2994 1400 3061 desinhonorantiak
1424 2996 1515 3075 fecit,
1544 3003 1577 3061 ct
1605 2997 1698 3062 timet
1726 2996 1842 3083 aliquis
1868 2996 1908 3061 de
1937 2996 2039 3074 vobis,

418 3101 503 3188 quod
526 3110 637 3166 noster
659 3103 767 3166 senior
797 3101 895 3166 alicui
925 3100 965 3164 de
990 3100 1081 3164 vobis
1110 3106 1262 3185 reputare
1295 3101 1405 3164 inante
1437 3099 1557 3165 debeat
1584 3101 1646 3165 hoc
1673 3102 1796 3166 lactum
1820 3107 1876 3166 aut
1899 3121 1956 3186 pro
1980 3122 2039 3165 sua
2058 3129 2083 3168 as

315 3263 316 3266 ,
422 3206 617 3272 infidelitate
633 3213 689 3272 aut
711 3227 852 3294 prosua
869 3205 1162 3282 desinhonorantia,
1187 3213 1220 3269 et
1236 3211 1369 3290 propter
1391 3205 1451 3269 hoc
1476 3205 1538 3269 iam
1563 3205 1648 3269 ultra
1671 3203 1711 3268 ad
1727 3204 1818 3268 illum
1842 3226 1906 3269 non
1922 3205 2043 3270 debeat

420 3312 591 3376 consilium
608 3301 792 3397 acaptaress,
816 3311 900 3395 quia,
925 3309 1168 3395 qualiscumque
1184 3308 1224 3373 de
1242 3309 1335 3372 vobis
1352 3310 1408 3372 tali
1425 3308 1520 3373 modo
1538 3310 1569 3372 in
1594 3309 1655 3373 isto
1679 3309 1765 3373 facto
1780 3309 2041 3374 commisculatus

420 3422 478 3494 est,
505 3417 531 3479 si
555 3413 678 3479 inante¹
702 3414 748 3478 illi
778 3414 824 3478 sic
853 3412 973 3478 fidelis¹
1005 3419 1038 3478 et
1066 3412 1223 3477 obediens
1255 3418 1288 3476 et
1320 3411 1447 3476 adiutor
1477 3413 1517 3476 ad
1548 3434 1642 3478 suum
1671 3433 1808 3498 regnum
1836 3421 1869 3476 et
1895 3411 2041 3477 debitum

420 3519 575 3583 honorem
604 3516 833 3582 continendum
862 3517 976 3595 fuerit,
1010 3516 1093 3580 sicut
1126 3537 1185 3602 per
1212 3523 1335 3580 rectum
1362 3516 1458 3580 horno
1487 3538 1545 3580 suo
1573 3517 1642 3603 regi
1672 3523 1705 3581 et
1728 3537 1787 3582 suo
1815 3518 1935 3582 seniori
1965 3539 2039 3582 esse

420 3623 529 3702 dehet,
554 3622 630 3707 quia
652 3621 733 3685 nulli
755 3620 795 3685 de
818 3622 879 3685 ista
903 3641 1001 3686 causa
1025 3621 1141 3686 voletm
1165 3628 1332 3706 reputare,
1356 3619 1413 3684 sed
1438 3626 1541 3684 totum
1565 3641 1607 3685 ex
1631 3620 1728 3685 corde
1751 3620 1930 3696 dimittere,
1954 3619 2084 3707 quoda

419 3727 451 3790 in
474 3726 562 3790 illius
579 3746 720 3811 persona
741 3725 773 3789 in
795 3725 857 3788 ista
881 3734 1007 3790 creusam
1024 3725 1195 3799 commisit,
1222 3731 1255 3789 ct
1270 3745 1363 3788 suum
1380 3725 1556 3801 servitium,
1580 3725 1666 3810 quod
1690 3727 1737 3789 illi
1762 3731 1794 3790 et
1817 3725 1985 3790 antefecit
2008 3731 2041 3790 et

419 3830 525 3895 adhuc
547 3829 620 3894 Deo
642 3830 775 3894 iuvante
799 3830 907 3908 saciet,
931 3828 1040 3894 debita
1064 3834 1097 3893 et
1121 3828 1357 3893 rationabiliter
1380 3828 1449 3892 vult
1472 3828 1519 3892 illi
1543 3831 1694 3894 mereri¹³.
1740 3827 1774 3892 Si
1798 3835 1909 3894 autem
1924 3829 2040 3914 aliquis

419 3936 465 3999 illi
490 3941 546 4000 aut
567 3934 664 3998 alicui
687 3934 806 3998 iniuste
829 3933 973 4012 abstulit,
997 3932 1052 3998 lex
1075 3933 1146 4013 hoo,
1172 3933 1256 3997 sicut
1278 3933 1479 3998 consuetudo
1503 3940 1536 3996 et
1559 3939 1683 3998 rectum
1707 3939 1768 4012 est,
1790 3933 1985 4020 pacificabit.

527 4040 556 4103 8.
590 4036 634 4102 Mt
657 4037 783 4115 sciatis,
815 4035 891 4120 quia
921 4037 1032 4101 senior
1058 4043 1187 4114 noster,
1211 4037 1296 4100 sicut
1324 4036 1461 4100 subinde
1491 4037 1608 4106 voluit.
1631 4036 1703 4101 Deo
1732 4037 1856 4121 gratias
1886 4058 1971 4102 nunc
1999 4038 2040 4102 ad

420 4142 539 4206 bouum
572 4141 722 4206 effectum
753 4139 907 4226 perduxit
940 4147 973 4204 et
996 4139 1124 4224 rogavit
1152 4138 1263 4204 fideles
1292 4161 1382 4220 suos,
1414 4147 1450 4204 ut
1480 4142 1549 4204 sine
1577 4141 1644 4205 ulla
1672 4141 1760 4205 mala
1788 4140 1972 4227 suspicione
2000 4141 2040 4207 de
2059 4165 2084 4204 vs

420 4245 507 4309 illius
539 4244 707 4310 iracundia
740 4253 797 4309 aut
831 4245 929 4308 animi
969 4245 1184 4309 commotione
1225 4246 1438 4310 communiter
1477 4252 1635 4330 quaerant
1672 4253 1705 4310 et
1733 4247 1908 4312 'inveniant
1943 4253 2040 4330 atque

420 4350 604 4415 describant
625 4350 705 4430 hoe,
734 4348 818 4435 quod
846 4348 902 4413 illc
932 4349 1108 4413 secundum
1137 4371 1231 4414 suum
1264 4349 1476 4414 ministerium
1507 4349 1617 4414 lacere
1645 4349 1742 4415 debet
1770 4358 1803 4414 et
1826 4371 1910 4437 quae
1933 4351 2042 4415 lacere

418 4455 510 4519 illurn
539 4476 603 4520 non
636 4453 850 4527 condeceant;
885 4457 917 4517 et
946 4453 1131 4537 ubicunque
1160 4453 1326 4516 inventum
1356 4453 1471 4532 fuerit,
1500 4451 1584 4539 quod
1613 4452 1704 4529 fecit,
1737 4452 1823 4538 quod
1846 4453 1954 4518 lacero
1977 4473 2043 4517 non

422 4558 548 4639 debuit,
583 4567 716 4646 paratus
740 4566 803 4635 est,
838 4567 875 4622 ut
904 4579 976 4621 cum
1000 4556 1063 4622 Dei
1098 4557 1258 4621 adiutorio
1277 4555 1321 4622 'et
1351 4557 1495 4623 fidelium
1520 4577 1649 4621 suorum
1674 4557 1809 4621 consilio
1833 4557 1910 4635 hoc,
1946 4578 2042 4643 quarn

423 4665 517 4728 citius
541 4685 615 4728 cum
639 4663 764 4727 ratione
793 4669 826 4726 et
849 4662 1065 4748 possibilitate
1090 4660 1265 4726 emendare
1288 4663 1445 4747 potuerit,
1479 4661 1631 4726 emendet
1654 4668 1688 4725 ct
1711 4661 1821 4726 inante
1846 4661 1986 4745 corrigat
2009 4666 2042 4725 et
2061 4685 2087 4725 ιο

338 4823 339 4826 ,
422 4775 566 4833 correcta
594 4765 756 4832 custodiat
783 4773 831 4838 ct,
862 4764 948 4852 quod
980 4765 1088 4830 facere
1121 4764 1250 4837 debuit,
1286 4764 1371 4851 quod
1406 4765 1446 4830 ad
1482 4765 1620 4830 salutem
1655 4773 1688 4830 et
1719 4765 1924 4829 honestatem
1955 4764 2043 4828 illius

421 4872 593 4956 pertinuit,
618 4877 650 4934 et
674 4870 795 4956 aliquid
819 4869 924 4934 minus
947 4869 1042 4945 fecit,
1067 4869 1126 4932 hoc
1150 4890 1223 4933 oum
1246 4869 1309 4934 Dei
1341 4869 1500 4934 adiutorio
1529 4876 1564 4933 ct
1583 4869 1730 4934 fidelium
1752 4889 1882 4933 suorum
1907 4868 2042 4933 consilio

422 4983 455 5039 ct
478 4975 610 5051 auxili0,
635 4975 744 5038 iacere
767 4994 862 5057 quam
888 4973 983 5037 citius
1010 4993 1083 5036 cum
1107 4973 1229 5036 ratione
1254 4979 1287 5036 ct
1310 4972 1529 5058 possibilitate
1554 4973 1706 5059 potuerit,
1729 4973 1837 5037 faciat.

528 5082 557 5143 9.
592 5077 635 5142 Mt
659 5078 808 5142 similiter
831 5078 910 5154 vult,
933 5083 969 5140 ut
991 5097 1049 5140 nos
1074 5097 1267 5161 quaeramus
1297 5091 1329 5142 et
1359 5077 1562 5142 inveniamus
1586 5082 1619 5140 ct
1643 5077 1879 5154 describamus,
1910 5073 1986 5160 quid
2011 5082 2044 5140 et

420 5182 560 5269 qualiter
590 5181 681 5248 nobis
711 5181 863 5246 fidelibus
896 5182 962 5245 suis
992 5181 1024 5244 in
1053 5201 1248 5267 unoquoque
1272 5181 1384 5246 ordine
1409 5189 1520 5246 contra
1544 5180 1633 5244 illum
1658 5180 1830 5244 conveniat
1853 5179 1979 5260 facere,
2011 5187 2044 5244 et
2061 5210 2086 5250 a

523 5357 550 5422 lv)
569 5375 616 5408 οιιι.
634 5357 659 5408 ⁸2.
730 5357 748 5420 i)
768 5357 835 5408 alius
849 5355 871 5408 1.
942 5355 969 5418 k)
983 5356 1183 5407 deshonorantia
1196 5354 1220 5406 2.
1290 5355 1314 5418 l)
1334 5357 1420 5408 inante
1438 5357 1526 5408 sitfid.
1539 5355 1564 5408 2.
1633 5357 1669 5420 m)
1689 5356 1758 5406 volet
1777 5353 2045 5406 ...oausaseouuda

420 5461 499 5494 ιιιιι-ιιιι
517 5444 544 5494 in
562 5460 643 5509 ovar-p.
663 5443 749 5507 ιονίρε.
768 5443 796 5493 ia
814 5439 838 5492 2.
927 5440 954 5509 ιι)
973 5459 1070 5494 merere
1091 5442 1113 5492 1.

522 5597 550 5662 4)
571 5595 629 5661 Osr.
648 5593 727 5649 Ocno.
746 5612 790 5664 ap.
812 5594 961 5660 Ooafiucut.
980 5595 1039 5661 860,
1058 5611 1143 5663 stcpra
1156 5613 1185 5663 p.
1202 5597 1258 5660 156,
1277 5610 1296 5650 c.
1312 5597 1335 5649 7.
1432 5595 1458 5663 ὁ)
1477 5594 1533 5660 Ofr.
1553 5595 1626 5663 Lupi
1647 5593 1832 5648 Ferraricaais
1850 5593 1924 5661 epist.
1943 5595 1984 5646 21.
2002 5595 2045 5649 ⁶25.

420 5705 462 5769 32,
481 5701 518 5757 ad.
538 5701 667 5755 Baluaira
681 5717 709 5768 p.
722 5701 764 5755 44.
784 5701 826 5754 49.
845 5702 919 5768 ssbaq.
1008 5703 1035 5768 u)
1055 5701 1076 5754 I.
1092 5717 1125 5755 a:
1144 5716 1301 5754 catarnaum
1319 5699 1473 5766 adquirere,
1492 5701 1541 5764 cfr.
1560 5699 1609 5752 Du
1629 5698 1722 5768 Caspe
1740 5715 1761 5751 s.
1777 5715 1797 5752 r.
1818 5702 1964 5766 aocupuure.
