4560 6426
431 459 492 522 334
591 455 837 511 carrucatam
856 429 984 510 REGUM
1002 455 1185 511 carnellu
1204 455 1464 511 OCCIDENTALIS
1483 455 1631 526 (veneti
1643 457 1689 526 ΙΙ).
1709 489 1741 497 —-
1760 459 1808 513 Nr.
1823 459 1882 512 275.

354 638 413 691 8119.
431 643 647 710 competentem,
671 641 744 695 sicut
766 643 957 696 antecessores
981 641 1024 694 sui
1046 643 1173 710 tempore
1196 643 1404 696 antecessorum
1427 659 1552 696 meorum
1572 641 1739 708 habuerunt,
1761 642 1790 696 in
1815 643 1891 697 omni
1909 642 2049 714 dignitate

430 731 459 782 et
489 717 607 782 ordineh
635 718 810 783 adiuvante
838 717 977 782 Domino
1008 731 1251 782 conservaturum
1278 711 1433 798 perdonoss,
1476 718 1610 784 cuilibet
1637 719 1797 783 duntaxat
1825 741 1867 784 cx
1896 721 1956 798 eis,
1994 722 2048 806 qui

429 822 508 886 mihi
532 813 648 886 ιιιιιιιιιι4
672 835 702 886 et
724 831 887 887 obedientes
910 849 943 887 ac
966 832 1025 887 veri
1048 832 1191 887 adiutores
1215 836 1301 902 atque
1324 835 1520 902 cooperatores
1543 824 1635 887 iuxta
1659 843 1752 886 suum
1776 823 1991 888 ministerium
2016 831 2049 888 et

430 946 604 1012 personam
628 935 746 990 consilio
775 939 805 991 et
831 936 938 991 auxilio
962 926 1140 992 secundum
1172 947 1265 991 suum
1295 928 1378 991 scire
1409 933 1442 990 et
1471 948 1564 1013 posse
1597 935 1630 991 et
1660 925 1837 990 secundum
1866 926 1989 992 Deumi
2012 949 2049 992 ac

430 1030 609 1095 secundum
632 1031 777 1096 seculum
801 1031 932 1111 fuerint,
957 1041 1030 1096 sicut
1052 1045 1225 1110 perrectum
1241 1040 1433 1110 unusquisque
1455 1040 1485 1095 in
1508 1057 1558 1095 sao
1582 1040 1678 1094 ordine
1702 1043 1731 1094 et
1754 1043 1830 1094 statu
1855 1031 1924 1115 regi
1947 1059 1997 1097 sno
2020 1045 2050 1096 et
2080 1053 2092 1091 s

429 1161 479 1198 ιιο
502 1144 606 1200 seniori
630 1162 690 1200 esse
712 1127 825 1200 deberi.
869 1135 914 1199 Et
937 1136 1088 1221 capitula,
1112 1157 1197 1221 quae
1221 1157 1300 1200 avus
1324 1143 1358 1200 et
1380 1141 1475 1221 pater
1497 1141 1607 1199 noster
1630 1156 1688 1220 pro
1712 1141 1799 1199 statu
1823 1141 1856 1198 et
1872 1136 2049 1200 munimine

429 1246 560 1304 sanctae
583 1237 646 1302 Dei
670 1239 831 1304 ecclesiae
855 1260 893 1303 ac
918 1239 1136 1304 ministrorum
1160 1239 1230 1305 eius
1264 1245 1296 1304 et
1328 1260 1386 1325 pro
1417 1260 1498 1325 pace
1528 1261 1566 1304 ac
1596 1239 1719 1303 iustitia
1750 1239 1860 1325 populi
1885 1246 1918 1304 et
1940 1240 2049 1324 quiete

430 1344 522 1428 regni
546 1345 795 1424 constituerunt,
821 1347 854 1407 et
876 1361 960 1427 quae
983 1363 1043 1406 nos
1067 1364 1139 1408 cum
1162 1343 1319 1408 fratribus
1342 1344 1464 1408 nostris
1488 1343 1621 1428 regibus
1650 1350 1684 1408 et
1707 1342 1848 1408 nostrislt
1877 1365 1915 1407 ac
1938 1364 2049 1407 eorum

429 1446 580 1511 fidelibus
598 1447 813 1512 communiter
836 1447 1073 1525 constituimus,
1097 1446 1154 1512 sed
1177 1454 1210 1511 et
1232 1468 1315 1532 quae
1338 1468 1398 1512 nos
1422 1448 1558 1512 consilio
1583 1455 1616 1511 ct
1638 1467 1798 1511 consensu
1821 1447 2049 1532 episcoporum

429 1572 466 1614 ac
492 1557 674 1616 ceterorum
697 1550 762 1616 Dei
787 1557 820 1615 et
843 1555 1026 1615 nostrorum
1056 1550 1199 1615 fidelium
1231 1572 1289 1636 pro
1314 1551 1545 1636 suprascriptis
1574 1551 1681 1614 causis
1711 1551 1744 1613 in
1775 1549 1894 1614 diveris
1919 1549 2048 1635 placitis
2067 1573 2092 1612 ιιι

430 1655 546 1718 nostris
570 1653 793 1719 conservanda
817 1654 1000 1733 statuimus,
1024 1674 1216 1740 permanere
1240 1654 1433 1719 inconvulsa
1455 1653 1668 1719 deceruimus.

537 1763 566 1822 4.
601 1749 676 1837 Ut9,
707 1759 783 1844 quia
813 1759 903 1843 regia
932 1765 1041 1822 nostra
1070 1764 1216 1844 potestas
1246 1759 1309 1823 hoc
1339 1758 1513 1824 adiuvante
1536 1758 1676 1823 Domino
1707 1758 1837 1844 exequi¹
1860 1759 2049 1844 peremnia

430 1864 537 1947 cupit,
552 1863 643 1947 regni
665 1863 814 1942 ministri,
839 1870 993 1947 quantum
1010 1862 1103 1928 Deus
1127 1865 1210 1928 scire
1234 1871 1267 1930 et
1289 1885 1386 1950 posse
1411 1864 1474 1929 illis
1491 1862 1670 1944 donaverit,
1694 1862 1857 1948 episcopis
1882 1869 1914 1927 et
1930 1863 2048 1928 ceteris

429 1965 652 2030 sacerdotibus
676 1987 714 2030 ac
738 1966 840 2032 servis
865 1972 898 2030 et
920 1966 1045 2032 ancillis
1071 1966 1144 2046 Dei,
1169 1975 1205 2032 ιιι
1227 1989 1320 2032 suum
1344 1968 1560 2032 ministerium
1584 1968 1719 2051 implere
1741 1967 1876 2052 possint,
1899 1966 1983 2030 sicut
2005 1967 2047 2029 ab

429 2069 689 2135 antecessoribus
705 2070 825 2134 nostris
841 2070 1093 2156 imperatoribus
1117 2077 1151 2134 et
1166 2072 1299 2156 regibus
1323 2079 1356 2135 et
1379 2093 1398 2135 a
1421 2071 1514 2135 uobis
1531 2071 1741 2135 coustitutum
1767 2076 1826 2147 est,
1851 2068 2047 2133 adiutorium
2067 2095 2091 2134 ιι

429 2181 596 2259 praestent
625 2180 658 2237 et
687 2175 808 2238 sanctis
840 2173 990 2240 ccelesiis
1028 2183 1061 2238 et
1091 2175 1314 2240 sacerdotibus
1346 2196 1384 2240 ac
1420 2176 1523 2240 servis
1555 2182 1588 2240 et
1621 2174 1748 2238 ancillis
1778 2173 1840 2237 Dei
1868 2173 2047 2239 secundum

429 2299 538 2343 sacras
562 2279 664 2362 leges,
687 2283 754 2342 tam
778 2277 959 2343 mundanas
983 2299 1078 2363 quam
1103 2279 1363 2358 ecclesiasticas,
1395 2285 1428 2343 et
1451 2278 1629 2344 secundum
1652 2278 1796 2363 capitula
1819 2279 1871 2342 avi
1893 2286 1926 2342 et
1947 2280 2049 2364 patris

429 2382 533 2446 nostri
557 2403 595 2445 ac
623 2389 736 2446 nostra
767 2380 912 2447 debitum
944 2381 1098 2446 honorem
1129 2388 1162 2445 et
1191 2383 1427 2447 immunitatem
1460 2389 1657 2447 conservent
1688 2387 1750 2445 ιιιιι
1773 2382 1989 2464 exhibeantm,
2012 2391 2049 2446 ut

429 2486 539 2570 quiete
562 2506 620 2570 pro
645 2485 823 2551 stabilitate
848 2486 939 2571 regui
962 2506 1000 2550 ac
1023 2492 1135 2550 nostra
1158 2493 1191 2550 et
1213 2486 1342 2550 illorum
1366 2487 1473 2550 salute
1495 2484 1673 2550 Dominum
1696 2505 1834 2550 exorare
1858 2485 2014 2570 possintfl.

537 2593 566 2654 5.
601 2588 648 2653 Ut
670 2589 815 2675 episcopi
839 2587 1030 2669 comitibus,
1059 2590 1165 2653 missis
1189 2596 1221 2653 et
1243 2590 1348 2655 vassis
1372 2591 1508 2670 nostris,
1544 2589 1601 2654 sed
1625 2597 1659 2655 et
1680 2589 1783 2675 ipsis⁰
1806 2589 1875 2653 suis
1899 2589 2046 2668 subditis,
2065 2611 2091 2652 rc

428 2700 494 2757 tam
518 2693 646 2758 clericis
671 2714 766 2778 quam
791 2694 891 2774 laicis,
916 2701 949 2758 et
973 2693 1126 2757 comitum
1149 2715 1188 2759 ac
1206 2695 1421 2759 vassallorum
1444 2701 1628 2758 nostrorum
1652 2692 1857 2758 hominibusp
1880 2700 2049 2779 paternam

429 2797 664 2882 benignitatem
688 2796 867 2862 secundum
892 2818 984 2862 suum
1010 2797 1223 2862 ministerium
1248 2804 1280 2861 et
1303 2796 1627 2862 debitumhonorem
1653 2817 1690 2860 ac
1714 2797 1819 2882 legem
1844 2805 1877 2861 et
1893 2797 2048 2862 iustitiam

430 2902 606 2986 unicuique
631 2900 809 2966 secuudum
841 2922 936 2966 suum
968 2900 1113 2966 ordinem
1143 2922 1181 2965 ac
1213 2901 1404 2987 dignitatem
1436 2901 1644 2987 impendant‘l
1667 2907 1701 2965 et
1724 2908 1933 2980 conservent,
1965 2902 2048 2965 sicut

429 3025 542 3070 sacrae
566 3005 672 3090 leges,
707 3010 771 3068 tarn
795 3004 979 3070 mundanae
1010 3026 1106 3091 quam
1138 3006 1399 3087 ecclesiasticae,
1435 3013 1468 3070 et
1501 3006 1643 3091 capitula
1670 3005 1721 3069 avi
1749 3013 1782 3069 et
1816 3006 1918 3092 patris
1948 3005 2048 3069 nostri

428 3108 634 3190 decernunt',
658 3115 692 3174 et
715 3111 815 3174 sicut¹
837 3111 870 3173 in
893 3109 1045 3195 capitulis
1069 3132 1088 3174 a
1111 3111 1205 3175 nobis
1222 3117 1255 3174 et
1270 3133 1290 3175 a
1305 3110 1460 3176 fratribus
1477 3109 1597 3174 nostris
1613 3109 1745 3194 regibus
1768 3130 1806 3172 ao
1823 3109 2047 3173 communibus
2066 3137 2091 3176 ιι

429 3212 578 3278 fidelibus
602 3214 722 3278 nostris
747 3219 797 3277 ιιι
821 3215 1049 3294 coustitutum,
1082 3221 1115 3279 et
1147 3215 1230 3279 sicut
1262 3214 1463 3301 temporibus
1492 3214 1544 3278 avi
1567 3221 1600 3277 et
1622 3213 1723 3299 patris
1747 3214 1867 3278 nostrir
1890 3215 1992 3278 iusta·
2016 3219 2050 3278 et

429 3315 632 3380 rationabilis
656 3316 857 3381 consuetudo
882 3316 953 3380 fuit.
1000 3315 1158 3382 Similiter
1180 3318 1316 3382 comites
1341 3325 1374 3382 et
1397 3319 1488 3382 missi
1512 3338 1550 3380 ac
1573 3319 1676 3381 vassit
1699 3318 1802 3381 nostri
1825 3317 1986 3403 episcopis
2010 3337 2049 3380 ac

428 3419 629 3505 presbyteris
665 3419 810 3484 debitam
847 3421 1063 3486 reverentiam
1099 3428 1132 3485 et
1161 3421 1324 3486 vassallis²
1358 3422 1585 3507 episcoporum
1618 3420 1727 3505 legem
1760 3429 1793 3484 et
1827 3420 1985 3484 iustitiam
2016 3426 2050 3482 et

427 3522 572 3588 debitum
595 3521 752 3588 honorem
776 3522 967 3608 impendant
990 3523 1169 3588 secundum
1192 3525 1360 3610 praelatas
1383 3524 1475 3608 leges
1500 3531 1533 3588 et
1555 3523 1704 3608 praefata
1727 3523 1870 3608 capitula
1893 3543 1931 3586 ac
1951 3542 2046 3608 prae-

428 3627 526 3690 latam
550 3626 828 3692 consuetudinem.
2068 3656 2094 3694 ιιι

535 3735 565 3795 6.
599 3722 689 3808 Utffl,
713 3731 740 3794 si
764 3730 910 3816 episcopi
934 3731 1001 3795 suis
1025 3732 1152 3796 clericis
1177 3733 1299 3796 iniuste
1316 3731 1463 3811 fecerint,
1488 3729 1666 3796 secundum
1691 3729 1778 3815 quod
1802 3729 1887 3794 sacri
1904 3749 2046 3793 canones

428 3840 461 3898 et
478 3853 590 3899 sacrae
606 3834 710 3918 leges,
734 3855 814 3918 quas
831 3833 973 3900 ecclesia
988 3836 1150 3900 catholica
1165 3836 1281 3921 probat
1298 3843 1331 3900 et
1347 3843 1466 3915 servat,
1491 3835 1683 3921 praefigunt,
1708 3834 1769 3898 hoc
1785 3854 1898 3898 eorum
1914 3833 2045 3914 iudicia,

428 3959 564 4023 quorum
586 3939 733 4018 interest,
757 3939 933 4004 emendare
956 3947 1140 4027 procurent.

375 4047 378 4054 ⁴
537 4046 564 4107 7.
601 4042 660 4123 Ut,
693 4042 719 4104 si
743 4043 889 4127 episcopi
918 4043 985 4107 suis
1014 4042 1105 4108 laicis
1137 4043 1258 4108 iniuste
1290 4043 1429 4108 fecerint
1460 4048 1493 4107 et
1520 4042 1610 4127 ipsiru
1639 4039 1715 4105 laici
1745 4061 1780 4105 se
1812 4039 1852 4104 ad
1882 4060 1940 4104 uos
1971 4039 2046 4105 iude

426 4145 692 4224 reclamaverint,
725 4150 854 4208 nostrae
881 4146 993 4230 regiae
1022 4145 1179 4230 potestati
1202 4145 1381 4211 secuudum
1405 4151 1551 4209 nostrum
1574 4151 1607 4208 et
1630 4164 1725 4208 suum
1748 4144 1963 4208 ministerium
1986 4145 2048 4230 ipsi
2067 4165 2092 4203 ιι

428 4247 667 4334 archiepiscopi
691 4252 724 4310 et
747 4247 892 4332 episcopi
915 4249 1079 4332 obediant,
1103 4255 1139 4313 ut
1163 4249 1342 4315 secundum
1367 4255 1497 4314 sanctos
1513 4267 1656 4313 canones
1680 4255 1713 4312 et
1728 4249 1820 4312 iuxta
1841 4247 1943 4332 leges,
1967 4267 2048 4332 quas

428 4351 570 4418 eeclesia
598 4349 757 4414 catholica
784 4349 900 4434 probat
932 4355 965 4414 et
992 4358 1115 4432 servat,
1148 4359 1181 4418 et
1209 4352 1386 4419 secundum
1418 4353 1561 4437 capitula
1589 4351 1643 4416 avi
1674 4359 1707 4416 et
1732 4351 1833 4437 patris
1862 4351 1966 4415 nostri
1989 4350 2049 4414 hoc

428 4453 602 4520 emendare
626 4459 750 4532 curent,
775 4460 808 4517 et
832 4453 915 4516 sicut
937 4455 1140 4540 temporibus
1164 4457 1217 4519 avi
1240 4461 1274 4520 et
1302 4457 1403 4541 patris
1430 4456 1533 4520 nostri
1563 4455 1666 4518 iusta·
1689 4458 1722 4518 et
1745 4453 1945 4518 rationabilis
1969 4474 2047 4517 con-

429 4559 568 4626 suetudo
591 4558 662 4622 luit.

535 4664 566 4728 8.
600 4661 645 4726 Ut
667 4661 851 4748 presbyteri
868 4663 1056 4747 parochiani
1073 4664 1141 4728 suis
1158 4663 1339 4729 senioribus
1356 4663 1498 4729 debitam
1516 4661 1732 4728 reverentiam
1756 4668 1789 4726 et
1809 4666 2047 4747 competentem
2066 4687 2092 4725 ιο

429 4768 583 4832 honorem
606 4771 703 4851 atque
727 4765 921 4851 obsequium
951 4767 1128 4833 secundum
1160 4789 1253 4833 suum
1276 4768 1490 4832 ministerium
1514 4764 1718 4852 impendant,
1750 4765 1834 4829 sicut
1864 4765 1897 4827 in
1920 4764 2048 4848 legibus

353 4917 355 4922 ,
429 4871 528 4936 sacris
558 4881 591 4936 et
620 4870 653 4933 in
680 4868 834 4954 praefatis
864 4871 1015 4956 capitulis
1038 4863 1268 4950 contineturss,
1297 4877 1330 4936 et
1354 4871 1438 4936 sicut
1460 4869 1663 4957 temporibus
1688 4869 1739 4932 avi
1764 4877 1797 4934 et
1819 4867 1921 4956 patris
1945 4867 2047 4932 nostri

428 4975 532 5039 iusta⁸
555 4980 588 5039 et
611 4971 812 5039 rationabilis
829 4974 1031 5039 cousuetudo
1055 4975 1124 5040 fuit.
1172 4973 1315 5048 Quodsiu
1338 4974 1399 5059 ipsi
1416 4974 1599 5060 presbyteri
1623 4993 1685 5036 nou
1709 4971 1875 5054 fecerinru,
1900 4972 2047 5037 seniores

531 5166 558 5232 1ι)
578 5181 618 5218 me
634 5165 697 5217 add.
715 5162 739 5217 2.
832 5164 852 5230 1)
870 5166 990 5234 deinceps
1007 5164 1031 5217 2.
1126 5167 1155 5232 1ι)
1174 5168 1254 5220 nostri
1271 5163 1296 5219 2.
1389 5165 1409 5230 1)
1428 5165 1565 5232 exaquium
1583 5163 1607 5216 2.
1704 5160 1740 5229 ιιι)
1758 5179 1805 5216 om.
1819 5160 1844 5214 2.
1932 5165 1959 5228 n)
1978 5164 2048 5215 exiri·

428 5253 507 5304 beant
524 5252 584 5304 aad.
603 5250 628 5303 2.
727 5251 753 5317 ο)
772 5253 826 5304 suis
843 5253 905 5320 ipsis
925 5250 949 5304 2.
1048 5253 1075 5320 p)
1098 5254 1230 5308 bominum
1254 5250 1277 5304 2.
1376 5251 1404 5316 q)
1428 5253 1554 5319 inspirant
1575 5249 1600 5302 2.
1696 5247 1719 5315 r)
1738 5251 1879 5302 decernunt
1903 5251 2047 5303 ...nostri
2066 5266 2092 5305 ιι

428 5357 476 5390 cm.
493 5337 524 5402 4;
542 5339 609 5391 sicut
626 5377 673 5390 ...
692 5340 772 5391 nostri
790 5356 839 5390 om.
859 5337 881 5390 l.
969 5337 1089 5427 s).iuxta
1106 5338 1131 5392 2.
1218 5341 1238 5404 ι)
1257 5339 1349 5392 vasalli
1367 5375 1412 5389 ...
1430 5338 1534 5414 vasallis
1552 5336 1577 5390 2.
1664 5335 1692 5399 ιι)
1711 5337 1780 5401 quod
1799 5374 1845 5388 ...
1863 5339 1979 5388 feceruut
1996 5335 2021 5390 2.

530 5509 558 5578 9)
577 5507 621 5564 Ad
638 5508 686 5563 boc
703 5523 760 5577 cap.
778 5513 801 5562 ct
818 5508 902 5578 inacq.
921 5508 971 5574 cfr.
997 5508 1077 5565 Gonu.
1095 5509 1127 5562 in
1143 5509 1205 5563 cillo
1224 5509 1354 5591 ⁰⁰²·.343=
1376 5523 1461 5577 sapm
1475 5509 1658 5577 p.255,c.1‚·
1682 5505 1761 5560 Gocc.
1778 5523 1822 5575 op.
1839 5505 1973 5562 Valentia.
1986 5507 2046 5574 853,

427 5629 514 5683 aspra
528 5630 558 5682 p.
571 5614 612 5682 16,
630 5629 651 5667 c.
663 5615 695 5676 6,·
711 5629 796 5682 capro
810 5629 839 5682 p.
853 5613 911 5680 103,
929 5619 984 5668 aot.
998 5615 1037 5669 18.
1119 5616 1162 5684 10)
1182 5613 1236 5682 Osr.
1249 5613 1333 5681 Niesl,
1350 5609 1548 5668 Gctdtadcnd
1559 5609 1584 5664 d.
1599 5609 1702 5664 Kleros
1715 5625 1743 5676 p.
1757 5610 1850 5677 eamq.
1931 5612 1973 5676 11)
1988 5609 2044 5677 Gsr.

428 5720 527 5787 Arsacp.
541 5717 563 5786 1,
583 5733 604 5771 c.
617 5719 659 5786 ιιι,
677 5723 737 5771 lora.
751 5717 775 5784 1,
789 5733 817 5784 p.
830 5717 895 5780 mv,-
912 5717 987 5784 r'afra
1001 5735 1028 5786 p.
1042 5719 1101 5784 335,
1120 5717 1167 5772 lin.
1181 5717 1237 5786 tiso.
