4634 6436
649 452 895 509 ceurennum
914 453 1060 510 luculos
1079 453 1218 510 Knuom
1237 453 1271 508 11.
1290 485 1322 495 -—
1340 455 1390 510 Νι.
1401 455 1461 510 220.
1828 461 1869 522 99

238 625 424 707 imperatori
451 624 634 705 fidelitatem
657 628 853 707 prorniscue.
905 627 1051 706 Accedit,
1084 628 1169 710 quod
1198 628 1414 692 iuramentum
1444 627 1602 708 Ausperto
1631 628 1794 694 addictum
1825 629 1869 693 ad
1885 635 1945 690 876.

238 729 365 793 cubum
387 750 459 793 cum
473 727 646 794 Hiricurori
668 729 866 812 aliorumque
887 732 1101 812 episcoporum
1122 732 1213 812 opud
1227 730 1431 815 Pontrporcem
1453 731 1538 813 [octo
1560 731 1711 810 cononut,
1734 739 1764 797 et
1785 733 1870 815 quod

239 831 439 897 Hiucrrrorus
465 833 502 897 iu
524 833 612 900 Auo.
636 832 773 909 Bertiu„
800 832 821 900 l.
842 855 867 898 c.
883 855 921 916 p.
941 838 1015 913 129,
1044 836 1141 917 refert
1167 835 1342 901 electionem
1365 837 1566 918 imperatoris
1587 837 1626 900 ab
1649 836 1792 901 multus
1812 857 1868 901 uo-

240 934 355 1000 bilibus
377 934 434 1020 (ab
458 936 618 1023 episcopis
643 944 677 1002 et
699 937 832 1023 ceteris)
855 936 967 1002 Italici
987 939 1077 1021 repul
1098 939 1260 1018 turcotum
1283 961 1355 1006 esse.
1595 963 1598 970 ⁴

207 1081 220 1119 ι
347 1054 431 1119 Acta
444 1053 562 1135 placiti
575 1055 755 1136 Papieusis,
772 1057 890 1122 scilicet
904 1062 934 1122 et
950 1057 1056 1123 electio
1071 1063 1100 1122 et
1119 1057 1305 1139 Cupitulore
1319 1060 1495 1141 ircsequeus,
1512 1059 1668 1141 duplicem
1683 1059 1719 1125 iu
1732 1058 1868 1140 furtum

238 1159 368 1223 reducto
397 1164 491 1223 sunt:
523 1158 626 1224 αῑίιιιι
652 1161 696 1225 od
719 1162 950 1242 imperatorem,
979 1164 1082 1229 altera
1109 1165 1153 1228 od
1179 1163 1343 1244 optimates
1363 1162 1482 1228 Itolr'ece
1508 1164 1645 1244 respicit.
1691 1162 1817 1228 Relatio
1846 1183 1868 1227 o

232 1262 384 1342 pcrtsbscs
403 1264 603 1345 imperatoris
620 1264 709 1345 secto
728 1267 765 1329 iu
782 1265 937 1346 synodum
952 1265 1212 1348 Poutipoueusem
1228 1265 1387 1330 translato
1401 1271 1447 1330 est
1466 1265 1539 1348 (cfr.
1556 1267 1652 1330 etium
1666 1287 1694 1332 o.
1708 1265 1866 1344 Noordeu

239 1366 671 1451 Htuenorp.319,u.1);
702 1368 820 1449 sumu,
848 1389 930 1449 quoe
949 1370 1136 1450 proceribus
1161 1370 1357 1450 maximeque
1379 1369 1553 1450 Ausperto,
1582 1370 1682 1450 copiti
1707 1369 1868 1450 sectionis,

238 1469 333 1550 facet,
355 1469 445 1552 upred
464 1489 567 1535 uuum
581 1470 804 1536 Muratorium
826 1477 939 1549 exstet,
961 1492 1026 1553 quo
1049 1473 1087 1538 de
1107 1493 1207 1538 causo
1229 1474 1266 1537 iu
1286 1473 1368 1536 octis
1386 1473 1515 1537 edonis
1534 1472 1626 1538 idum
1646 1477 1772 1538 sectius
1786 1494 1867 1537 mun.

197 1613 223 1652 ro
1378 1592 1436 1677 (B.
1453 1595 1502 1672 Il,
1518 1596 1598 1672 235;
1620 1593 1658 1659 P.
1675 1595 1765 1674 528.)

343 1763 595 1878 Gloriosissimo
620 1821 653 1879 et
681 1813 795 1880 aDeo
820 1823 989 1894 coronato,
1018 1836 1137 1901 magno
1162 1824 1196 1881 et
1218 1818 1355 1903 pacifico
1378 1818 1583 1904 imperatori,
1613 1816 1732 1883 domno
1756 1823 1866 1883 nostro

238 1913 363 1980 Kerolo
385 1924 547 2003 perpetuo
571 1923 711 2002 augusto
735 1938 795 1982 nos
820 1917 973 2004 quidem*
995 1917 1182 1983 Ansbertus
1207 1941 1281 1984 cum
1305 1920 1456 1986 omnibus
1481 1922 1656 2008 episcopis,
1681 1921 1867 2000 abbatibus,

240 2020 413 2085 comitibus
445 2041 484 2085 sc
511 2019 679 2106 reliquis*‚
715 2022 769 2106 qui
796 2020 966 2085 nobiseum
996 2029 1219 2086 convenerunt
1247 2021 1353 2087 Italici
1384 2024 1477 2109 regni
1508 2024 1699 2109 optimates,
1730 2044 1867 2108 quorum

240 2123 371 2187 nomine
398 2123 598 2208 generaliter
629 2123 742 2188 subter
769 2123 934 2188 habentur
961 2124 1101 2204 inserte,
1133 2130 1325 2211 perpetuum
1353 2133 1524 2213 optumus⁸
1551 2126 1805 2212 prosperitatem
1834 2134 1868 2191 et

196 2251 221 2291 ιι
240 2247 367 2313 pacem.

346 2330 416 2394 Iam
447 2331 524 2416 quia
555 2331 664 2396 divina
693 2332 799 2416 pietas
827 2353 885 2396 vos
918 2331 1090 2396 beatorum
1124 2333 1308 2419 principum
1340 2333 1560 2418 apostolorum
1589 2332 1681 2398 Petri
1712 2340 1746 2399 et
1772 2332 1867 2398 Pauli

238 2435 479 2517 interventione
503 2454 561 2520 per
582 2435 739 2499 ricarium
762 2435 920 2522 ipsorum,
944 2434 1098 2500 domuum
1115 2435 1269 2500 videlicet
1287 2435 1468 2501 Iohannem
1494 2456 1656 2501 summum
1678 2436 1866 2523 pontificem

238 2546 271 2603 et
295 2537 515 2602 universalem
543 2558 662 2624 papam
691 2537 956 2624 spiritalemquel'
985 2538 1133 2625 potremb
1157 2545 1330 2620 vestrum⁰‚
1361 2537 1402 2604 ad
1431 2539 1615 2625 proiectum
1646 2546 1780 2605 sonctse
1803 2538 1867 2604 Dei

238 2641 399 2705 ecclesiae
432 2647 679 2725 nostrorumque
714 2641 855 2706 omnium
890 2641 1058 2706 inciterit‘¹
1089 2648 1122 2706 et
1153 2641 1194 2706 ad
1226 2642 1395 2728 imperiale
1425 2641 1555 2707 culmen
1591 2643 1695 2707 sancti
1727 2641 1867 2728 Spiritus

194 2769 221 2807 eo
239 2743 360 2809 iudicio
384 2743 550 2831 provexit,
579 2764 639 2807 nos
662 2743 860 2808 unanimiter
882 2765 940 2808 vos
964 2751 1200 2832 protectorem,
1233 2745 1399 2810 dominum
1427 2765 1465 2810 so
1489 2744 1699 2810 defensorem
1722 2746 1866 2810 omnium

238 2853 385 2912 nostrum
421 2844 496 2910 et**
524 2845 636 2911 Italici
667 2846 761 2932 regni
790 2867 902 2930 regem
934 2847 1100 2933 eligimus,
1136 2849 1187 2911 cui
1219 2854 1253 2913 et
1281 2847 1481 2934 gaudenter⁸
1510 2854 1577 2912 toto
1608 2847 1714 2913 cordis
1745 2848 1866 2913 affectu

239 2949 351 3016 subdir
363 2948 555 3035 gaudemus,
580 2956 613 3014 et
629 2951 748 3030 omnia,
772 2970 857 3034 quoe
874 2950 1065 3015 nobiscum⁸
1080 2950 1120 3016 ad
1137 2950 1337 3036 prolectum‘
1351 2952 1452 3017 totius
1470 2957 1605 3016 sunctae
1621 2950 1686 3017 Dei
1702 2952 1863 3017 ecclesiae

238 3060 486 3138 nostrorumque
510 3053 654 3116 omnium
678 3054 819 3118 salutem
843 3052 1039 3118 decernitish
1062 3059 1096 3119 et
1119 3053 1286 3133 sancitish,
1310 3055 1387 3118 totis
1405 3054 1527 3118 viribus
1551 3059 1717 3120 annuente
1733 3052 1863 3119 Christo

239 3157 389 3222 concordi
412 3161 521 3222 mente
547 3162 580 3222 et
602 3163 753 3244 prompte
777 3157 944 3222 voluntate
969 3157 1145 3222 observare
1168 3156 1411 3242 promittimus¹.

193 3303 220 3342 ιι
348 3280 530 3363 Anspertus
555 3283 688 3342 sunctae
711 3277 967 3344 Mediolanensis
989 3279 1151 3343 ecclesiae
1175 3278 1441 3363 archiepiscopus
1465 3276 1654 3363 subscripsi.
1700 3277 1864 3344 Iohannes

237 3387 371 3446 sauctae
393 3381 553 3446 Aretinae
578 3381 738 3446 ecclesiae
762 3381 894 3446 humilis
918 3383 1091 3469 episcopus
1115 3380 1303 3467 subscripsi.
1342 3380 1508 3446 Iohannes
1532 3381 1705 3467 episcopus
1730 3386 1863 3446 sanctae

237 3484 421 3550 Ticinensis
445 3485 604 3550 ecclesius
629 3484 819 3571 subscripsi.
864 3483 1064 3550 Benedictus
1080 3482 1313 3549 Cremonensis
1335 3484 1508 3569 episcopus
1531 3484 1718 3569 subscripsi.
1753 3482 1863 3549 Theu-

236 3587 400 3675 dulphus¹¹
422 3587 651 3654 Tertonensis¹
675 3591 850 3676 episcopus
879 3589 1066 3674 subscripsi.
1111 3585 1560 3673 AdalgeudusVsrcellensis
1584 3587 1757 3672 episcopus
1786 3585 1862 3651 sub-

238 3693 364 3778 scripsi.
398 3691 467 3755 Auo
484 3690 720 3778 Eporediensis
744 3691 917 3779 episcopus
940 3692 1127 3778 subscripsi.
1162 3690 1327 3757 Gersrdus
1344 3689 1482 3774 exiguus
1504 3690 1536 3753 in
1558 3689 1680 3774 exigue
1696 3688 1863 3754 Laudensi

194 3811 222 3851 ³⁰
239 3795 380 3860 ecclesie
409 3795 581 3882 episcopus
610 3796 800 3881 subscripsi.
852 3795 1030 3861 Hilduinus
1060 3794 1214 3860 Astensis
1247 3793 1437 3860 ecclesiaem
1468 3791 1642 3878 episcopus
1673 3792 1862 3878 subscripsi.

236 3897 424 3963 Leodoinus
446 3897 640 3963 Mutinensis
663 3899 853 3964 ecclesiae¹²²
875 3899 1050 3986 episcopus
1074 3898 1262 3985 subscripsi.
1300 3895 1479 3963 Hildrsdus
1496 3893 1651 3960 Albensis
1675 3896 1863 3962 ecclesiae¹²²

237 4002 410 4088 episcopus
444 4000 632 4087 subscripsi.
687 4001 895 4068 Rstbornus¹²
927 4001 1016 4069 sedis
1046 4001 1262 4087 Augustanos
1299 4001 1471 4086 episcopus
1506 3997 1716 4083 subscripsi&
1768 3997 1861 4063 Bodo

237 4105 367 4170 humilis
396 4109 530 4169 sanctae
554 4104 721 4190 Aquensis
745 4106 905 4171 ecclesiae
928 4107 1104 4193 episcopus
1132 4105 1321 4191 subscripsi.
1368 4103 1566 4168 Ssbbstinus
1589 4100 1785 4167 Ienuensis⁰
1808 4121 1861 4166 ec-

238 4208 361 4272 clesiae
389 4207 563 4294 episcopus
592 4207 777 4293 subscripsi.
824 4208 1013 4274 eilbertum
1037 4207 1207 4273 comensis
1238 4207 1410 4293 episcopus
1439 4204 1630 4292 subscripsi.
1677 4203 1862 4270 Adelardus

192 4329 218 4368 ιι
236 4330 350 4374 servus
373 4330 541 4374 servorum
562 4308 626 4375 Dei
643 4310 844 4376 Veronensis
868 4312 1043 4398 episcopus
1067 4311 1255 4397 subscripsi.
1300 4308 1372 4394 Ego
1395 4308 1518 4373 Paulus
1543 4312 1677 4372 sanctae
1701 4307 1862 4373 ecclesius

236 4412 470 4479 Placentinae<¹
499 4414 674 4500 episcopus
705 4415 895 4500 subscripsi.
941 4415 1013 4500 Ego
1038 4414 1189 4480 Andreas
1219 4419 1352 4478 sanctae
1375 4410 1586 4476 Florentinis
1610 4409 1771 4474 ecclesius
1794 4412 1862 4496 epi·

238 4537 354 4605 scopus
383 4515 569 4602 subscripsi.
614 4515 832 4602 Reginerius‘
861 4519 964 4586 abbas
994 4518 1183 4606 subscripsi.
1229 4516 1365 4603 Signum
1388 4507 1548 4579 Bosonis¹
1579 4513 1682 4578 incliti
1711 4511 1804 4579 ducis
1831 4523 1864 4579 et

238 4621 322 4685 sueri
345 4618 460 4706 palatii
483 4619 712 4684 archiministri
735 4626 833 4706 etque
857 4622 1037 4708 imperialis
1061 4621 1161 4687 missi.
1201 4619 1337 4704 Signum
1353 4615 1527 4684 Richardi¹
1550 4615 1686 4682 comitis.
1727 4615 1864 4710 Signum

237 4721 405 4788 wolfridi*
439 4722 574 4787 comitis.
620 4721 758 4808 Signum
787 4723 960 4789 Liutlridi¹¹
994 4724 1130 4789 comitis.
1184 4721 1320 4809 Signum
1349 4720 1494 4786 Alberici
1530 4719 1670 4784 comitis.
1724 4718 1861 4805 Signum

193 4942 221 4980 so
342 4927 369 4994 *)
388 4942 483 4980 omues
501 4926 633 4996 episcopi,
651 4925 776 4993 abbates,
795 4927 910 4983 comites
928 4945 962 4982 ae
979 4927 1081 4996 reliqui
1099 4927 1176 4982 2-6.

326 5013 369 5081 ff)
388 5015 417 5066 et
434 5011 526 5067 Itslici
544 5013 624 5083 regni
643 5029 737 5085 regem
754 5030 803 5068 orn.
821 5014 898 5070 2-6.

340 5201 368 5268 a)
387 5210 477 5270 optant
494 5199 519 5256 2.
607 5202 635 5268 b)
653 5222 702 5256 orn.
716 5202 739 5255 l.
826 5203 851 5271 c)
870 5211 985 5258 nostrum
1004 5203 1028 5256 b.
1115 5202 1142 5268 d)
1162 5203 1282 5254 invitsvit
1298 5199 1380 5265 3-a;
1398 5200 1509 5252 inritum
1526 5197 1552 5252 2.
1633 5198 1658 5264 s)
1676 5197 1821 5265 gaudentes
1838 5195 1863 5250 3.

237 5287 262 5354 f)
281 5288 356 5340 subdi
433 5291 574 5357 profectum
593 5307 641 5342 οιιι.
654 5287 678 5342 2.
765 5291 793 5358 g)
813 5309 861 5345 οιιι.
876 5291 936 5346 tt.
1022 5289 1051 5356 h)
1070 5289 1211 5343 decernetis
1229 5295 1255 5340 et
1271 5287 1390 5340 sonuistis
1407 5283 1484 5337 4-6.
1571 5284 1591 5350 i)
1608 5285 1641 5335 Et
1658 5284 1865 5350 subscripserunt

237 5373 288 5438 illi,
314 5375 359 5439 qui
385 5375 413 5424 in
439 5375 515 5426 Italis
542 5375 681 5426 adfuerunt
706 5375 769 5427 add.
793 5373 818 5427 ll.
834 5374 859 5429 4.
954 5377 984 5444 k)
1012 5376 1157 5428 'leudulfus
1178 5372 1255 5426 3-5.
1352 5371 1372 5438 l)
1399 5371 1566 5423 Dertonensis
1588 5367 1611 5421 3.
1709 5367 1745 5434 m)
1771 5387 1819 5422 om.
1838 5368 1863 5422 5.

192 5473 218 5512 ⁴5
238 5457 266 5522 u)
285 5459 429 5510 Rstbornus
508 5460 648 5528 subscripsi
665 5461 694 5511 ιἰι
705 5457 782 5514 3-5.
797 5463 884 5528 positu
902 5472 960 5514 ame
977 5471 1036 5514 cute
1052 5461 1197 5514 Leodoinus
1215 5461 1233 5510 l.
1246 5457 1288 5511 31.
1362 5455 1387 5522 o)
1408 5457 1543 5508 lanensis
1557 5453 1581 5507 l.
1651 5451 1679 5522 p)
1697 5454 1827 5507 Filbertus
1840 5452 1862 5506 l.

237 5545 431 5610 q)l’laoentiao
448 5543 527 5597 3-5.
603 5543 625 5610 r)
644 5548 799 5614 Ragniem
812 5546 839 5612 l;
858 5549 1011 5616 Ragiuerius
1029 5547 1053 5600 b.
1127 5548 1151 5611 a)
1171 5545 1272 5598 Rioerdl
1285 5543 1309 5596 1.
1379 5543 1400 5608 t)
1418 5541 1544 5595 walfredi
1558 5540 1582 5592 l.
1651 5541 1680 5606 u)
1699 5541 1825 5594 Luitueti
1840 5538 1864 5591 l.

342 5731 367 5796 1)
388 5729 444 5796 cp.
463 5730 611 5794 mpure,
634 5729 772 5797 osseus.
794 5730 874 5785 meu
892 5731 950 5798 ιιι,
964 5747 992 5798 p.
1006 5730 1065 5784 ios.

1511 5873 1526 5908 ,
1545 5867 1563 5890 ,
1606 5817 1658 5874 ιι·
