4568 6434
344 437 609 496 taurustaurus
629 441 678 496 AD
696 442 943 500 utplurimum
962 445 1091 502 Ruauu
1112 451 1296 508 eaenulas
1314 453 1544 512 ouluuunuls
1564 487 1597 497 -
1616 459 1664 515 Nr.
1677 459 1737 516 252.
1792 465 1854 527 213

605 616 637 681 Α

1440 633 1482 699 Β.

230 721 287 778 aut
315 717 511 804 praecipiat'.
563 718 690 793 Quibus
726 744 785 787 rex
817 723 1015 812 theologiam
1069 731 1317 798 honoriticentia
1332 735 1481 816 intonuit,
1506 737 1572 800 acsi
1589 757 1647 822 pro
1664 736 1854 804 defensione

232 821 324 903 quasi
358 821 400 884 ab
430 822 495 886 alto
529 823 765 890 disserentibus
805 829 846 892 ab
878 838 1017 914 augusta
1069 835 1227 921 promissa
1268 846 1400 903 sanotae
1435 840 1499 906 Dei
1537 842 1717 906 aecclesiae
1755 841 1855 906 iudex

234 923 351 988 mentis
376 946 454 990 suae
476 927 554 992 sede
573 965 611 976 -
629 930 714 1014 quia,
731 937 766 994 ut
783 931 945 1017 sapientia
960 934 1015 1013 ait,
1070 941 1174 1003 iustus
1215 943 1381 1026 praesenti
1419 943 1591 1030 futuroque
1630 946 1742 1010 seculo
1779 966 1854 1010 eum

199 1049 212 1088 ι
231 1018 331 1091 ιιοι25
346 1049 459 1114 regum
476 1032 684 1097 inscrutabile
702 1031 761 1098 est'
779 1071 819 1080 —
837 1035 1013 1100 archanum
1067 1063 1222 1107 coronare
1246 1046 1501 1112 misericorditer
1524 1048 1811 1135 repromitteretf*

230 1133 378 1216 mysterii
406 1134 455 1197 sui
479 1137 629 1200 revelans
652 1138 685 1202 in
708 1138 791 1204 hacc
815 1138 916 1202 verba
938 1160 1013 1225 pro-

229 1236 331 1320 rupit:
369 1236 569 1323 Opastores
598 1241 811 1306 ecelesiarum
835 1240 957 1307 Christi
981 1249 1015 1308 et

230 1339 410 1405 clarissima
425 1342 548 1408 lumina
564 1344 685 1423 mundi,
706 1347 804 1430 agite,
822 1367 905 1430 quae
922 1346 1013 1410 vobis

230 1442 372 1528 inposita
395 1452 455 1526 est,
480 1467 591 1511 euram
614 1449 826 1534 pastoralcm;
856 1455 899 1528 et,
923 1450 1016 1514 iuxta

188 1567 215 1606 rc
232 1548 429 1632 apostolum,
453 1543 621 1616 ‘instateffi
649 1559 808 1638 oportune
832 1553 1013 1638 inportune,

230 1651 369 1734 arguite,
392 1653 573 1733 obsecrate,
598 1656 766 1741 increpate
789 1657 820 1720 in
845 1657 931 1720 omni
956 1677 1012 1741 pa·

230 1753 343 1820 tientia
366 1762 399 1820 et
422 1755 590 1838 doctrina',
620 1767 657 1824 ut
678 1759 769 1844 vigili
798 1780 876 1824 cura
899 1767 932 1824 et
956 1759 1012 1824 ad-

229 1859 405 1923 monitione
433 1861 548 1926 sedula
578 1884 655 1928 ores
686 1862 806 1929 Christi
834 1863 875 1928 ad
904 1864 1015 1927 caulas

231 1968 386 2027 aeternae
400 1965 486 2030 vitae
500 1966 705 2031 introducere
717 1967 919 2031 mereamini.
943 1966 1013 2031 Ha·

188 2095 213 2134 ιι
232 2063 316 2130 betis
340 2087 392 2131 me
416 2069 566 2134 omnibus
583 2070 743 2134 ecclesiae
760 2068 881 2134 Christi
898 2070 1014 2134 adver-

231 2170 379 2234 santibus
408 2178 441 2236 et
470 2180 580 2237 restro
611 2172 808 2238 sacerdotali
836 2175 1014 2239 ministerio

230 2273 446 2338 renitentibus
488 2275 766 2362 obpositissimum
810 2276 1014 2352 bellatorem,

231 2376 317 2460 quia,
340 2385 377 2442 ut
399 2380 564 2463 apostolus
586 2379 743 2445 Romanis
768 2379 912 2456 scribitd,
936 2372 1013 2445 *ἱιιῖῖ

231 2479 281 2544 his
297 2481 464 2546 omnibus⁰
488 2503 679 2569 superamus
695 2491 827 2570 propter
850 2505 936 2560 eum,
960 2485 1014 2569 qui

187 2615 214 2654 ιι
231 2581 347 2649 dilexit
369 2583 451 2667 nos’,
475 2595 509 2652 et
532 2587 609 2652 item
634 2578 708 2651 ‘si‘28
724 2587 814 2652 Deus
836 2608 895 2673 pro
912 2588 1015 2668 nobis,

230 2688 302 2772 quis
327 2695 440 2753 contra
463 2695 544 2755 nos?
569 2681 712 2755 certus²9
729 2711 799 2755 sum
818 2691 915 2770 enim,
939 2693 1016 2778 quia

1072 1199 1115 1268 “)
1135 1198 1170 1252 ,ln
1182 1197 1236 1253 cod.
1253 1198 1310 1253 Cot.
1322 1198 1364 1253 hie
1371 1201 1535 1268 praemisum
1544 1207 1582 1256 cat
1591 1203 1763 1273 prdoprra²⁴:
1775 1204 1855 1258 Anno

1136 1284 1338 1338 incarnationis
1362 1286 1474 1340 Domini
1497 1287 1660 1343 DCCCXCV
1679 1289 1794 1343 sedente
1819 1289 1853 1342 ad

1136 1370 1293 1426 Triburiam
1324 1373 1458 1443 oppidum
1490 1373 1612 1444 glorioso
1639 1391 1705 1445 rege
1739 1376 1855 1431 Amulio

1136 1458 1300 1528 congregati
1319 1463 1386 1514 sunt
1404 1461 1528 1531 episcopi
1548 1479 1662 1517 numero
1682 1462 1771 1516 XXVI
1791 1480 1853 1516 cnm

1135 1543 1531 1602 abbatibusmonasteriorum.
1551 1548 1625 1614 Quos
1635 1550 1708 1604 idem
1719 1550 1856 1618 gloriosus

1135 1648 1181 1683 rex
1201 1632 1390 1686 ecclesiastica
1408 1633 1470 1687 iura
1488 1639 1608 1690 tractare
1627 1637 1752 1706 precepit
1771 1653 1856 1705 seque

1135 1715 1344 1773 devotissimum
1373 1720 1530 1776 adiutorem
1558 1723 1689 1792 promisit
1716 1723 1750 1777 ad
1776 1723 1856 1776 resti·

1137 1805 1241 1859 tuenda
1270 1823 1318 1860 sen
1351 1823 1488 1862 canonum
1525 1808 1635 1863 decreta
1666 1825 1713 1862 sen
1745 1809 1857 1863 decreta

1135 1892 1346 1961 progenitorum
1377 1911 1502 1960 snorum,
1538 1912 1611 1963 quac
1644 1895 1674 1949 iu
1705 1895 1855 1965 capitulari

1135 1993 1229 2032 eornrn
1249 1979 1437 2044 continentur,
1457 1981 1487 2034 in
1506 1999 1682 2050 quocumque
1700 1999 1733 2036 ea
1754 1998 1855 2050 cogno-

1136 2068 1245 2118 scerent
1270 2065 1411 2120 infirmari.
1466 2067 1569 2122 Contra
1599 2069 1745 2138 plerosque
1769 2069 1854 2123 stiam

1136 2152 1286 2214 seculares,
1310 2153 1357 2221 qui
1382 2152 1567 2222 episcopalem
1590 2155 1787 2208 auctoritatem
1814 2155 1856 2208 in·

1136 2239 1261 2292 minuere
1298 2239 1489 2308 temptabant,
1523 2238 1661 2310 episeopis
1698 2244 1727 2293 et
1760 2245 1855 2294 sancte

1136 2325 1242 2393 synodo
1255 2324 1350 2393 vigore
1368 2325 1446 2394 regio
1465 2326 1585 2380 larebat.
1623 2326 1659 2380 llt
1676 2327 1853 2397 promulgata

1137 2415 1203 2466 runt
1221 2415 1250 2466 et
1267 2413 1303 2466 ab
1322 2411 1382 2480 ipso
1402 2412 1520 2481 probata
1538 2412 1672 2482 capitula,
1691 2407 1854 2483 quae'int'ra

1136 2499 1247 2568 digesta
1265 2501 1338 2552 sunt.

1361 2640 1565 2647 ---.-———--

230 2811 336 2876 neque
369 2813 455 2856 mors
485 2814 591 2878 neque
619 2795 686 2858 rita
719 2815 825 2880 nequo
854 2795 1011 2861 instantia
1047 2817 1153 2882 neque
1187 2795 1296 2860 futura
1323 2815 1430 2880 neque
1461 2793 1527 2858 nlla
1558 2800 1708 2858 creatura
1736 2795 1854 2878 poterit

229 2915 288 2958 nos
311 2916 464 2982 separare
488 2899 665 2963 ecaritate
689 2897 762 2964 Dci’
786 2907 819 2963 et
841 2900 1053 2966 unanimitate
1077 2907 1199 2980 sancta,
1222 2898 1400 2964 beatissimi
1425 2904 1547 2983 patres.

334 2998 547 3066 Gratulantes
570 3001 670 3087 igitur
692 3002 796 3081 beati,
821 3003 875 3086 qui
899 3005 989 3068 missi
1013 3010 1101 3077 sunt,
1126 3001 1329 3078 sacerdotes,
1353 3000 1638 3082 congredientibus
1660 3000 1854 3086 quibusdam

186 3128 212 3168 a
231 3102 442 3186 optimatibus
464 3103 505 3168 de
529 3113 622 3169 trono
646 3105 733 3190 regis
756 3126 855 3170 causa
877 3107 983 3172 iustae
1012 3107 1186 3192 legationis
1215 3113 1248 3170 et
1272 3125 1369 3169 verae
1393 3105 1617 3169 unanimitatis
1641 3102 1682 3167 ad
1706 3111 1855 3169 sanctam

230 3206 389 3292 synodum
412 3207 561 3291 directis,
591 3211 713 3275 reuersi
738 3209 876 3274 suntad
901 3231 971 3286 eos,
1000 3212 1054 3298 qui
1083 3212 1238 3276 miserant
1261 3210 1346 3273 illos.
1396 3206 1668 3273 Perambulantes
1701 3207 1800 3290 igitur
1823 3214 1856 3271 et

228 3330 355 3375 sacrum
380 3319 573 3377 conventum
596 3314 836 3400 inrumpentes,
869 3315 928 3380 rite
952 3324 986 3380 et
1008 3314 1230 3394 laudabiliter,
1254 3335 1338 3400 quae
1361 3312 1506 3377 iniuncta
1529 3319 1621 3392 sunt,
1652 3318 1856 3398 exponentes

230 3420 263 3477 et
297 3415 469 3481 ecclesiam
503 3417 570 3483 illie
604 3423 837 3502 congregatam
874 3420 1094 3484 consolatoria
1130 3419 1341 3504 responsione
1376 3416 1591 3481 laetificantes
1620 3415 1791 3496 siluerunt,
1823 3421 1856 3479 et

229 3518 305 3604 quid
322 3518 478 3606 deinceps
493 3522 598 3586 acturi
615 3515 737 3600 essent,
761 3522 850 3587 taciti
869 3530 1045 3608 expectare
1062 3530 1250 3608 coeperunt.
1296 3520 1525 3605 Exsurgentes
1541 3519 1641 3604 igitur
1663 3518 1703 3583 de
1721 3517 1856 3584 sedibus

185 3646 211 3684 so
230 3622 296 3686 suis
319 3624 574 3690 reverentissimi
599 3633 726 3711 patres,
751 3647 823 3690 oum
848 3628 982 3692 asstanti
1005 3627 1093 3693 clero
1117 3635 1167 3692 ter
1191 3634 1369 3713 quaterque
1402 3624 1643 3711 proclamantes
1671 3630 1705 3686 et
1726 3622 1856 3718 divinae

230 3727 396 3792 maiestati
425 3728 662 3815 supplicantes:
704 3729 845 3794 ‘Exaudi
876 3728 1023 3808 Christe,
1065 3731 1202 3796 Arnolfo
1234 3750 1353 3815 magno
1388 3728 1457 3813 rogi
1488 3725 1565 3791 vita’
1597 3733 1631 3790 et
1664 3726 1856 3790 sonantibus

230 3832 396 3916 campanis
418 3832 476 3898 ‘Te
492 3833 599 3898 Deum
623 3831 806 3899 laudamus’
831 3835 1078 3900 concinentibus
1101 3836 1237 3912 eunetis,
1261 3833 1482 3918 glorificantes
1505 3837 1540 3895 et
1564 3829 1672 3894 Iasum
1690 3828 1856 3894 Christum

230 3933 480 4012 conlaudantes,
508 3938 563 4022 qui
592 3937 624 4001 in
654 3938 760 4002 servis
789 3939 856 4004 suis
888 3939 1122 4013 consolabitur,
1151 3938 1204 4024 qui
1229 3937 1390 4002 ecelesiae
1415 3955 1493 3999 suae
1517 3941 1651 3999 sanctae
1675 3940 1741 3996 tam
1765 3934 1856 4019 pium

230 4042 264 4099 et
293 4037 404 4102 mitem
435 4040 674 4104 consolatorem
704 4047 835 4126 tamque
864 4049 1030 4107 strenuum
1064 4041 1247 4106 adiutorem
1278 4040 1319 4105 ad
1349 4040 1506 4104 honorem
1536 4037 1674 4103 nominis
1706 4037 1755 4101 sui
1780 4057 1856 4100 oon-

188 4137 353 4205 redonare
376 4140 528 4226 dignatus
553 4149 617 4222 est,
648 4149 681 4207 et
706 4145 846 4230 peractis
875 4144 1003 4210 divinae
1030 4146 1194 4211 maiestati
1219 4145 1372 4231 precibus
1396 4143 1593 4207 inclinantes
1618 4161 1652 4204 se
1676 4161 1786 4204 coram
1811 4142 1855 4226 pii

232 4244 389 4330 principis
417 4247 619 4311 asstantibus
648 4248 771 4329 missis,
807 4249 1029 4333 gratificantes
1057 4258 1091 4314 et
1120 4270 1240 4334 magno
1269 4248 1406 4334 principi
1436 4243 1550 4310 laudes
1578 4243 1706 4309 debitas
1730 4245 1856 4330 persol-

231 4354 362 4420 ventes;
385 4347 502 4414 deinde
525 4357 616 4415 recto
641 4352 753 4417 ordine
778 4352 1007 4434 consederunt,
1031 4360 1064 4419 et
1087 4355 1219 4441 praevio
1243 4359 1356 4417 sancto
1380 4350 1503 4437 Spiritu
1525 4347 1686 4434 quaedam
1711 4347 1856 4434 capitula

232 4451 336 4534 magis
360 4455 548 4519 necessaria
571 4476 613 4520 ex
639 4456 804 4521 canonicis
828 4456 1087 4521 institutionibus
1111 4457 1385 4542 subscripserunt,
1410 4443 1555 4518 errata-³0
1584 4453 1767 4536 corrigere,
1802 4472 1857 4515 su·

232 4555 359 4639 perflue
381 4556 561 4636 abscidere,
585 4566 677 4625 recta
698 4561 752 4623 nia
773 4560 863 4645 regia
886 4565 1044 4626 coartare.
1089 4558 1169 4623 Post
1192 4558 1274 4624 haec
1297 4556 1570 4644 prudentissimus
1594 4577 1653 4619 rex
1677 4575 1854 4639 regnorum

188 4686 214 4724 ro
233 4660 448 4724 sacrosanctis
471 4660 602 4728 divinae
631 4664 798 4748 religionis
826 4662 972 4727 interluit
1000 4662 1164 4747 mysteriis
1195 4669 1228 4726 et
1257 4662 1361 4726 sancti
1389 4667 1499 4746 patres
1529 4659 1665 4723 secretis
1689 4657 1857 4744 palatinis.

232 4761 275 4826 Et
298 4763 470 4829 concordia
497 4773 568 4831 erat
594 4769 627 4832 in
651 4769 774 4833 cunctis
802 4767 843 4832 ad
870 4764 1001 4832 laudem
1030 4765 1106 4830 Iesu
1137 4764 1258 4831 Christi
1285 4765 1405 4830 domini
1428 4763 1544 4838 nostri,
1576 4764 1626 4828 cui
1658 4763 1701 4826 sit
1727 4761 1799 4826 laus
1823 4773 1856 4826 et

231 4865 335 4950 gloria
358 4889 418 4954 par
439 4869 565 4934 infinita
588 4872 772 4936 seculorum
796 4871 916 4934 secula.

843 4972 1046 5061 Explicit¹
1067 4975 1247 5060 epistola.

336 5164 369 5215 a,
388 5165 416 5228 a)
429 5164 531 5232 scapio
543 5162 566 5214 1.
579 5161 604 5214 a.

191 5263 214 5299 rs
232 5249 334 5302 concilii
353 5249 382 5314 23
401 5251 449 5318 cfr.
468 5267 549 5316 aspro
562 5265 590 5314 p.
609 5247 668 5316 208,
686 5260 737 5303 aot.
756 5252 781 5304 b.

682 5161 708 5230 e)
720 5163 768 5217 ori.
782 5163 805 5216 1.
818 5163 842 5216 3.
913 5164 934 5228 ll
947 5165 1017 5216 Finit
1029 5166 1136 5232 epistola
1147 5165 1320 5217 Triburieusis
1334 5162 1444 5214 concilii.
1474 5162 1603 5230 incipiunt
1616 5161 1729 5229 capitula
1742 5163 1857 5214 eiusdem

335 5421 381 5490 at)
401 5417 498 5487 aaa,
516 5419 534 5474 l.
551 5434 572 5475 c.
590 5434 611 5472 s.
627 5418 693 5485 fiac,
720 5435 776 5473 aon
803 5421 934 5475 ιἰιιιιιονίιο
955 5420 1143 5476 ammarum
1165 5421 1241 5475 rerba
1264 5421 1324 5484 illo,
1347 5435 1416 5488 ustae
1441 5419 1545 5488 Regino
1566 5420 1596 5473 ιἰι
1619 5435 1670 5472 sao
1687 5418 1810 5473 ditonico
1827 5417 1858 5472 dc

232 5525 343 5590 canalio
358 5524 522 5579 Μισιιοιιεί
531 5523 601 5592 sncit
611 5529 634 5576 a
651 5539 720 5592 quor
731 5539 816 5593 aspro
830 5542 858 5593 p.
874 5526 924 5579 las
941 5526 1056 5595 alimoto
1069 5531 1142 5593 scot,
1157 5525 1257 5594 partim
1274 5523 1338 5577 hinc
1354 5528 1463 5592 sumpto
1476 5539 1536 5578 esse.
1619 5523 1665 5586 25)
1684 5521 1761 5576 Proo.
1781 5522 1823 5586 25,
1833 5522 1858 5576 3.

232 5629 278 5697 26)
296 5630 321 5684 2.
341 5627 451 5684 umora
469 5629 494 5694 4,
508 5629 534 5683 2.
618 5629 664 5696 ut)
683 5627 761 5683 Rani.
778 5630 803 5694 8,
818 5629 859 5683 37.
947 5631 994 5698 28)
1013 5629 1084 5684 Ibr'd.
1101 5630 1126 5695 8,
1137 5629 1179 5684 31.
1269 5624 1561 5693 salutassem.
1648 5625 1694 5695 30)
1716 5623 1770 5690 Cli.
1788 5641 1857 5693 quac

233 5733 341 5803 aaut
358 5734 390 5786 a
407 5731 489 5788 ‘na’
509 5731 608 5798 xrrr,
623 5749 652 5801 ρ.
671 5733 713 5796 ss,
730 5737 788 5786 aar.
808 5735 831 5787 ι.

1872 643 1933 698 895.
