4560 6426
387 437 633 492 CAPITULARIA
653 438 779 492 REGUM
799 439 980 492 adauctas}
999 438 1261 494 OCCIDENTALIS
1281 439 1489 508 (1111101111).
1509 470 1541 478 -
1560 440 1608 494 Nr.
1621 440 1680 495 275.
1784 444 1845 506 335

228 610 356 674 illorum
380 613 543 698 episeopis
571 635 634 677 non
663 635 721 700 per
744 614 948 678 occasionem
972 620 1028 677 aut
1050 613 1226 690 malitiam,
1258 613 1315 676 sed
1343 634 1403 698 per
1432 614 1592 677 rationem
1617 621 1651 678 et
1673 615 1844 680 veritatem
1863 623 1921 678 869.

224 714 284 778 hcc
312 715 515 781 innotescere
543 717 711 790 studeant;
747 725 780 782 et
813 717 958 803 episcopi
993 717 1201 802 presbyteros
1236 715 1411 782 secundum
1442 738 1535 781 suum
1569 718 1783 782 ministerium
1813 726 1846 782 et

225 819 316 904 leges
340 821 580 886 ecclesiasticas
611 823 722 888 taliter
750 823 928 907 castigent,
956 829 993 886 ut
1020 822 1081 886 hoc
1109 822 1183 885 illos
1213 820 1388 886 emendare
1417 819 1574 898 delectet,
1603 821 1743 907 qualiter
1771 842 1844 884 cum

225 924 413 988 necessaria
437 923 648 1010 benignitatis
672 926 844 991 concordia
867 933 900 991 et
922 926 969 990 illi
991 948 1049 1012 pro
1072 925 1254 991 senioribus
1279 926 1346 990 suis
1370 945 1463 990 orare
1487 931 1520 990 et
1544 925 1689 990 seniores
1713 926 1844 990 illorum

194 1047 317 1090 ssaera
341 1027 449 1092 officia
473 1035 506 1092 ct
530 1027 637 1094 divina
660 1029 816 1115 mysteria
839 1051 919 1116 puro
944 1029 1041 1095 corde
1065 1050 1122 1116 per
1145 1028 1240 1094 illos'
1263 1029 1431 1115 suscipere
1454 1030 1589 1115 possint.
1696 1021 1698 1028 ’

330 1133 359 1194 9.
396 1130 452 1211 Ut,
474 1133 502 1195 si
524 1133 661 1199 abbates
684 1135 735 1198 vcl
760 1133 947 1199 abbatissae
971 1139 1028 1196 aut
1051 1133 1184 1198 comites
1210 1154 1268 1197 seu
1284 1131 1372 1196 vassi
1394 1133 1495 1196 nostri
1519 1139 1576 1196 aut
1599 1134 1699 1198 ceteri
1723 1125 1845 1197 ‘laieiffl

223 1233 361 1298 clericos
390 1235 566 1320 probabilis
595 1238 680 1303 vitae
711 1245 743 1302 et
775 1237 941 1302 doctrinae
974 1237 1138 1323 episcopis
1171 1235 1327 1301 canonice
1359 1235 1624 1301 consecrandosw
1652 1237 1784 1322 suisque
1812 1238 1843 1301 in
1921 1253 1926 1264 ·

224 1337 372 1401 ecelesiis
397 1340 641 1405 constituendos
666 1341 857 1419 obtulerint,
882 1341 971 1405 nulla
1001 1340 1147 1425 qualibet
1175 1339 1348 1404 occasione
1376 1359 1433 1404 cos
1464 1341 1609 1425 episcopi
1632 1339 1683 1404 vel
1706 1341 1844 1404 ministri

225 1462 336 1505 eornm
362 1442 521 1518 reiciant;’
551 1451 584 1510 et
614 1437 804 1532 ‘episeopilss
831 1444 1056 1531 praevideant,
1086 1465 1182 1528 quem
1209 1444 1366 1508 honorem
1396 1442 1581 1528 presbyteri
1610 1465 1668 1529 pro
1698 1443 1845 1508 eeclesiis

181 1567 206 1606 rc
226 1545 293 1608 suis
317 1547 502 1612 senioribus
527 1551 594 1614 suis
618 1549 760 1615 tribuere
784 1547 925 1614 debent!
975 1548 1039 1613 Etx
1072 1539 1253 1635 cpisccpi¹⁴
1276 1548 1447 1634 parochias
1481 1554 1514 1612 et
1536 1548 1679 1613 decimas
1705 1547 1845 1633 antiquis

226 1649 375 1713 ecelesiis
399 1659 545 1726 servent;
570 1645 808 1718 etseniores15
832 1653 1068 1718 immunitatem
1092 1651 1132 1717 de
1157 1673 1269 1716 manso
1292 1651 1333 1715 ad
1350 1652 1524 1717 ecclesiam
1540 1651 1616 1716 dato
1633 1658 1845 1717 conservent:

226 1759 260 1816 ct
283 1745 394 1816 'non¹²
417 1755 486 1820 sinc
511 1757 704 1820 auctoritate
722 1757 773 1820 vel
792 1777 953 1821 consensu
971 1757 1196 1843 episcoporum
1213 1756 1398 1842 presbyteri
1421 1756 1672 1842 inquibuslibet
1695 1757 1845 1821 ccelesiis

226 1857 468 1922 constituantur
491 1860 542 1922 vel
567 1857 820 1945 expellantur1’,
845 1861 929 1924 sicut
953 1861 984 1923 in
1008 1861 1113 1946 primo
1137 1860 1220 1924 libro
1250 1861 1465 1946 capitulorum
1489 1862 1540 1925 avi
1566 1867 1599 1925 et
1621 1861 1721 1945 patris
1744 1861 1845 1924 nostri

225 1969 259 2023 ct
286 1960 369 2024 sicut
399 1962 429 2025 in
463 1963 614 2048 capitulis
643 1963 745 2048 patris
775 1963 875 2027 nostri
904 1984 988 2027 anno
1020 1963 1112 2029 XVI.
1140 1964 1266 2049 imperii
1297 1965 1368 2028 eius
1398 1965 1492 2028 lactis
1521 1955 1749 2029 contineturffi.
1803 1961 1846 2026 Et

184 2062 409 2128 asertoribus
437 2066 701 2151 presbyterorum
733 2066 794 2130 hoc
824 2065 980 2143 sufficiat,
1009 2073 1043 2130 ct
1071 2067 1209 2150 amplius
1242 2088 1302 2152 per
1333 2067 1518 2152 ingeniosas
1547 2066 1803 2132 machinationes
1826 2089 1846 2130 a

222 2168 420 2255 presbyteris
443 2190 505 2234 non
531 2172 664 2256 exigant
689 2171 740 2234 vel
770 2168 960 2254 exquirant,
992 2169 1070 2250 nisi,
1100 2170 1185 2233 sicut
1215 2171 1247 2234 in
1278 2169 1402 2236 eisdem
1432 2171 1582 2256 capitulis
1613 2171 1665 2235 avi
1689 2181 1722 2236 et
1744 2171 1844 2256 patris

223 2273 323 2336 nostri
347 2294 386 2337 ae
409 2275 528 2338 nostris
554 2281 603 2339 est
620 2275 842 2351 constitutum,
867 2294 908 2337 ne
925 2271 1032 2336 Deum
1050 2272 1219 2338 offendant
1242 2281 1276 2339 et
1299 2295 1356 2359 pro
1374 2275 1463 2340 lucro
1480 2281 1621 2350 terreno,
1647 2274 1731 2361 quod
1748 2274 1844 2350 absit,

223 2395 299 2439 suas
322 2377 446 2440 animas
470 2377 608 2462 perdant
631 2385 663 2442 ct
686 2384 827 2442 nostram
856 2377 1012 2442 offensam
1042 2377 1209 2442 incurrant
1236 2399 1275 2442 ac
1306 2385 1381 2464 post
1409 2378 1553 2443 debitam
1583 2378 1843 2444 emendationem

222 2478 352 2564 dignam
388 2473 674 2544 harmiscaramyff
703 2502 722 2544 a
753 2481 848 2545 nobis
884 2480 1073 2566 dispositam
1108 2473 1299 2546 sustineant.
1356 2481 1400 2546 Et
1430 2483 1574 2568 episcopi
1605 2489 1669 2547 tam
1701 2483 1844 2546 seniores

180 2608 206 2648 aa
223 2581 486 2668 presbyterorum
512 2604 607 2670 quam
633 2585 860 2671 presbyteros,
884 2583 941 2649 sed
966 2591 999 2649 et
1022 2586 1147 2670 scipsos
1171 2585 1367 2660 custodiant,
1391 2607 1433 2651 ne
1457 2587 1531 2652 laici
1555 2607 1613 2672 per
1632 2586 1844 2671 ignorantiam

222 2694 254 2750 et
277 2687 460 2772 presbyteri
484 2708 542 2772 par
565 2689 797 2753 necessitatem
829 2695 862 2752 ct
891 2689 955 2774 ipsi
987 2689 1132 2774 episcopi
1156 2689 1209 2753 vel
1238 2691 1376 2755 ministri
1405 2710 1516 2754 eorum
1545 2711 1604 2775 per
1632 2688 1843 2775 cupiditatem

221 2797 254 2854 ct
278 2790 457 2868 avaritiam,
483 2789 568 2875 quod
591 2791 688 2868 absit,
712 2792 745 2855 in
761 2791 977 2857 Simoniaoam
996 2793 1159 2858 haeresim
1184 2793 1319 2869 cadant;
1344 2795 1430 2880 quia,
1454 2801 1490 2857 ut
1513 2800 1646 2858 sanctus
1665 2792 1845 2878 Gregorius

221 2885 343 2974 dicit¹8,
368 2895 421 2980 qui
444 2895 589 2979 praemio
613 2896 665 2959 vel
688 2896 794 2979 gratia
823 2903 879 2960 aut
910 2896 1147 2982 supplicatione
1182 2896 1327 2961 indebita
1358 2896 1400 2962 ad
1430 2919 1540 2962 sacros
1564 2896 1694 2963 ordines
1718 2897 1846 2962 accedit

221 2998 273 3061 vel
297 3005 514 3082 promovetur,
541 2998 727 3080 haereticus
751 3021 770 3064 a
793 2999 937 3065 Domino
961 3000 1147 3085 deputatur,
1172 3009 1236 3065 tam
1261 3001 1327 3080 ille,
1351 3002 1405 3086 qui
1422 3008 1642 3088 promovetur,
1665 3023 1762 3088 quam
1779 3002 1845 3079 ille,

21 3095 23 3100 ’
176 3120 238 3166 aa
263 3123 325 3186 quo
358 3103 466 3167 taliter
493 3109 701 3188 promovetur
729 3112 780 3168 et¹
805 3107 896 3170 cuius
926 3105 1111 3170 interventu
1143 3106 1253 3170 taliter
1280 3112 1524 3192 promovetur⁵;
1557 3112 1589 3171 et
1617 3106 1672 3191 qui
1700 3127 1758 3192 pro
1787 3106 1845 3169 tali

144 3191 147 3196 Δ
221 3205 424 3270 ordinatione
458 3207 592 3271 inlicita·
612 3206 757 3292 quolibet
789 3210 875 3274 malo
908 3209 1054 3293 ingenio,
1088 3208 1173 3295 quod
1205 3208 1312 3274 Deum
1344 3210 1448 3274 latere
1478 3231 1542 3274 non
1571 3215 1695 3295 potest,
1725 3208 1845 3294 aliquid

220 3309 348 3375 dederit
370 3312 423 3375 vel
451 3311 619 3396 acceperit
639 3312 690 3376 sel
721 3311 882 3378 mediator
915 3314 1020 3377 laetus
1048 3313 1162 3390 fuerit,
1195 3312 1326 3395 aDee,
1358 3313 1442 3378 sieut
1473 3334 1612 3378 canones
1643 3312 1705 3377 Dei
1731 3313 1845 3400 spiritu

219 3412 338 3478 conditi
366 3412 606 3495 demonstrant,
640 3414 875 3481 condemnatur
904 3437 963 3502 per
995 3415 1123 3481 illorum
1157 3415 1327 3495 iudicium,
1359 3408 1458 3502 ‘quiffl
1487 3437 1559 3481 cum
1588 3416 1660 3481 Deo
1688 3417 1845 3482 incaelis

219 3511 357 3601 regnant
380 3525 413 3582 et
437 3519 468 3583 in
493 3519 587 3583 terris
610 3519 775 3584 miraculis
798 3517 993 3584 coruscant.'
1039 3518 1249 3585 Damnantur
1264 3520 1377 3604 utique
1400 3521 1432 3584 in
1449 3523 1615 3606 praesenti
1631 3521 1740 3585 seculo
1757 3541 1845 3584 com-

175 3649 201 3690 sc
220 3620 356 3685 burendi
379 3621 454 3705 igne
485 3628 643 3707 perpetuo
667 3623 750 3687 tales
779 3624 1000 3708 negotiatores
1033 3625 1140 3710 pravi,
1172 3643 1260 3703 cum,
1295 3624 1380 3709 quod
1404 3626 1489 3689 iuste
1512 3624 1596 3689 bene
1621 3624 1744 3689 meritis
1767 3621 1846 3688 dare

218 3727 319 3810 gratis
337 3725 456 3790 debent
474 3726 640 3807 iustitiam,
665 3727 750 3791 sicut
766 3727 864 3792 Iudas
882 3728 1059 3806 Christum,
1083 3729 1148 3813 qui,
1175 3735 1212 3792 ut
1228 3727 1305 3792 dicit
1321 3719 1534 3813 apostoluslt
1558 3729 1663 3792 lactus
1685 3734 1737 3793 ast
1751 3729 1844 3793 nobis

218 3827 331 3894 aDco
354 3829 492 3908 iustitia,
517 3829 682 3910 vendidit,
706 3831 752 3894 ita
776 3837 808 3894 et
831 3831 885 3896 isti
909 3830 1016 3896 Deum
1040 3839 1166 3917 patrem
1192 3831 1446 3917 omnipotentem
1472 3838 1505 3896 et
1529 3831 1666 3896 eandem
1689 3831 1845 3897 iustitiam

220 3933 383 3997 Christum
401 3941 497 4019 atque
514 3933 827 3999 consubstantialem
852 3935 916 4000 illis
933 3942 1081 4000 sanctum
1098 3934 1265 4021 Spiritum,
1290 3934 1345 4020 qui
1361 3955 1421 4019 per
1437 3936 1674 4021 impositionem
1691 3956 1844 4000 manuum

220 4037 470 4102 sacerdotalium
486 4037 673 4102 hominibus
690 4037 873 4118 tribuitur⁸,
899 4039 1051 4124 quoniam
1069 4044 1203 4104 sanetae
1220 4038 1376 4104 trinitatis
1397 4058 1462 4102 una
1478 4045 1527 4103 est
1543 4045 1669 4118 natura,
1694 4038 1843 4103 voluntas
1957 4077 1960 4086 ‚

176 4169 200 4208 aa
220 4146 254 4206 ct
270 4141 425 4227 operatio,
450 4141 570 4227 gradus
587 4141 827 4207 ecclesiasticos
845 4143 1014 4228 temporali
1032 4141 1226 4208 commodoh
1250 4140 1385 4207 dantesb
1402 4143 1453 4206 vel
1469 4142 1668 4228 accipientes
1685 4142 1843 4218 vendunt;

220 4252 253 4310 et
275 4244 329 4330 qui
353 4247 492 4331 pretium
515 4244 650 4330 proinde
674 4244 805 4321 donant,
831 4254 943 4309 emunt
965 4252 1147 4331 peccatum,
1172 4250 1205 4311 et
1228 4245 1387 4311 haeretici
1408 4246 1507 4320 fiunt;
1531 4253 1564 4311 et
1586 4247 1641 4331 qui
1664 4247 1843 4332 praemium

219 4348 355 4434 proinde
372 4347 545 4435 accipiunt,
564 4348 648 4412 sicut
665 4347 769 4412 idem⁰
786 4356 916 4413 sanctus
934 4348 1136 4415 demonstrat
1153 4347 1330 4435 Gregorius
1338 4341 1376 4429 1⁸,
1393 4350 1471 4415 laeti
1488 4357 1521 4414 et
1536 4350 1599 4435 ipsi
1614 4349 1770 4415 haeretici
1786 4372 1843 4416 eos

219 4452 362 4517 malitiae
387 4473 466 4516 suae
490 4450 607 4534 gladiis
634 4450 795 4531 occidunt,
820 4473 900 4537 quos
924 4453 1089 4517 vivificare
1112 4453 1267 4518 orationis
1291 4475 1371 4518 suae
1393 4453 1627 4518 intercessione
1651 4451 1843 4520 debuerunt.

330 4559 378 4620 10.
413 4545 490 4619 Ut²¹
521 4574 617 4620 nemo
648 4555 836 4642 episcopus,
869 4575 963 4620 nemo
993 4555 1165 4642 presbyter
1191 4557 1452 4622 excommunicet
1482 4557 1639 4642 aliquem,
1668 4563 1842 4644 antequam

176 4691 202 4730 a
220 4681 319 4726 causa
341 4659 513 4746 probetur,
538 4665 792 4745 propterquam
817 4658 1032 4725 ecclesiastici
1057 4680 1199 4725 canonas
1224 4660 1284 4725 hoe
1307 4659 1377 4724 fleri
1402 4659 1532 4740 iubent,
1562 4665 1594 4724 et
1616 4660 1719 4727 donec
1742 4661 1843 4742 illum,

318 4841 451 4908 ν)11102.
543 4842 577 4905 w)
596 4843 784 4895 conservandos
804 4842 825 4894 l.
931 4843 957 4906 x)
976 4850 1002 4895 et
1020 4844 1249 4911 ...expellantur
1271 4861 1319 4895 oar.
1337 4841 1368 4906 2;
1393 4843 1577 4911 compellantur
1598 4843 1619 4895 l.
1714 4844 1742 4910 y)
1761 4845 1843 4896 hann-

217 4947 314 4983 ecaram
335 4930 357 4982 1.
437 4929 461 4994 a)
479 4937 505 4982 ct
522 4967 528 4981 .
543 4968 568 4982 ..
587 4937 752 4997 promovetur
769 4946 817 4981 om.
839 4929 862 4980 1.
885 4927 909 4981 4.
930 4928 955 4980 5.
1038 4929 1065 4993 a)
1084 4930 1214 4981 tribuatur
1231 4927 1256 4980 2.
1339 4929 1366 4994 1))
1385 4929 1574 4982 commodantes
1591 4927 1616 4981 2.
1698 4929 1723 4992 c)
1741 4932 1801 4984 item
1819 4931 1843 4983 2.

321 5094 364 5162 12)
383 5092 519 5163 Aesepl,
537 5108 559 5146 c.
572 5091 617 5157 84,
640 5091 656 5144 1.
670 5107 690 5146 c.
711 5107 740 5158 p.
753 5090 812 5144 497.
912 5091 955 5160 13)
975 5090 1049 5146 Ibid.
1063 5091 1091 5159 1,
1107 5108 1130 5146 e.
1144 5093 1206 5160 142,
1233 5093 1249 5146 l.
1262 5108 1283 5146 c.
1298 5107 1328 5160 p.
1339 5091 1398 5146 412.
1496 5079 1545 5157 14)
1560 5089 1613 5157 Osr.
1631 5091 1693 5146 rbsd
1708 5092 1748 5160 11,
1768 5109 1789 5148 c.
1802 5095 1845 5160 34,

216 5199 232 5252 l.
244 5214 266 5254 c.
281 5215 309 5266 p.
321 5196 380 5252 122.
470 5197 511 5263 15)
532 5195 588 5263 Gsr.
608 5195 673 5272 (lap.
692 5195 807 5250 amared.
824 5211 845 5251 c.
861 5195 899 5250 11.
992 5199 1033 5264 16)
1054 5197 1120 5266 Gora
1138 5196 1264 5252 Worraat.
1286 5196 1351 5262 829,
1370 5209 1456 5263 supro
1470 5210 1500 5262 p.
1514 5194 1560 5260 12,
1578 5211 1600 5248 c.
1615 5197 1636 5248 l.
1726 5197 1767 5262 17)
1788 5197 1843 5262 Ofr.

176 5315 199 5355 rs
219 5301 307 5356 acar.
326 5301 390 5356 Pist.
404 5302 455 5356 864
473 5316 557 5368 repra
575 5317 603 5368 p.
617 5301 681 5367 319,
697 5316 718 5354 e.
735 5301 776 5354 21.
835 5303 836 5306 ’
879 5299 920 5366 18)
938 5299 1034 5366 Verba,
1058 5317 1127 5368 qaae
1148 5305 1307 5370 sequamur,
1329 5298 1370 5352 ita
1386 5297 1492 5366 quidem
1510 5297 1586 5366 aprrd
1608 5297 1766 5368 Gergoviam
1788 5317 1845 5356 reon

218 5407 356 5476 hyemem,-
382 5407 432 5472 cfr.
451 5411 539 5460 eatan
562 5405 684 5474 Grcporii
705 5404 817 5474 Rapiatr.
838 5404 880 5457 bh.
904 5402 934 5472 V,
956 5421 997 5474 ep.
1015 5405 1056 5460 58.
1075 5407 1124 5469 63,·
1146 5404 1189 5458 lab.
1207 5403 1270 5470 IX,
1293 5419 1333 5472 cp.
1346 5403 1410 5471 218,
1430 5402 1492 5456 ΕΕ.
1506 5401 1535 5469 Ι,
1554 5418 1583 5470 p.
1596 5402 1656 5457 369.
1674 5402 1737 5471 379,
1762 5405 1845 5472 Jaffe',

220 5509 321 5580 Rcycst.
336 5509 437 5578 postis.
451 5510 495 5576 1²,
512 5525 554 5564 ar.
568 5501 642 5563 1371.
663 5508 737 5563 1379.
757 5508 831 5574 1747,
853 5513 877 5561 ct
894 5507 1010 5576 saepias.
1117 5509 1160 5576 19)
1187 5506 1240 5574 Osr.
1263 5522 1349 5576 supra
1366 5523 1396 5574 p.
1409 5505 1474 5574 288,
1500 5505 1635 5574 lta3lsq.
1723 5509 1768 5575 20)
1791 5507 1844 5575 Osr.
1917 5529 1918 5534 ¹

221 5613 297 5669 Rom.
319 5613 392 5680 10,4.
481 5613 525 5679 21)
544 5611 603 5666 Hoc
619 5617 700 5680 rapat
718 5627 802 5680 asqrrc
819 5609 857 5664 ad
874 5611 991 5664 cabum:
1010 5611 1106 5666 redeat
1123 5611 1159 5679 d>-
1169 5611 1228 5679 336,
1247 5611 1295 5665 lia.
1308 5612 1337 5679 8)
1353 5609 1472 5664 meetm
1488 5623 1521 5663 ca
1532 5613 1611 5677 aare
1626 5608 1792 5680 &mammam
1809 5617 1845 5668 eat

218 5733 250 5776 a
266 5733 323 5788 cop.
336 5719 360 5772 6.
383 5717 460 5771 Coae.
473 5733 516 5788 ep.
531 5715 678 5783 meamne
690 5716 750 5784 860,
768 5729 855 5782 supra
871 5731 899 5784 p.
916 5715 966 5770 155
974 5729 1012 5782 aq.
