4590 6420
431 429 494 492 390
542 423 811 480 ΑΒΒῙΤΑΜΕΝΤΑ
831 423 878 478 ΑΒ
896 422 1011 480 CAPIT.
1031 421 1112 477 ΒΕΘ.
1132 419 1318 476 uusnclnu
1337 417 1526 474 occinunr.
1546 415 1696 486 (Knuuul
1710 417 1755 486 ΙΙ).
1773 449 1807 460 -
1823 418 1872 472 Nn.
1884 418 1944 473 233.

351 605 412 661 845.
433 601 543 664 altimo
565 600 621 680 (sc.
644 619 669 663 c.
686 600 744 681 80)
770 616 904 662 canones
932 598 1044 679 synodi
1072 594 1309 661 Bellovacens'is
1338 598 1497 675 tamqrmm
1519 615 1543 658 c.
1561 598 1646 659 81-
1659 597 1710 661 88.
1739 593 1876 658 cubiade
1902 598 1994 671 suum
2021 593 2058 654 in

433 705 528 767 classi
549 723 620 766 vero
642 703 683 766 A.
707 723 732 766 c.
749 705 799 766 80.
823 703 985 767 ornittitnr.
1040 701 1139 766 Caicus
1161 699 1272 762 classis
1294 699 1325 762 A
1347 697 1463 762 cedices
1484 699 1531 760 iia
1553 698 1637 761 inter
1658 715 1689 762 sc
1711 697 1888 775 cohaerent,
1915 701 1950 761 at
1972 700 2001 762 2.
2026 701 2056 762 3.

431 829 471 870 aa
492 807 593 870 endem
616 808 719 886 iqnotc
740 797 862 870 rediet
884 805 953 882 X2‚
980 809 1009 866 ct
1030 803 1093 868 end.
1124 803 1176 872 X.
1206 822 1273 866 rene
1304 821 1372 866 cum
1396 807 1426 867 4.
1456 821 1495 864 en
1521 801 1675 866 commemi-
1697 793 1807 885 sonat
1836 801 1887 872 X.
1922 801 2059 865 derivati

432 912 506 974 sint.
552 909 703 973 Retinere
726 931 804 988 vern,
827 931 907 990 perae
929 910 994 971 sint
1016 909 1099 970 inter
1120 906 1235 970 codices
1265 908 1353 971 1-6.
1376 905 1431 968 troc
1451 908 1608 968 stemmate
1626 905 1836 970 demonstrari
1853 908 1972 985 potest:

1225 1024 1271 1078 ΘΓ.
2090 1019 2102 1056 ⁵

1061 1095 1427 1120 μ--Λ-ι-

1045 1123 1076 1176 Χ
1415 1119 1444 1174 Y

975 1195 1164 1276 s--X1
1340 1191 1520 1272 ἶν’-ἐπ.

1050 1289 1244 1373 {Tu-X

1140 1385 1296 1428 —-‘*-.

1128 1412 1154 1467 2.
1284 1409 1309 1463 d.

1581 1475 1640 1561 (B.
1662 1476 1761 1556 detsi;
1782 1475 1822 1543 P.
1844 1477 1951 1558 deest.)
2079 1501 2104 1538 rc

980 1687 1158 1754 INDEX
1186 1683 1513 1753 TITULORUM.

714 1809 773 1874 Ea
803 1809 1044 1875 sermonem.
1572 1806 1654 1871 Eeb
1683 1807 1811 1873 codice
1837 1813 1863 1876 i.

549 1929 607 1994 Ex
630 1936 831 1994 conventu
855 1931 891 1994 in
915 1931 1013 1996 viiia
1037 1929 1211 1995 Colonia.

544 2057 570 2117 1.
605 2051 656 2115 De
673 2051 795 2115 honora
812 2051 966 2136 cultuque
982 2051 1046 2116 Dei
1062 2059 1160 2138 atque
1178 2051 1282 2116 eccie—
1379 2049 1431 2116 De
1455 2051 1579 2115 honore
1603 2055 1636 2114 et
1659 2052 1746 2116 cultu
1764 2052 1826 2117 Dei
1852 2059 1949 2137 atquc
1966 2073 2061 2116 sane-

643 2157 762 2219 siarum
776 2161 810 2218 et
820 2176 985 2220 servorum
993 2154 1055 2218 Dei
1064 2155 1283 2219 veneratione.
1423 2161 1528 2220 tarum
1553 2155 1774 2220 ecclesiarum.
2082 2179 2106 2218 re

540 2263 569 2322 2.
605 2259 650 2322 Ut
680 2258 785 2323 honor
816 2267 850 2322 ct
877 2266 1025 2345 potestas
1054 2260 1145 2340 regia
1172 2260 1283 2322 incon·
1380 2259 1432 2324 De
1456 2259 1578 2323 honore
1601 2259 1691 2344 ragio
1715 2266 1749 2324 st
1769 2265 1933 2345 potestate
1949 2261 2062 2344 regali.

645 2363 737 2426 vulsa
760 2370 960 2449 permaneat.

542 2470 570 2531 3.
606 2465 657 2531 De
681 2466 814 2530 iustitiis
837 2466 1012 2550 unicuique
1036 2465 1214 2530 seeundum
1236 2465 1284 2528 le·
1383 2467 1427 2530 Ut
1457 2487 1476 2530 a
1507 2466 1625 2552 quibus
1663 2466 1818 2531 honorem
1858 2469 2063 2555 suscipimus,

643 2590 718 2654 gem
742 2591 834 2633 suarn
857 2569 1027 2635 faciendis.
1425 2591 1482 2634 cos
1507 2570 1599 2634 iuxta
1614 2569 1733 2634 dietum
1750 2569 1945 2636 dominicum
1961 2572 2063 2637 hono-

497 2745 498 2750 ,
1426 2695 1545 2740 remus.
2082 2697 2108 2737 ro

543 2783 573 2842 4.
608 2777 653 2840 Ut
676 2796 771 2841 namo
789 2777 963 2861 quidquam
981 2778 1050 2862 regi
1066 2782 1176 2841 contra
1193 2777 1285 2840 iusti·
1382 2778 1475 2852 Quod
1492 2779 1621 2843 facilius
1639 2779 1815 2844 auctoritas
1830 2787 1942 2845 nostra
1959 2781 2066 2844 valcat

645 2882 710 2946 tiae
734 2881 892 2945 rationem
917 2887 1085 2966 suggerat.
1426 2885 1613 2950 observare.

543 2991 571 3049 5.
608 2984 662 3064 Ut,
686 2986 712 3048 si
728 2985 806 3071 quid
829 2985 898 3070 regi
914 2983 1106 3070 subreptum
1122 2992 1182 3064 est,
1206 2983 1285 3048 fide·
1384 2987 1417 3052 Si
1442 2989 1634 3074 subreptum
1659 2988 1756 3052 inerit
1779 2989 1954 3076 quippiam.

645 3089 720 3154 liter
742 3088 965 3154 admoneatur.

544 3197 573 3256 6.
609 3193 659 3258 De
682 3194 732 3274 iis,
756 3194 810 3279 qui
827 3192 941 3257 initum
962 3192 1156 3257 concordiae
1172 3190 1287 3255 foedus
1382 3197 1434 3261 De
1456 3196 1568 3261 federe
1592 3195 1796 3260 concordiae.

646 3297 830 3382 irruperint.

497 3489 552 3554 ux
576 3488 723 3575 synodo
747 3487 854 3573 apud
877 3486 1276 3552 Theodonis-villam.

547 3615 574 3674 7.
610 3610 655 3675 Ut
678 3609 842 3696 principes
866 3615 1013 3673 mutuam
1035 3609 1120 3673 inter
1146 3627 1182 3671 se
1204 3607 1286 3671 eari-
1386 3613 1436 3677 De
1461 3634 1511 3692 eo,
1536 3613 1590 3698 qui
1613 3611 1773 3677 feliciter⁰
1797 3611 1866 3674 vult
1888 3631 2037 3696 regnare.

651 3719 752 3779 tatem
779 3721 813 3778 ct
839 3713 1043 3777 concordiam
1072 3712 1194 3776 habere
1220 3718 1286 3774 stu·

650 3817 759 3883 deant.
2087 3846 2113 3884 ro

547 3925 577 3988 8.
612 3921 657 3986 Ut
682 3922 829 4008 episcopi
853 3923 885 3985 in
910 3921 1050 3984 viduatis
1074 3919 1207 3985 sedibus
1236 3939 1287 3982 or·
1386 3922 1480 3996 Quod
1511 3923 1552 3987 ab
1585 3943 1642 4002 eo,
1673 3924 1727 4009 qui
1754 3923 1843 3987 eolus
1870 3944 1930 3988 rex
1963 3928 2015 3987 est
2037 3927 2070 3985 at

651 4025 813 4090 dinentur.
1431 4027 1595 4100 sacerdos,
1620 4026 1781 4091 aecclesia
1803 4027 1964 4113 disposita
1988 4025 2037 4088 sit.

549 4137 578 4196 3.
613 4130 658 4194 Ut
670 4129 870 4194 monasteria
885 4129 976 4194 laicis
989 4149 1147 4192 concessa
1162 4127 1291 4211 religie-
1387 4128 1440 4193 Da
1464 4136 1576 4194 sancto
1599 4129 1710 4194 ordine
1734 4131 1924 4196 monastico.

653 4235 697 4298 sis
713 4233 868 4319 deinceps
883 4233 960 4296 viris
978 4254 1035 4297 sau
1053 4231 1181 4296 feminis
1203 4251 1290 4294 corn-

653 4337 833 4401 mittantur.
2090 4353 2115 4392 ss

526 4447 573 4508 10.
608 4440 658 4505 De
683 4439 854 4519 abusibus,
886 4460 968 4524 quoe
996 4439 1072 4502 laici
1096 4439 1293 4502 monasteria
1388 4438 1482 4512 Quod
1506 4463 1570 4505 nnn
1594 4441 1668 4505 iaici
1691 4441 1722 4505 in
1745 4440 1850 4505 medio
1867 4439 2071 4507 sacerdotum

653 4551 805 4627 regentes
829 4542 1094 4628 praesumebant.
1432 4551 1465 4608 et
1480 4545 1652 4609 levitarum
1679 4551 1716 4608 ut
1732 4544 1853 4609 domini
1877 4551 1911 4610 et
1926 4546 2073 4630 magistri

1432 4647 1608 4714 resideant.

550 4843 576 4906 a)
596 4842 674 4893 Hunc
697 4841 806 4892 irsdicem
828 4857 859 4892 ca·
878 4839 1032 4904 sirmondo,
1058 4840 1174 4892 Consilia
1187 4839 1249 4904 111,
1271 4856 1298 4904 p.
1311 4839 1359 4904 25,
1387 4840 1507 4905 capimus
1526 4841 1680 4907 praeposui,
1705 4841 1820 4906 qsmnsair
1843 4841 1895 4892 dici
1916 4859 1969 4894 aon
1991 4841 2073 4906 liceat,

448 4948 560 4996 pesonam
578 4929 662 4980 codice
681 4929 844 4993 Sir-mondus,
862 4927 906 4992 qui
923 4934 1066 4977 constannens
1079 4927 1170 4993 nstmdi
1188 4943 1219 4978 aa
1236 4927 1387 4978 cclitionibus
1403 4927 1534 4992 prioribus
1545 4927 1664 4992 repetisse
1676 4927 1784 4990 ridemur,
1802 4944 1864 4978 unca
1881 4927 1920 4979 rit.
1957 4928 2073 4980 Iudicem
2091 4939 2118 4978 ⁴⁰

450 5034 509 5067 vero
527 5034 579 5066 reon
596 5034 648 5067 aare
660 5019 759 5083 fictum,
775 5015 869 5082 probat
888 5014 975 5063 nucleis
987 5013 1078 5078 capitia
1090 5011 1136 5073 27,·
1154 5015 1204 5080 cfr.
1216 5014 1289 5080 iafra
1307 5030 1327 5064 e.
1341 5011 1383 5065 27.
1461 5012 1490 5076 b)
1510 5012 1594 5064 indae
1612 5013 1725 5077 nequitur
1736 5013 1764 5064 in
1783 5012 1807 5064 1.
1814 5014 1953 5080 prolepsim
1965 5015 2073 5066 aoncilii.

449 5104 474 5168 c)
494 5105 576 5156 taliter
595 5104 617 5154 l.

554 5290 582 5358 4)
602 5288 773 5357 Qreamquam
794 5287 864 5340 enim
881 5287 985 5356 aliquot
1004 5286 1138 5340 ammantica
1161 5286 1285 5340 iedicnca
1308 5285 1346 5340 eis
1363 5291 1428 5339 arent
1452 5300 1603 5340 communes
1625 5285 1800 5354 etqreacdam
1818 5287 1895 5340 raba
1912 5288 1943 5342 in
1960 5293 2076 5357 retroque

450 5393 642 5459 mancia,
667 5399 755 5446 tamen
772 5408 857 5460 neque
875 5391 932 5446 cod.
945 5393 969 5445 2.
992 5406 1024 5444 ce
1042 5390 1129 5444 codiee
1147 5392 1170 5446 3.
1196 5392 1235 5444 uel
1256 5390 1309 5444 uice
1331 5405 1403 5444 cerea
1423 5389 1638 5458 exanimasset,
1661 5406 1720 5444 aem
1742 5391 1774 5443 in
1791 5390 1881 5446 codiee
1898 5392 1923 5446 2.
1942 5391 1995 5446 loci
2010 5391 2077 5458 fulsi

452 5502 568 5562 ment,
592 5512 657 5563 quos
682 5495 737 5550 cod.
753 5498 778 5550 3.
801 5501 869 5550 recte
891 5495 1011 5564 praebet,
1035 5501 1058 5548 at
1083 5495 1159 5550 curba
1182 5496 1347 5563 omitteretur,
1373 5511 1441 5563 queat
1465 5494 1497 5547 in
1519 5493 1606 5549 codice
1631 5497 1655 5548 3.
1673 5496 1844 5564 reperiuntur
1866 5501 1889 5550 et
1911 5497 1964 5550 rice
1990 5511 2072 5550 raram
2091 5513 2115 5552 re

451 5607 479 5672 ὁ)
499 5603 542 5658 Da
562 5600 697 5656 coemens
721 5599 764 5660 Χι
784 5605 808 5654 et
825 5602 850 5656 4.
872 5599 962 5654 endem
984 5599 1100 5655 dicanda
1121 5605 1199 5668 eunt,
1222 5616 1291 5668 quae
1314 5598 1347 5653 de
1369 5597 1443 5652 codd.
1460 5599 1484 5653 2.
1502 5599 1534 5666 3,·
1558 5599 1604 5664 cfr.
1630 5599 1708 5654 etiam
1731 5600 1837 5654 aranei
1862 5600 1927 5666 fciat
1949 5599 2077 5670 captain

451 5725 513 5766 rum
529 5707 624 5776 iisqq.
