4634 6436
568 457 688 512 Picus
706 457 755 512 ΕΤ
774 459 985 515 Passennus
998 460 1181 516 VENE'I'ICA
1202 461 1395 531 (wlnonis).
1413 495 1446 503 -
1465 465 1514 520 Nr.
1526 465 1586 520 239.
1833 473 1891 533 147

374 628 462 694 Data
477 629 590 698 11111‘.
605 631 684 695 Idus
701 632 840 717 Magius,
860 655 945 699 anno
961 636 1191 700 incarnationis
1208 635 1328 700 domini
1340 629 1592 718 Dsascnllu,
1610 639 1788 704 indictione
1804 639 1891 716 lile
1909 651 1969 705 888.

265 736 375 795 sctum
399 725 495 796 Sala³
518 742 610 799 curte
635 737 733 819 regia.

370 904 391 972 t)
408 908 445 957 ita
463 908 537 959 codd.
608 908 637 972 u)
655 909 693 960 ita
711 909 785 962 codd.
799 928 852 977 pro
869 912 911 962 Vl.

369 1058 397 1126 3)
416 1059 485 1113 Salo.

873 1135 1284 1148 Ἢ-

235 1452 368 1564 5239.
409 1445 937 1557 PRAEOEPTUM
958 1447 1305 1560 WlDOle
1338 1451 1891 1569 IMPERATORIS.

931 1627 1028 1710 891.
1060 1637 1140 1711 lun.
1167 1637 1227 1711 ab.

368 1802 437 1884 Ad
467 1818 641 1899 exemplam
672 1819 839 1900 Praecepit
872 1819 1004 1899 Karali,
1045 1841 1146 1901 supra
1174 1843 1208 1902 p.
1236 1824 1312 1900 142,
1351 1823 1555 1905 compositam
1588 1825 1743 1890 traditam
1778 1832 1823 1890 cst
1856 1829 1892 1892 ia

268 1923 300 2006 l)
323 1923 420 1987 Libro
449 1922 557 1986 biriaco
579 1921 632 2002 fol.
655 1926 707 1999 13,
738 1944 788 1990 or.
806 1929 840 2000 5,
871 1925 929 2005 qui
958 1924 1080 1988 cullibet
1106 1925 1358 2006 inscriptionem:
1395 1925 1608 2011 Privilegium
1638 1929 1891 1995 confirmationis

265 2025 421 2091 Lodovici
454 2026 531 2108 (sic,
560 2025 805 2110 proWidcnis)
836 2029 1039 2113 imperatoris
1066 2028 1189 2091 facturn
1217 2027 1346 2093 domino
1375 2028 1475 2093 Petro
1504 2028 1578 2093 duci
1601 2030 1814 2097 Venetiarum
1850 2057 1892 2098 ex

221 2175 248 2213 rc
266 2132 364 2194 rebus
394 2130 444 2194 sui
473 2127 611 2193 ducatus
639 2135 672 2193 et
700 2150 763 2215 quc
794 2130 877 2195 intra
904 2129 1081 2194 dictionem
1108 2132 1157 2194 sui
1186 2132 1311 2218 imperii
1341 2133 1401 2196 site
1429 2153 1505 2195 esse
1535 2140 1727 2210 noscuntur;
1763 2135 1796 2221 2)
1825 2137 1891 2200 cod.

266 2234 434 2298 Tricrsaao
456 2232 509 2312 sol.
527 2237 579 2299 59.
624 2232 832 2314 Praeceptum
855 2233 956 2298 ῑοοιιηι
980 2234 1082 2298 terruit
1101 2236 1207 2315 pacti,
1236 2256 1275 2298 ca·
1296 2255 1357 2316 quo
1379 2235 1536 2315 qrrocdam
1559 2240 1778 2317 trarrssampta
1799 2245 1894 2317 aaran

264 2336 323 2418 cfr.
345 2357 427 2418 qaue
448 2357 549 2417 supro
564 2357 600 2416 p.
621 2340 680 2401 130
704 2337 854 2402 dicimus.
1424 2336 1484 2419 (B.
1501 2338 1600 2414 deest·
1626 2337 1665 2405 P.
1681 2339 1790 2424 deest.)

369 2552 415 2663 ln
438 2599 569 2664 nomine
594 2605 706 2668 sancte
730 2605 763 2663 et
786 2599 950 2664 individue
974 2600 1136 2663 trinitatis.
1176 2597 1294 2662 wido·
1310 2599 1415 2682 gratia
1436 2597 1500 2663 Dei
1522 2599 1699 2684 imperator
1722 2608 1892 2686 augustus.

371 2703 494 2774 Dignum
518 2708 572 2769 est,
601 2707 634 2758 ut
657 2703 793 2758 celsitudo
817 2703 984 2772 imperialis,
1014 2707 1152 2772 quantum
1175 2707 1283 2758 ceteros
1306 2702 1421 2757 honoris
1444 2719 1476 2756 ac
1500 2704 1652 2772 potestatis
1675 2705 1791 2776 fastigio
1814 2712 1891 2762 ante-

221 2818 246 2856 η
265 2790 351 2854 cellit,
376 2793 488 2844 tautum
511 2808 578 2861 erga
602 2807 697 2844 omnes
721 2789 836 2859 pietatis
860 2807 908 2844 sue
930 2808 1031 2844 munus
1054 2790 1215 2860 impendere
1239 2792 1359 2859 satagat.
1394 2787 1486 2858 igitur
1508 2789 1633 2843 omnium
1653 2791 1776 2846 fidelium
1795 2797 1892 2848 sancte

266 2877 317 2931 Dei
340 2877 456 2932 ecclesie
478 2879 710 2945 nostrorumque,
739 2876 912 2946 presentium
936 2876 1028 2931 silicet
1050 2893 1083 2930 ac
1106 2878 1279 2941 futurorum,
1303 2874 1458 2944 comperiat
1480 2875 1660 2946 magnitudo,
1684 2878 1752 2947 quia
1774 2869 1892 2934 Petrus

267 2963 451 3018 veneciarum
472 2964 528 3017 dux
551 2981 602 3032 per
624 2963 734 3033 legatos
758 2979 836 3027 suos,
867 2953 1074 3017 Doruinicum
1098 2953 1253 3017 videlicet
1274 2952 1488 3038 presbiterum
1513 2963 1546 3016 ct
1570 2954 1761 3039 capelanum
1786 2977 1891 3036 auum,

266 3040 454 3104 Mauritium
479 3061 606 3125 quoque
630 3049 727 3125 atque
742 3039 885 3103 Vitalem
904 3049 1061 3114 Veneticos,
1085 3052 1211 3104 nostram
1230 3049 1397 3118 deprecatus
1420 3052 1464 3101 est
1486 3048 1673 3116 clementiam,
1696 3054 1729 3105 nt
1751 3068 1785 3106 ex
1808 3051 1891 3106 rebus

265 3137 308 3190 sui
330 3136 448 3190 ducatus
471 3153 612 3205 quamque
639 3139 668 3190 et
697 3153 776 3189 suam
803 3135 1019 3205 proprietatem,
1049 3126 1153 3204 quamb
1176 3135 1205 3189 in
1221 3135 1342 3190 Venetia
1364 3125 1512 3189 obtinere
1536 3135 1647 3190 videtur
1670 3137 1714 3191 vel
1737 3155 1791 3206 que
1819 3138 1893 3192 infra

220 3245 247 3284 ρο
265 3222 418 3277 dictionem
440 3221 552 3291 imperii
575 3222 664 3276 nostri
688 3222 759 3276 scita
782 3239 842 3276 esse
865 3225 1026 3288 noscuntur,
1051 3222 1077 3276 ei
1100 3220 1320 3276 confirmationis
1343 3223 1439 3276 nostre
1461 3225 1626 3292 preceptum
1646 3223 1705 3277 fieri
1724 3223 1891 3290 iuberemus,

264 3327 315 3378 per
337 3309 412 3377 quod
435 3308 494 3378 ipse
518 3308 616 3377 suique
639 3307 756 3362 heredes
779 3325 812 3361 ac
834 3308 1004 3377 patriarcha,
1028 3308 1183 3377 pontifices,
1206 3307 1324 3362 abbates
1347 3309 1432 3376 atque
1455 3307 1576 3377 populus
1599 3307 1653 3362 sibi
1675 3309 1817 3364 subiectus
1837 3311 1891 3366 sibi

264 3395 373 3449 debitas
402 3412 446 3449 res
473 3394 579 3463 absque
607 3394 763 3463 cuiuspiam
790 3395 993 3448 contrarietate
1020 3412 1068 3448 seu
1095 3394 1286 3465 refragatione
1309 3393 1431 3448 retinere
1454 3393 1626 3462 quivissent,
1658 3396 1892 3464 quemadmodum

264 3481 438 3551 temporibus
466 3472 541 3535 boni
565 3471 808 3557 predecessoris
838 3480 927 3535 nostri
950 3481 1049 3535 Karoli
1077 3473 1283 3557 imperatoris
1311 3497 1362 3550 per
1383 3480 1527 3534 decretum
1546 3497 1611 3534 cum
1635 3479 1730 3536 Grecis
1753 3483 1892 3538 sancitum

264 3567 451 3637 possiderunt.
495 3567 583 3622 Petiit
606 3567 693 3622 etiam
716 3566 912 3622 celsitudinem
935 3571 1073 3632 nostram,
1096 3571 1141 3634 ut,
1165 3567 1194 3620 in
1215 3567 1437 3636 quibuscumque
1460 3565 1560 3636 patriis
1583 3583 1616 3620 ac
1639 3567 1788 3636 provintiis
1811 3570 1891 3639 regni

218 3678 245 3717 25
264 3653 355 3709 nostri
378 3653 519 3724 quispiam
536 3653 686 3708 Veneticns
709 3657 797 3718 esset,
827 3670 875 3707 sue
898 3653 1036 3722 potestati
1063 3657 1191 3708 maneret
1214 3653 1356 3708 subiectus
1379 3655 1464 3721 atque
1488 3652 1564 3706 omni
1587 3652 1640 3707 tide
1664 3654 1708 3708 vel
1730 3653 1893 3710 obedientia

265 3739 426 3794 submissus.
465 3738 549 3794 Cuius
572 3739 767 3810 petitionibus,
791 3744 822 3794 ut
845 3738 926 3794 nobis
950 3739 1061 3794 celestis
1084 3739 1248 3810 suffragatio
1272 3739 1412 3809 copiosior
1432 3737 1513 3803 adsit,
1538 3737 1660 3794 libenter
1678 3740 1892 3808 adquiescentes

263 3826 316 3881 hos
338 3826 495 3881 excelentia
518 3831 613 3882 nostre
637 3826 731 3896 apices
754 3826 927 3881 decrevimus
949 3826 1017 3890 lieri,
1041 3843 1092 3895 per
1114 3844 1184 3895 quos
1207 3829 1365 3880 statuentes
1389 3824 1571 3889 decernimus,
1595 3829 1628 3879 ut
1646 3843 1728 3881 nemo
1744 3843 1778 3881 cx
1794 3831 1892 3883 nostro

264 3930 352 3983 regno
379 3913 409 3966 in
437 3912 538 3967 finibus
562 3912 693 3966 Civitatis
722 3929 794 3967 nove
817 3913 861 3967 vel
885 3912 1022 3967 Milidisee
1050 3912 1109 3968 sive
1138 3913 1168 3966 in
1191 3912 1273 3976 villa,
1303 3929 1357 3981 que
1380 3911 1484 3964 dicitur
1506 3909 1598 3980 Caput
1620 3911 1757 3982 Argelis⁰,
1788 3914 1833 3968 vel
1862 3915 1892 3968 in

265 3999 366 4053 linibus
389 4003 476 4068 atque
498 3999 722 4069 possessionibus
746 3998 805 4054 eius
823 3999 869 4053 vel
888 3998 975 4052 etiam
991 3998 1088 4064 vincis,
1112 3999 1204 4064 terris,
1228 3998 1325 4069 pratis,
1350 3997 1468 4068 pascuis,
1493 3997 1571 4050 silvis
1587 4001 1672 4066 atque
1688 3998 1892 4067 piscationibus

218 4109 246 4147 ω
265 4085 340 4139 illius
363 4089 414 4140 aut
436 4085 466 4139 in
489 4085 589 4140 ceteris
612 4086 689 4150 locis,
714 4085 815 4155 quibus
838 4085 867 4138 in
891 4088 974 4155 pacto
998 4103 1094 4139 eorum
1117 4085 1260 4155 relegitur,
1285 4085 1329 4139 vel
1353 4083 1401 4137 ubi
1423 4083 1497 4137 infra
1517 4083 1657 4138 dicionem
1671 4085 1783 4154 imperii
1802 4087 1893 4141 nostri

266 4161 477 4242 proprictutcs‘¹
501 4171 604 4227 habere
628 4171 767 4236 videntur,
795 4172 920 4240 aliquam
942 4163 1208 4227 contrarietatem
1233 4183 1272 4226 ac
1295 4161 1570 4225 machinationem
1594 4162 1704 4226 facere
1727 4172 1894 4248 presumat

264 4270 326 4314 nec
350 4250 449 4314 etiam
474 4258 653 4313 venationem
676 4261 727 4312 aut
749 4257 962 4328 pabulationem
985 4248 1031 4312 ibi
1054 4262 1197 4322 exerceat,
1221 4255 1254 4312 et
1276 4250 1464 4312 nullatcnus
1487 4255 1615 4311 homines
1639 4257 1712 4324 eius,
1735 4259 1784 4328 qui
1807 4259 1837 4313 in
1860 4277 1893 4315 eo

264 4345 375 4399 ambitu
403 4344 683 4409 circuminhabitant,
713 4344 838 4412 aliquam
867 4344 1026 4399 sustineant
1048 4343 1276 4399 molestationem
1299 4344 1343 4400 vel
1366 4343 1494 4408 fortiam,
1526 4343 1574 4397 scd
1597 4344 1733 4399 securiter
1754 4349 1840 4414 atque
1863 4347 1893 4400 in

264 4449 333 4502 pace
362 4431 402 4486 ibi
425 4431 519 4486 vivere
546 4434 666 4500 queant;
699 4430 785 4486 immo
809 4447 859 4500 per
885 4431 948 4484 loca
975 4435 1005 4484 et
1026 4431 1143 4485 flumina
1165 4433 1266 4485 cuncto
1290 4433 1386 4484 nostro
1410 4429 1439 4482 in
1462 4446 1548 4499 regno
1573 4428 1660 4485 libere
1682 4447 1733 4484 sna
1755 4437 1894 4502 peragant

220 4540 246 4579 aa
265 4517 391 4589 negocia,
414 4517 457 4572 ita
479 4521 574 4572 tamen
597 4521 630 4572 ut
652 4517 761 4571 nullum
782 4533 936 4586 gravamen
959 4517 1064 4572 sentiat
1086 4517 1207 4586 populus
1228 4517 1296 4582 eius,
1320 4516 1383 4581 uisi,
1406 4516 1481 4585 quod
1502 4533 1605 4584 equum
1622 4520 1672 4582 est,
1696 4518 1893 4573 tantummodo

265 4605 404 4660 telonaria
427 4608 457 4659 et
479 4604 600 4674 ripatica
622 4603 722 4658 solvat.
767 4603 838 4657 Nam
862 4621 926 4658 vero
950 4603 1092 4672 predictus
1115 4602 1171 4657 dux
1195 4603 1294 4672 suique
1316 4603 1433 4658 heredes
1460 4613 1499 4656 ac
1525 4613 1732 4657 successores
1760 4604 1838 4658 nullo
1863 4605 1893 4658 in

264 4691 326 4746 loco
355 4691 520 4760 persolvant
546 4690 580 4744 de
603 4695 779 4758 quacumque
808 4707 852 4754 re,
885 4689 933 4744 sed
960 4706 994 4744 cx
1021 4691 1119 4744 nostra
1148 4689 1281 4760 largitate
1310 4688 1407 4759 quieto
1435 4704 1512 4743 more
1535 4687 1639 4757 ubique
1667 4705 1718 4742 sua
1740 4690 1893 4758 perlitiant.

265 4775 421 4830 Statuirnus
444 4776 543 4840 etiam,
575 4779 608 4830 ut
630 4776 723 4829 nullus
745 4776 775 4829 in
798 4775 961 4840 territoriis,
992 4776 1061 4830 locis
1084 4776 1272 4845 peculiaribus
1296 4778 1346 4830 aut
1368 4774 1507 4840 ecclesiis,
1536 4773 1665 4828 domibus
1688 4783 1736 4828 sen
1759 4776 1842 4831 rebus
1865 4781 1895 4832 et

265 4863 380 4932 reliquis
403 4861 626 4932 possessionibus
649 4861 806 4931 presignati
829 4861 947 4916 ducatus
969 4880 1003 4916 ac
1026 4863 1279 4932 sna‘proprietate
1301 4878 1387 4931 quam
1401 4861 1431 4914 in
1444 4860 1564 4915 Venetia
1579 4860 1706 4915 obtinere
1723 4860 1834 4916 videtur
1849 4864 1893 4918 vel

219 4977 246 5015 ω
264 4966 319 5018 que
347 4949 422 5003 iufra
449 4952 621 5018 potestatem
648 4948 760 5018 imperii
785 4948 876 5002 nostri
903 4948 974 5002 scita
1002 4966 1062 5002 esse
1090 4953 1256 5012 noscuntur,
1286 4948 1413 5016 iniquam
1436 4947 1564 5016 ingerere
1587 4950 1731 5016 presumat
1752 4947 1892 5018 inquietu-

264 5034 384 5100 dinem⁶,
407 5035 655 5090 diminorationem
671 5053 720 5090 seu
735 5034 936 5089 calumniosam
952 5034 1205 5089 contradictionem
1220 5039 1270 5088 aut
1285 5033 1506 5088 subtractionem
1522 5032 1712 5102 nephandam3
1741 5035 1790 5088 sed
1808 5035 1894 5090 liceat

265 5139 312 5176 eas
341 5115 452 5191 prefato
480 5121 544 5176 duci
570 5139 603 5176 ac
630 5121 804 5191 patriarche,
834 5121 988 5190 episcopis,
1017 5120 1168 5175 abbatibus
1191 5121 1236 5175 vcl
1259 5121 1364 5190 populo
1388 5119 1442 5174 sibi
1466 5119 1592 5174 subiecto
1616 5137 1665 5174 seu
1688 5121 1893 5177 successoribus

265 5225 360 5262 eornm
389 5225 422 5262 ac
450 5197 616 5262 heredibusf
638 5206 733 5277 quiete
762 5206 868 5276 absque
896 5207 1061 5275 cuiusquam
1092 5206 1256 5262 insultantis
1285 5206 1495 5261 machinatione
1518 5209 1568 5259 aut
1591 5204 1706 5260 sinistra
1728 5207 1895 5279 quippiam⁸

264 5294 499 5364 tergiversatione
528 5294 588 5350 iure
610 5294 768 5365 gubernare
797 5297 827 5348 et
848 5293 1045 5364 gubernanda,
1076 5297 1162 5363 prout
1184 5292 1319 5363 liquidius
1347 5292 1376 5346 in
1400 5291 1564 5362 presignato
1587 5291 1701 5348 decreto
1724 5295 1893 5362 continetur,

219 5409 245 5446 n
264 5385 395 5456 legaliter
417 5377 595 5444 continere.
641 5375 790 5461 itemque
814 5377 1010 5462 precipimus
1034 5375 1074 5442 de
1099 5376 1356 5462 proprietatibus
1380 5377 1449 5440 sive
1470 5373 1735 5460 possessionibus
1755 5377 1894 5460 predicti

264 5479 373 5562 ducis,
397 5501 479 5566 quas
502 5480 534 5545 iu
557 5480 729 5545 territoriis
752 5479 845 5564 regni
868 5481 969 5544 nostri
991 5478 1114 5546 habere
1138 5478 1300 5561 videturl,
1323 5485 1373 5560 ut,
1402 5479 1430 5542 si
1452 5478 1493 5544 de
1518 5477 1566 5542 eis
1590 5477 1699 5564 aliqua
1722 5481 1888 5545 contentio

367 5669 654 5737 albuid013l'ido2.
714 5669 742 5735 b)
761 5688 812 5737 que
825 5669 849 5722 1.
909 5669 934 5736 c)
953 5673 1038 5737 Caput
1056 5670 1148 5737 rigaris
1164 5668 1189 5721 2.
1247 5669 1276 5735 d)
1294 5670 1436 5736 proprietas
1454 5668 1528 5720 codd.
1586 5666 1610 5731 a)
1629 5667 1853 5732 inquietitudinsm
1867 5669 1892 5724 l.

266 5755 290 5821 t)
308 5763 333 5808 et
351 5759 541 5810 successoribus
560 5757 623 5809 add.
642 5757 716 5809 codd.
768 5758 796 5826 g)
816 5758 955 5826 queppiam
973 5756 997 5810 2.
1050 5755 1078 5822 h)
1097 5756 1133 5808 aa
1152 5755 1320 5823 Praeceptum
1338 5755 1445 5823 liudolfi
1463 5755 1537 5823 infra
1553 5750 1658 5822 p.149,·
1681 5757 1801 5808 videntur
1819 5755 1894 5808 codd.

1635 5846 1689 5900 19*
