4634 6436
450 421 510 482 120
701 415 971 472 ADDITAMENTA
989 416 1039 470 AD
1057 416 1305 472 conluctante
1324 415 1453 472 REGUM
1472 417 1630 473 lunulas.
1650 449 1682 458 —
1700 417 1748 472 Nr.
1762 417 1821 472 228.

369 599 429 652 850.
450 591 653 670 constitutis,
686 593 713 656 si
741 590 858 656 devote
887 591 1141 676 postulaverint,
1174 611 1287 656 sacrae
1318 591 1552 655 communionis
1580 591 1734 655 viaticum
1764 612 1822 677 pro
1851 589 2076 656 misericordia

448 693 592 759 dandum
615 716 679 760 non
701 716 870 779 negamus.
917 693 1044 768 Quodsi
1067 695 1184 780 aliquis
1209 694 1249 759 de
1272 693 1386 760 ordine
1408 695 1553 760 clericali
1570 694 1756 760 huiusmodi
1774 695 2075 780 transgressoribus

448 803 636 882 cooperator
660 798 815 878 extiterit,
839 799 962 883 proprii
984 797 1105 883 gradus
1129 797 1252 862 honore
1277 797 1411 862 carebit.

556 899 636 987 (lap.
660 904 708 965 11.
746 899 983 966 Inveniunturh
1009 900 1158 965 nonnulli
1190 921 1248 986 per
1277 900 1424 965 diversas
1455 901 1641 987 provincias
1670 907 1704 966 et
1735 901 1884 965 civitates
1914 899 2076 964 habentes

447 1003 682 1089 possessiones,
707 1004 772 1088 qui,
796 1024 870 1068 cum
893 1003 1026 1089 aliquod
1049 1003 1181 1090 publice
1206 1003 1314 1068 scelus
1338 1003 1600 1089 perpetraverint
1621 1010 1655 1069 et
1679 1003 1721 1068 ab
1746 1003 1898 1090 episcopo
1915 1003 1968 1067 vel
1984 1023 2075 1088 pres·
2107 1027 2119 1066 s

448 1107 563 1172 biteris
586 1107 648 1172 loci
672 1106 836 1172 conventi¹
859 1107 989 1186 fuerint,
1013 1114 1050 1170 ut
1073 1106 1299 1192 penitudinem
1323 1113 1449 1191 gerant,
1471 1106 1514 1171 ab
1539 1107 1673 1173 alterius
1695 1107 1835 1172 civitatis
1854 1106 2008 1192 episcopo
2026 1106 2077 1170 vel

447 1211 632 1298 presbitero
675 1233 711 1276 se
753 1213 817 1276 iam
857 1212 1071 1298 penitentiam
1106 1213 1291 1296 suscepisse
1320 1211 1374 1276 vel
1408 1213 1575 1297 suscipere
1605 1211 1690 1276 velle
1722 1211 1867 1275 fatentur
1902 1216 2000 1294 atque
2032 1209 2078 1273 ita

450 1314 581 1380 sibimet
608 1314 781 1380 illudentes
811 1313 883 1380 Deo
911 1315 1043 1379 mentiri
1068 1321 1236 1379 conantur.
1281 1314 1380 1380 Tales
1404 1336 1480 1400 ergo
1505 1315 1546 1380 ab
1571 1315 1725 1400 episcopo
1749 1314 1903 1393 civitatis,
1928 1313 1962 1377 in
1985 1313 2078 1378 cuius

448 1419 621 1504 parrochia
643 1421 751 1486 scelus
775 1420 985 1484 commissum
1009 1425 1070 1498 est,
1094 1420 1205 1483 statim
1228 1420 1455 1484 communione
1477 1419 1594 1504 privati
1619 1417 1661 1483 ad
1683 1417 1846 1503 agendam
1863 1415 2077 1501 penitentiam

450 1527 616 1607 cogantur.
662 1521 792 1588 Scribat
814 1528 934 1603 autem,
959 1522 1014 1607 qui
1034 1543 1107 1586 eum
1131 1523 1358 1588 communione
1381 1523 1566 1608 privaverit,
1597 1521 1670 1586 aliis
1694 1541 1821 1607 quoque
1843 1519 2016 1606 episcopis,
2044 1520 2077 1583 in
2096 1542 2121 1580 ro

450 1645 585 1710 quorum
613 1625 859 1710 parrochiarum
889 1625 1061 1690 territoriis
1088 1625 1274 1690 huiusmodi
1305 1625 1418 1711 predia
1445 1622 1605 1710 possidet,
1637 1631 1673 1689 ut
1696 1631 1730 1690 et
1753 1623 1816 1709 ipsi
1845 1644 1914 1688 rem
1937 1624 2078 1688 scientes

450 1749 470 1791 a
497 1748 556 1792 sua
584 1727 675 1792 illum
700 1728 928 1793 communione
951 1734 1156 1805 removeant,
1187 1749 1228 1792 ne
1252 1728 1336 1793 forte
1360 1727 1568 1813 postmodum
1591 1749 1650 1813 per
1672 1727 1892 1812 ignorantiam
1915 1726 1978 1791 sibi
2001 1725 2077 1790 sub-

451 1835 580 1917 reptum
603 1837 790 1915 querantur.
836 1830 1012 1894 Manifesta
1036 1830 1156 1896 etenim
1180 1830 1252 1896 est¹¹
1279 1831 1523 1896 aecclesiastica
1552 1823 1698 1896 sanctio⁰
1723 1828 1919 1908 continens¹,
1949 1836 1999 1908 ut,
2024 1829 2080 1914 qui

451 1934 492 1999 ab
516 1955 581 1998 uno
605 1935 760 2020 episcopo
785 1934 1087 1999 excommunicatus
1112 1940 1176 2013 est,
1204 1935 1245 1998 ab
1269 1934 1342 1998 aliis
1367 1934 1398 2000 ei
1421 1954 1485 1997 non
1508 1933 1628 1999 debeat
1651 1933 1813 2019 episcopis
1837 1933 2078 1996 communicari.

560 2035 640 2124 (lap.
667 2040 715 2102 12.
751 2036 853 2102 Hoc¹¹¹
881 2042 990 2101 autern
1015 2037 1166 2102 omnibus
1190 2037 1375 2101 christianis
1398 2036 1612 2101 intimandum
1637 2043 1703 2114 cst,
1735 2037 1811 2120 quia
1833 2036 1883 2116 hi,
1916 2036 1972 2120 qui
1995 2035 2079 2100 sacri
2098 2057 2122 2096 rs

452 2141 564 2205 altaris
588 2141 816 2205 communione
840 2140 959 2226 privati
982 2146 1016 2205 et
1038 2161 1096 2224 pro
1120 2141 1188 2204 suis
1214 2140 1391 2205 sceleribus
1416 2140 1603 2206 reverendis
1624 2139 1765 2205 aditibus
1787 2138 1914 2202 exclusi
1930 2137 2079 2224 publicae

452 2244 674 2332 poenitentiae
709 2244 877 2328 subiugati
910 2249 1001 2323 sunt,
1037 2244 1126 2307 nullo
1161 2244 1295 2309 militiae
1331 2244 1488 2308 secularis
1519 2245 1566 2308 uti
1598 2235 1765 2328 cingulo1⁰
1797 2243 1985 2326 nullamque
2017 2241 2079 2305 rei-

453 2346 605 2433 publicae
642 2346 762 2411 debent
800 2346 1028 2411 administrare
1063 2345 1272 2431 dignitatem;
1314 2347 1391 2432 quia
1426 2368 1487 2411 nec
1528 2346 1739 2432 popularibus
1774 2345 1989 2410 conventibus
2023 2367 2080 2409 eos

455 2450 583 2514 misceri
606 2456 733 2535 oportet
761 2472 822 2514 uec
847 2471 963 2514 vacare
987 2449 1238 2514 salutationibus
1263 2471 1323 2514 nec
1347 2449 1566 2534 quorumlibet
1589 2471 1704 2513 causas
1729 2449 1890 2526 iudicare,
1919 2470 1993 2514 cum
2016 2449 2082 2512 sint

453 2555 516 2640 ipsi
540 2553 647 2618 divino
671 2553 790 2618 addicti
813 2554 940 2627 iuditio;
969 2552 1166 2618 domesticas
1190 2558 1299 2617 autem
1319 2554 1537 2618 necessitates
1559 2574 1673 2618 curare
1694 2574 1758 2617 non
1774 2552 1996 2639 prohibentur,
2019 2553 2081 2616 nisi
2100 2573 2126 2613 ao

453 2657 536 2721 forte
565 2663 697 2742 propter
726 2657 899 2736 scelerum,
929 2663 965 2720 ut
999 2677 1077 2740 sepe
1103 2656 1160 2735 tit,
1193 2657 1418 2720 enormitatem
1449 2658 1665 2722 conscientiae
1695 2657 1834 2721 stimulis
1862 2655 2020 2741 exagitati
2050 2661 2083 2719 et

454 2766 564 2826 mente
592 2760 733 2845 perculsi
758 2760 860 2844 ipsius
891 2760 1039 2846 privatae
1070 2759 1118 2822 rei
1141 2759 1468 2823 amministrationem
1492 2761 1629 2846 implere
1653 2760 1870 2844 nequiverint.
1917 2757 1980 2832 Qui
2003 2779 2082 2823 vero

454 2864 495 2928 ad
520 2862 774 2927 admonitionem
798 2863 943 2948 episcopi
973 2883 1032 2927 seu
1056 2861 1260 2926 sacerdotum
1284 2883 1343 2947 pro
1366 2869 1554 2947 perpetrato
1578 2864 1685 2948 palam
1710 2864 1835 2928 scelere
1859 2862 2082 2948 poenitentiae

454 2965 634 3032 remedium
658 2966 821 3050 suscipere
845 2965 1019 3044 noluerint,
1044 2966 1147 3050 magis
1172 2965 1333 3030 abiciendi
1357 2972 1442 3046 sunt,
1471 2967 1768 3033 anathematizandi
1793 2967 1919 3032 seilicet
1943 2973 1976 3032 et
1998 2973 2081 3030 tam-

454 3092 550 3156 quam
574 3069 703 3156 putrida
727 3091 765 3133 ac
789 3069 965 3154 desperata
989 3069 1134 3134 membra
1157 3070 1198 3135 ab
1218 3071 1412 3135 universalis
1434 3072 1577 3137 eclesiae
1597 3092 1729 3156 corpore
1747 3070 1948 3145 dissecandi3
1973 3071 2081 3134 cuius·
2100 3089 2126 3130 cs

455 3173 542 3240 madi
565 3175 629 3238 iam
653 3174 737 3238 inter
760 3172 954 3237 christianos
978 3173 1067 3236 nulla
1091 3173 1217 3258 legum,
1247 3174 1337 3239 nulla
1359 3195 1501 3254 morum,
1525 3176 1615 3238 nulla
1638 3174 1769 3259 collegii
1791 3174 1997 3260 participatio
2020 3179 2081 3252 est,

456 3278 574 3364 quibus
602 3297 707 3361 neque
736 3276 768 3340 in
798 3276 868 3361 ipso
899 3277 991 3340 exitu
1020 3277 1292 3355 communicatur,
1324 3284 1358 3341 et
1386 3298 1522 3362 quorum
1551 3299 1658 3362 neque
1687 3284 1762 3363 post
1791 3285 1945 3357 mortem,
1976 3277 2083 3342 saltim

456 3384 541 3447 inter
574 3379 745 3444 defunctos
780 3378 908 3457 fideles,
948 3381 1212 3445 commemoratio
1243 3382 1287 3445 lit.
1341 3379 1407 3446 Sed
1436 3383 1461 3446 si
1495 3382 1535 3446 ad
1567 3383 1629 3447 hoc
1660 3382 1901 3447 inrevocabile¹¹
1934 3380 2083 3445 iuditium

457 3483 607 3550 obdurati
637 3481 744 3547 cordis
772 3488 978 3567 contemptus
1007 3483 1124 3563 trahit,
1155 3505 1219 3548 non
1244 3484 1314 3548 sine
1342 3505 1461 3568 magna
1484 3491 1593 3550 tamen
1620 3485 1863 3551 examinatione
1887 3483 2084 3550 veniendum

456 3594 517 3668 est,
542 3593 577 3652 et
599 3587 708 3650 omnia
730 3584 893 3650 sacerdoti
913 3587 1004 3670 prius
1029 3587 1239 3672 experienda,
1263 3609 1323 3652 nec
1348 3588 1471 3672 absque
1487 3590 1731 3675 metropolitani
1747 3590 1931 3674 cognitione
1953 3595 1987 3652 et
2007 3609 2082 3673 pro·
2103 3607 2128 3646 so

457 3691 644 3756 vincialium
660 3690 885 3775 episcopcrum
902 3690 1064 3753 communi
1081 3689 1193 3753 iuditio
1207 3691 1387 3776 quemlibet
1402 3692 1746 3757 anathematizandum
1764 3714 1838 3758 esse
1855 3691 2083 3777 permittimus.

565 3793 643 3878 Cap.
669 3796 718 3858 13.
753 3785 926 3877 Propter¹¹
950 3792 1117 3858 assiduam
1142 3815 1221 3878 erga
1243 3795 1397 3879 populum
1419 3794 1484 3860 Dei
1507 3818 1616 3861 curam
1640 3797 1777 3882 singulis
1801 3796 1953 3882 plebibus
1978 3795 2083 3860 archi-

457 3899 656 3987 presbiteros
693 3918 827 3982 preesse
863 3897 1027 3978 volumus,
1070 3898 1124 3982 qui
1155 3919 1220 3962 non
1251 3900 1356 3963 solum
1394 3898 1525 3984 inperiti
1553 3900 1642 3984 vulgi
1674 3898 1926 3965 sollicitudinem
1958 3904 2084 3984 gerant,

458 4024 570 4069 verum
600 4001 698 4066 etiam
722 4020 832 4064 eorum
855 3999 1124 4084 presbiterorum,
1154 4001 1208 4085 qui
1232 4023 1290 4087 per
1314 4003 1454 4066 minores
1478 4003 1589 4067 titulos
1613 4002 1776 4082 habitant,
1806 4003 1906 4068 vitam
1930 4003 1997 4088 iugi
2020 4002 2082 4066 cir-

458 4105 703 4191 cumspectione
727 4102 913 4168 custodiant
943 4111 989 4183 et,
1020 4125 1083 4189 qua
1106 4106 1329 4190 unusquisque
1352 4105 1514 4170 industria
1537 4105 1682 4170 divinum
1706 4129 1787 4192 opus
1811 4114 1982 4186 exerceat,
2012 4105 2083 4191 epi·
2102 4125 2127 4164 :u

459 4231 556 4296 scopo
588 4230 646 4272 suo
678 4207 876 4272 renuntient.
921 4205 992 4271 Nec
1020 4207 1178 4272 obtendat
1206 4209 1396 4293 episcopus,
1430 4231 1495 4273 non
1520 4231 1618 4295 egere
1642 4210 1772 4293 plebem
1796 4209 2084 4296 archipresbiter0‚

458 4313 545 4400 quod
567 4314 733 4398 ipseeam
756 4332 814 4395 per
838 4331 872 4374 se
895 4310 1076 4395 gubernare
1101 4312 1225 4388 valeat;
1255 4313 1346 4398 quia,
1370 4320 1403 4377 et
1427 4314 1453 4378 si
1477 4312 1573 4379 valde
1599 4313 1737 4378 idoneus
1761 4319 1821 4392 est,
1845 4311 1941 4378 decet
1964 4319 2084 4390 tamen,

458 4425 494 4483 ut
528 4417 692 4504 parciatur
727 4435 826 4480 onera
861 4435 921 4478 sua
954 4421 1004 4494 et,
1040 4414 1123 4479 sicut
1154 4416 1225 4500 ipse
1253 4417 1379 4480 matrici
1406 4422 1532 4502 preest,
1567 4417 1615 4480 ita
1642 4416 1910 4502 archipresbiteri
1939 4415 2086 4501 praesint

458 4521 602 4609 plebeis,
634 4525 670 4582 ut
700 4519 732 4583 in
762 4517 850 4582 nullo
880 4517 999 4582 titubet
1027 4518 1256 4583 aeclesiastica
1287 4519 1483 4584 sollicitudo.
1529 4518 1659 4584 (iuncta
1686 4525 1797 4595 tamen
1827 4517 1868 4584 ad
1897 4519 2084 4604 episcopum

459 4626 613 4704 referant,
636 4643 695 4686 nee
719 4621 840 4706 aliquid
865 4627 978 4686 contra
1000 4621 1071 4688 eius
1095 4621 1262 4686 decretum
1286 4622 1436 4687 ordinare
1459 4629 1658 4708 presumant.
2103 4638 2130 4678 ιο

570 4725 648 4812 (lap.
669 4729 718 4789 14.
754 4725 839 4799 Quia
861 4746 926 4790 non
950 4732 1112 4790 tantuma
1135 4725 1338 4791 secularibus
1361 4727 1519 4811 personis,
1543 4727 1641 4791 immo
1665 4732 1698 4790 et
1721 4725 1762 4789 ab
1786 4725 1867 4810 ipsis
1889 4723 2085 4810 presulibus,

461 4831 547 4918 quod
570 4831 702 4895 minime
725 4828 844 4908 decuit,
869 4836 935 4893 tam
956 4830 1097 4894 virorum
1121 4850 1217 4914 quam
1239 4830 1435 4893 feminarum
1458 4829 1656 4894 monasteria
1678 4828 1846 4892 destructa
1868 4828 2086 4905 inveniuntur,

461 4935 582 5020 placuit
609 4939 763 4996 sanctae⁰
792 4932 930 5017 synodo,
954 4939 991 4997 ut
1017 4932 1059 4996 ab
1083 4933 1248 5018 episcopis
1271 4932 1412 5017 primum
1435 4953 1548 4998 eorum
1573 4937 1676 4996 status
1700 4931 1957 5016 recuperationis
1981 4935 2088 4995 sumat

565 5137 593 5204 h)
612 5142 650 5190 De
667 5140 715 5204 his,
732 5139 777 5204 qui
795 5139 968 5205 penetentiam
985 5156 1012 5190 se
1030 5140 1159 5206 accepisse
1171 5139 1331 5190 mentiuntur
1342 5141 1412 5190 rubr.
1425 5140 1453 5190 s’n
1465 5139 1489 5190 3.
1543 5140 1563 5204 i)
1582 5141 1618 5192 ita
1631 5139 1654 5192 1.
1665 5138 1696 5203 3,·
1713 5141 1861 5192 commoniti
1874 5137 1898 5191 2.
1952 5137 1980 5202 lr)
2000 5155 2048 5188 om,
2062 5135 2087 5188 2.

461 5229 482 5292 1)
500 5227 615 5278 continet
632 5224 656 5276 2.
738 5225 774 5288 m)
795 5226 834 5276 De
851 5226 1078 5276 excommunicatis
1096 5225 1167 5275 rubr.
1186 5225 1213 5275 in
1232 5223 1256 5275 3.
1339 5224 1367 5287 n)
1389 5224 1438 5276 Isse
1455 5226 1593 5291 aepliciant
1604 5228 1705 5293 srapm.
1725 5226 1828 5278 Menoe.
1909 5225 1934 5288 ο)
1952 5231 2044 5276 sancta
2061 5219 2086 5272 2.
2106 5233 2131 5272 ts

564 5395 591 5462 9)
614 5395 669 5460 Osr.
690 5392 847 5459 thscbiua
865 5392 1054 5447 Kircbcnrccbt
1071 5393 1122 5460 IV,
1138 5410 1168 5462 p.
1183 5393 1232 5447 704
1243 5409 1297 5462 ιφ,
1315 5392 1399 5463 Gapp.
1416 5395 1476 5462 822,
1496 5400 1555 5448 tom.
1569 5394 1593 5462 1,
1608 5411 1637 5463 p.
1649 5395 1710 5462 251,
1728 5409 1748 5447 c.
1765 5396 1786 5447 1.
1815 5393 1883 5464 [K]
1968 5394 2011 5460 111)
2032 5391 2088 5460 Ost.

461 5517 546 5570 snpra
564 5497 698 5568 Apobordi
716 5501 782 5552 cart.
801 5499 861 5565 833,
875 5516 905 5566 p.
918 5498 962 5563 57,
981 5497 1097 5551 amoc.
1116 5499 1176 5566 833,
1192 5515 1222 5566 p.
1235 5499 1278 5566 55,
1296 5499 1379 5562 1.28;
1399 5498 1506 5552 Relatio
1523 5499 1583 5565 829,
1598 5514 1627 5565 p.
1640 5499 1682 5564 39,
1700 5512 1721 5551 c.
1734 5499 1786 5562 3b;
1805 5495 1869 5565 Gap.
1888 5496 2014 5551 Wormot.
2027 5497 2088 5563 829,

457 5622 487 5673 p.
503 5606 546 5672 18,
565 5619 586 5658 c.
604 5604 637 5668 3,·
662 5601 761 5665 Waltz,
786 5599 843 5654 VG.
863 5600 943 5669 111²,
961 5602 1075 5668 11253,
1104 5601 1174 5669 IV’,
1192 5603 1294 5671 aare,
1312 5603 1378 5657 aad.
1405 5603 1475 5673 [K]
1581 5603 1624 5668 ll)
1644 5601 1700 5667 Osr.
1716 5601 1806 5670 praef.
1825 5600 1862 5655 cd
1881 5600 1947 5670 Gap.
1967 5600 2089 5656 maan.

461 5707 522 5774 898,
540 5722 625 5775 ειφνα
638 5722 668 5773 p.
684 5706 740 5761 109.
757 5701 825 5772 [K]
