4634 6436
473 429 743 485 ADDI'I'AMEN'IA
762 430 810 484 AD
828 430 1073 487 CAPITULARIA
1092 432 1221 490 REGUM
1239 435 1394 492 ITALIAE.
1412 466 1444 476 -
1463 437 1512 492 Νι·Ι
1524 437 1584 494 229.
1600 438 1660 495 230.
1773 469 1775 472 ·
1823 443 1883 507 123

256 787 355 892 229.
394 783 945 896 IURAMENTUM
976 786 1486 900 ROMANORUM
1512 790 1880 900 ARNOLFO
1899 830 1958 883 soe.

513 938 1037 1049 IMPERATORI
1076 942 1622 1056 PRAESTITUM.

953 1122 1050 1204 896.
1078 1131 1187 1206 Febr.

359 1291 506 1390 Leyitnr
526 1309 741 1374 iuronrentnnt
763 1311 799 1374 in
820 1311 908 1375 Ann.
934 1311 1028 1376 Fnld.
1052 1314 1096 1378 od
1116 1335 1146 1378 a.
1171 1317 1248 1392 896,
1271 1314 1327 1379 SS.
1344 1317 1376 1393 I,
1394 1336 1429 1396 p.
1447 1319 1519 1381 412.
1567 1317 1630 1398 Qui
1652 1316 1883 1398 oppnpnotione

221 1413 344 1477 serbis
366 1413 485 1478 Romae
512 1418 541 1475 et
568 1414 712 1495 inpressu
734 1413 861 1494 Arnolfi
888 1416 970 1496 repis
998 1415 1108 1480 relatis
1134 1417 1209 1480 boec
1236 1418 1328 1482 verbo
1350 1419 1554 1500 praefipnnt:
1585 1419 1655 1483 Iam
1680 1418 1881 1505 apostolicus

254 1525 312 1600 (sc.
329 1517 501 1581 Fcrmosses
518 1518 622 1598 popa)
721 1538 834 1601 regem
935 1518 1073 1584 honeste
1094 1520 1134 1584 ad
1157 1519 1327 1584 basilicam
1349 1527 1535 1586 sanctorum
1551 1523 1732 1608 principum
1749 1528 1881 1606 aposto-

254 1621 361 1686 lorum
384 1618 589 1684 laetificando
617 1619 814 1696 introduxit,
846 1627 880 1684 et
909 1621 1086 1687 secundum
1110 1644 1231 1688 morem
1256 1632 1502 1690 antecessorum
1526 1646 1657 1690 suorum
1680 1626 1880 1709 imperialem

255 1724 536 1789 consecrationem
561 1743 712 1787 coronam
737 1723 837 1807 copiti
860 1724 1040 1809 imponens,
1064 1723 1242 1791 Caesarem
1267 1728 1452 1812 Angustum
1475 1729 1663 1814 appellavit.
1702 1728 1881 1815 Dispositis

256 1829 303 1892 ibi
326 1827 526 1893 multimodis
549 1826 658 1903 rebus,
681 1827 784 1889 omnis
805 1825 1027 1892 Romanorum
1050 1831 1191 1915 populus
1215 1829 1255 1894 ad
1280 1837 1427 1895 sonetum
1444 1831 1583 1897 Paulum
1606 1854 1679 1896 cum
1701 1833 1881 1896 iuramento

211 1955 237 1993 rc
255 1931 443 2017 imperatori
466 1928 563 1994 fidem
586 1930 823 2014 promittentes.
869 1929 1091 1995 Iuramcntnm
1116 1953 1192 1997 vero
1217 1932 1312 2014 illud,
1340 1955 1380 1998 ne
1405 1956 1502 2020 quem
1526 1937 1637 2018 lateat,
1661 1935 1714 2000 hic
1738 1936 1882 1999 inserere

255 2035 495 2121 proposuimus.
543 2031 711 2097 Gnntntio
739 2037 845 2096 antem
870 2033 998 2114 Arrrolfi
1025 2033 1114 2114 forto
1145 2041 1190 2099 est
1217 2037 1305 2100 intra
1328 2037 1395 2102 dies
1417 2041 1532 2103 9-23.
1555 2041 1672 2104 menis
1693 2037 1883 2114 rencone

255 2137 313 2219 csr.
337 2136 700 2204 Bdltmer-Miibldoeber
720 2158 770 2200 nr.
790 2137 910 2202 18625.

359 2314 444 2430 luno
474 2384 534 2448 per
564 2362 646 2427 hacc
674 2362 782 2426 omnia
808 2360 872 2426 Dei
903 2364 1072 2448 mysteria,
1106 2363 1192 2448 quod
1226 2365 1317 2430 salvo
1346 2366 1471 2431 honore
1504 2370 1537 2430 et
1570 2366 1645 2450 lege
1682 2385 1755 2430 mee
1785 2369 1882 2450 atque

255 2467 414 2532 fidelitate
449 2466 566 2531 domno
592 2465 749 2530 Formoso
786 2457 908 2551 popae¹
947 2464 1052 2530 tidelis
1084 2487 1155 2530 sum
1188 2473 1220 2532 et
1253 2489 1309 2532 ero
1344 2467 1495 2532 omnibus
1525 2466 1641 2533 diebus
1670 2468 1757 2532 vitae
1787 2487 1881 2531 mese

212 2595 238 2632 rs
255 2571 394 2635 Amulio
417 2570 604 2656 imperatori
628 2574 661 2632 ct
683 2588 849 2652 nunquam
872 2589 922 2632 me
946 2567 988 2632 ad
1011 2569 1097 2635 illius
1116 2569 1344 2636 infidelitatem
1361 2592 1434 2635 cum
1456 2571 1564 2654 aliquo
1580 2571 1711 2636 homine
1732 2569 1881 2644 sociabo;

255 2680 290 2740 et
315 2673 496 2742 Lantberto
524 2672 591 2736 lilio
614 2669 816 2756 Agildrudae
845 2673 897 2736 vel
926 2672 989 2757 ipsi
1017 2674 1111 2737 matri
1140 2693 1218 2737 suae
1246 2672 1288 2738 ed
1314 2675 1495 2739 seculorem
1529 2673 1685 2738 honorem
1716 2693 1882 2758 nunquam

256 2777 450 2843 adiutorium
477 2774 644 2861 praebebo
674 2781 707 2838 et
735 2774 818 2838 hanc
848 2775 1014 2838 civitatem
1036 2774 1174 2850 Romam
1203 2776 1267 2861 ipsi
1289 2776 1470 2842 Lantberto
1493 2776 1546 2841 vel
1575 2777 1672 2840 matri
1694 2776 1764 2840 eius
1788 2774 1881 2860 Agil-

256 2879 380 2946 drudae
403 2880 457 2945 vel
479 2899 592 2944 eorum
614 2877 800 2943 hominibus
823 2898 882 2961 per
905 2876 1038 2963 aliquod
1060 2879 1227 2963 ingenium
1251 2885 1307 2943 aut
1330 2885 1556 2964 argumentum
1580 2901 1646 2944 non
1668 2877 1805 2944 tradem.

363 3067 389 3132 1)
410 3063 466 3129 cfr.
488 3063 575 3118 eorm.
596 3063 672 3118 nom.
690 3065 750 3132 sss,
770 3069 829 3118 ion.
843 3063 867 3130 1,
881 3080 910 3131 p.
923 3064 983 3132 ene,
1001 3065 1018 3119 r.
1032 3065 1073 3118 140

212 3521 240 3561 »ο
462 3551 468 3564 .
553 3473 655 3578 230.
705 3466 1075 3578 SYNODUS
1117 3467 1585 3578 RAVENNAS.

1024 3649 1123 3731 sos.

361 3823 458 3906 Aeto
477 3841 575 3906 buius
596 3841 709 3923 synodi
730 3840 853 3904 tradito
874 3845 950 3906 snnt
976 3841 1006 3925 1)
1030 3861 1069 3904 ee
1091 3841 1194 3905 codice
1209 3841 1345 3904 Antonii
1359 3840 1547 3923 Anpnstini,
1569 3837 1750 3922 apopropbo
1768 3838 1884 3903 codicis

258 3943 391 4022 Mureti,
414 3945 503 4025 apred
523 3943 717 4021 Bononiam,
743 3944 831 4008 Ann.
855 3943 1021 4007 ecclesiast.
1044 3943 1089 4006 nd
1110 3963 1140 4006 a.
1156 3944 1235 4020 904;
1256 3948 1424 4023 praetereo
1446 3948 1543 4024 capnt
1566 3945 1592 4005 1.
1615 3942 1705 4007 nobis
1725 3946 1882 4005 smmum

257 4053 319 4112 est:
352 4050 385 4133 2)
408 4048 498 4129 opnd
518 4046 693 4113 Boinainm
715 4049 748 4125 I,
772 4047 879 4129 praes.
896 4069 932 4128 p.
954 4052 1001 4124 15,
1031 4048 1088 4128 qni
1108 4046 1296 4126 praeditum
1322 4045 1546 4127 inscriptione:
1580 4044 1665 4112 Item
1689 4044 1883 4129 exlegibus

214 4175 240 4214 rs
257 4150 414 4216 Romanis
446 4173 466 4215 a
494 4150 611 4215 domno
634 4150 810 4215 Lamberto
839 4152 1038 4238 imperatore
1067 4152 1282 4237 promulgatis
1310 4151 1442 4236 capitul.
1465 4149 1524 4214 XI.
1553 4171 1592 4215 en
1618 4149 1722 4215 codice
1748 4149 1884 4231 qondam

260 4254 400 4318 Therone
427 4275 513 4318 nureo
535 4254 694 4334 deperdito
715 4253 840 4333 perbtici
866 4255 951 4318 inris
971 4253 1064 4334 fecit·
1099 4254 1132 4338 3)
1162 4253 1198 4318 in
1219 4253 1322 4318 codice
1340 4251 1488 4317 Valticell.
1507 4253 1550 4317 Α.
1567 4258 1596 4317 5.
1620 4273 1781 4318 onneestm
1803 4258 1883 4316 tam-

257 4378 354 4438 qnam
376 4363 474 4439 capnt
495 4355 628 4421 XXIII.
656 4355 839 4437 (kapitulari
862 4357 1044 4422 Rauennati
1067 4359 1141 4423 898.
1164 4356 1521 4437 nonannoeane.

366 4461 525 4526 Iohannes
548 4461 616 4538 IX,
645 4481 717 4526 cnm
739 4482 769 4524 α.
791 4464 863 4527 898.
887 4482 926 4526 m.
950 4462 1047 4526 Innio
1072 4461 1174 4526 scetem
1193 4459 1406 4542 pontificalem
1428 4459 1628 4535 obtinuisset,
1651 4457 1770 4524 Rornae
1791 4479 1883 4542 syno-

258 4565 334 4630 denn
363 4565 571 4646 conprepaoit,
605 4584 686 4645 quoe
715 4565 752 4628 de
781 4565 978 4629 restitutione
1000 4563 1146 4630 Formosi
1167 4584 1289 4644 papae,
1321 4564 1415 4628 cuins
1440 4583 1554 4642 cnpns
1581 4583 1602 4625 a
1627 4561 1785 4644 Stephano
1809 4561 1884 4626 VII.

216 4691 241 4728 so
258 4669 478 4750 turpissimum
516 4669 553 4733 in
590 4668 717 4732 modurn
751 4671 1002 4733 contaminatum
1034 4674 1105 4732 erat
1142 4667 1215 4752 (esr.
1251 4665 1430 4744 Mnester,
1467 4663 1628 4745 Ostfrdnle.
1662 4665 1762 4730 Reiclr
1793 4666 1858 4730 111
1860 4665 1884 4744 ²,

251 4794 286 4854 p.
304 4776 366 4836 427
381 4772 456 4853 sp),
486 4775 648 4852 maereret
670 4776 700 4834 et
722 4775 873 4835 tractaret
895 4770 1025 4853 (Monesi
1046 4770 1081 4835 X
1088 4768 1188 4846 VIII,
1219 4768 1274 4834 cot.
1292 4771 1350 4835 221
1370 4771 1459 4852 sqq).
1505 4767 1611 4834 Ponto
1627 4773 1701 4849 post
1722 4788 1790 4832 nno
1813 4789 1884 4833 enm

192 4951 194 4956 ¹
257 4876 424 4940 Lamberto
449 4865 652 4956 imperatore,
683 4879 812 4940 utrem
835 4873 955 4939 Romae
981 4875 1138 4954 inceptem
1165 4871 1210 4936 od
1230 4873 1326 4952 linem
1344 4871 1533 4953 perduceret
1554 4873 1595 4956 (c.
1613 4872 1649 4951 4)
1670 4877 1700 4934 et
1721 4891 1791 4935 enm
1814 4871 1883 4954 ipsc

257 4977 399 5060 capitolo
422 4977 475 5042 ‘ad
499 4977 596 5041 robnr
621 4982 650 5041 et
676 4979 838 5042 munimen
863 4983 993 5043 sanctae
1014 4977 1168 5042 ecelesioe’
1192 4975 1398 5058 (Responsio)
1420 4974 1552 5056 faceret,
1583 4975 1619 5039 in
1640 4994 1789 5057 nicpnnm
1811 4994 1884 5039 con-

257 5081 379 5159 cti-inm,
417 5081 471 5145 eni
494 5083 534 5144 73
563 5081 700 5161 epbcopi
732 5082 881 5160 aderam,
922 5081 1110 5146 Ravennam
1143 5080 1286 5144 convenit
1325 5078 1399 5163 (esr.
1434 5081 1551 5143 Incect.
1584 5077 1620 5142 in
1655 5075 1804 5154 Renum,
1838 5077 1885 5142 ed.

216 5206 240 5246 ss
258 5183 436 5261 Dtmenler,
469 5181 567 5248 Gesta
589 5182 780 5267 Berenporii
801 5187 941 5266 p.153;
973 5185 1104 5250 Annibi
1138 5186 1174 5250 in
1206 5185 1268 5266 def.
1296 5185 1362 5249 ord.
1393 5184 1444 5248 tib.
1467 5184 1502 5260 Ι,
1529 5203 1555 5248 c.
1576 5183 1610 5259 8,
1641 5181 1687 5246 ed.
1711 5179 1884 5260 Dimmter,

257 5287 414 5356 euntes
434 5287 504 5352 and
524 5285 696 5370 Vrtlyarins
711 5309 747 5368 p.
763 5291 804 5354 69
811 5309 822 5366 ;
851 5289 935 5370 App.
959 5290 1003 5354 od
1017 5288 1131 5353 Annii.
1154 5288 1174 5354 t.
1191 5311 1215 5352 c.
1235 5310 1270 5370 p.
1288 5291 1346 5365 95;
1375 5283 1441 5365 Ins.
1465 5289 1495 5350 et
1517 5285 1578 5366 def.
1601 5306 1626 5348 c.
1645 5287 1695 5364 29,
1717 5284 1885 5364 Mabitton,

257 5389 355 5457 Anat.
377 5396 433 5454 oet.
450 5411 488 5470 p.
505 5391 570 5472 50).
608 5388 709 5454 Ouios
728 5397 802 5456 acto
824 5393 860 5456 in
874 5393 1010 5473 forntam
1025 5393 1118 5473 pacti
1140 5393 1224 5456 inter
1244 5391 1462 5470 imperatorem
1480 5393 1510 5452 et
1528 5409 1647 5470 popam
1662 5388 1738 5453 initi
1753 5390 1884 5454 redacta

256 5500 346 5572 mern,
373 5495 421 5558 ito
444 5499 482 5557 ut
503 5493 540 5557 in
560 5514 586 5557 c.
607 5497 698 5560 1-3.
723 5496 911 5560 Lombntns
925 5517 1034 5578 popae
1056 5495 1266 5560 emwessiones
1281 5493 1460 5574 praeberet,
1485 5491 1521 5554 in
1543 5513 1568 5556 c.
1586 5496 1704 5558 4-19.
1727 5492 1887 5557 Iohannes

257 5596 475 5678 irnperatnnn
497 5597 706 5678 permees
734 5599 807 5683 (cfr.
831 5621 856 5664 e.
874 5604 904 5666 5.
919 5604 947 5665 7.
962 5603 997 5667 8:
1036 5600 1195 5687 petimus)
1222 5597 1327 5662 adiret
1353 5595 1430 5681 (cfr.
1453 5594 1564 5659 Ponto
1594 5596 1631 5660 in
1652 5594 1887 5678 ‘IIIitteitnnpen

218 5721 243 5759 n
260 5700 289 5764 d.
312 5701 393 5767 Inst.
416 5700 441 5781 f.
464 5703 520 5764 est.
540 5699 621 5764 GP!
644 5705 716 5767 torn.
739 5702 841 5784 suppl.
858 5705 886 5781 I,
903 5724 939 5785 p.
959 5709 1015 5767 111
1020 5707 1045 5782 ).
1445 5696 1503 5784 (Β.
1519 5699 1618 5775 deest;
1639 5697 1678 5788 P.
1695 5701 1784 5780 562.)

1630 5808 1683 5862 16*
