4634 6436
491 437 610 494 Plcss
627 437 675 493 ΕΤ
695 439 911 496 Pasucsssn
928 439 1110 497 vsusslcs
1129 443 1431 512 (aususausus).
1451 477 1481 486 -
1501 447 1549 501 Νι.
1561 446 1621 501 238.
1810 454 1869 512 145

351 614 431 694 (12.)
464 620 500 676 lit
522 623 683 678 nullatenus
706 625 792 680 liceat
813 624 898 680 alicui
922 625 1023 696 pignus
1046 628 1173 698 accipere
1196 646 1247 697 per
1269 627 1326 682 alia
1347 628 1417 694 loca,
1442 628 1496 682 nisi
1519 627 1567 683 ubi
1589 628 1702 699 fugitivi
1718 634 1769 686 aut
1784 647 1869 686 causa
1886 629 1945 684 888.

240 704 406 774 requiritur,
431 705 470 759 ibi
495 705 669 777 pigneretur;
697 712 726 764 et
750 708 773 762 si
796 708 956 780 pigneratio
978 711 1149 780 pervenerit,
1174 729 1230 766 non
1249 717 1392 781 presumat
1414 711 1471 767 alia
1491 729 1555 781 pars
1574 731 1624 782 pro
1643 712 1760 784 pignere
1784 713 1869 768 aliam

241 790 399 862 pignerare,
418 792 465 847 sed
484 797 614 862 expectet
631 795 667 848 ad
686 794 866 860 audiendum,
886 795 927 850 itu
945 809 1029 852 sane⁰
1049 800 1081 851 ut
1099 815 1181 852 cause
1200 797 1230 852 in
1248 815 1296 853 sex
1314 797 1449 853 mensium
1469 797 1562 868 spatio
1580 799 1650 853 liant
1669 801 1697 854 et
1716 798 1773 853 sint
1792 799 1870 854 finite

241 895 333 942 cause,
356 877 472 933 reddens
496 879 584 949 prius,
608 880 684 950 quod
702 899 735 936 ex
754 880 854 938 iuditio
872 883 1094 953 condempnatus
1112 883 1178 948 fuit,
1206 888 1235 940 ct
1253 884 1356 955 pignus
1373 903 1454 940 snum
1472 884 1599 954 recipiat.
1636 884 1665 939 Si
1683 887 1777 940 autem
1798 884 1870 940 infra

208 983 221 1021 ι
240 982 290 1018 sex
308 982 414 1020 menses
432 965 651 1036 postposuerit⁰⁸
668 967 729 1037 ipse
747 968 830 1024 iudex
848 971 898 1023 aut
915 969 973 1024 alia
991 988 1117 1039 persona,
1136 988 1191 1040 que
1209 970 1312 1041 pignus
1330 970 1405 1034 tulit,
1424 969 1555 1025 iuditium
1567 970 1679 1034 habere,
1699 973 1762 1041 post
1780 973 1869 1026 trans·

240 1053 319 1105 actos
342 1069 388 1104 sex
410 1068 518 1106 menses
541 1051 604 1107 illos
628 1052 658 1108 in
681 1054 797 1124 duplum
815 1053 898 1108 iudex
917 1055 971 1110 loci
990 1055 1065 1110 illius
1084 1056 1242 1112 omnimodo
1260 1073 1319 1111 sua
1337 1055 1457 1126 pignora
1475 1057 1582 1112 reddat:
1619 1057 1693 1111 Nam
1711 1056 1734 1110 si
1752 1056 1815 1126 quis
1836 1058 1871 1112 de

240 1135 298 1190 alio
317 1136 377 1192 loco
399 1136 502 1208 pignus
520 1139 613 1208 tolere
636 1139 835 1211 presumpserit
856 1143 907 1196 aut
929 1141 989 1197 sine
1008 1159 1092 1197 causa
1110 1142 1208 1198 tulerit
1225 1143 1270 1198 vel
1293 1142 1416 1212 aliquem
1434 1160 1485 1212 pro
1504 1141 1620 1212 pignere
1640 1141 1788 1213 pignerare
1809 1160 1869 1212 pre·

241 1221 398 1292 sumpserit,
418 1223 447 1277 in
465 1224 590 1294 duplum,
610 1226 684 1293 quod
702 1226 806 1292 tulerit,
825 1227 965 1282 restituat.

350 1319 433 1404 (13.)
467 1329 496 1384 Si
520 1348 585 1386 vero
614 1330 679 1400 equi
702 1333 746 1386 vel
777 1351 848 1402 eque
878 1336 929 1388 aut
957 1337 1116 1389 armentum
1144 1338 1195 1390 aut
1217 1334 1313 1404 aliqua
1336 1333 1529 1404 quadrupedia
1551 1324 1677 1389 fuerintd
1701 1333 1798 1388 ablata
1820 1337 1872 1388 aut

198 1432 225 1470 ιο
243 1412 394 1482 semetipsa
417 1413 621 1479 aberaverintd,
650 1415 738 1470 modis
762 1415 890 1471 omnibus
915 1417 991 1487 parti
1014 1421 1105 1473 vestre
1127 1418 1288 1473 reddantur.
1325 1417 1429 1483 Quodsi
1452 1421 1516 1487 post
1536 1415 1654 1487 primam
1673 1421 1703 1472 et
1720 1417 1871 1472 secundam

242 1498 476 1555 contestationem
493 1500 607 1556 minime
626 1501 735 1556 reddita
752 1502 870 1568 fuerint,
889 1506 957 1558 tunc
976 1503 1124 1573 proveniat
1142 1503 1302 1574 pigneratis
1320 1503 1355 1557 de
1373 1503 1446 1568 loeo,
1467 1502 1514 1558 ubi
1533 1502 1586 1558 hoc
1604 1501 1763 1572 requiritur,
1784 1519 1871 1571 usque

242 1585 308 1639 dum
328 1602 391 1654 pars
410 1584 503 1654 parti·
520 1585 685 1652 satisfatiat;
704 1591 732 1643 et
750 1593 814 1658 post
832 1589 1052 1646 satisfactionem
1073 1591 1135 1662 ipsa
1154 1592 1273 1662 pignera
1291 1591 1450 1646 reddantur.

350 1681 430 1766 (14.)
465 1690 502 1746 Ει
522 1693 576 1747 hoc
599 1693 688 1758 stetit,
711 1699 751 1760 ut,
775 1696 798 1750 si
821 1696 935 1767 fugitivi
958 1688 1024 1753 seur
1044 1716 1088 1753 ree
1111 1698 1220 1754 reddite
1244 1697 1349 1754 fuerint
1372 1699 1401 1752 et
1422 1715 1472 1765 per
1487 1699 1694 1751 sacramentum
1712 1695 1870 1751 satisfactio

242 1778 398 1848 adimpleta
421 1778 513 1844 fuerit,
536 1779 627 1848 modis
649 1781 777 1836 omnibus
800 1801 865 1852 pars
888 1784 964 1853 parti
987 1784 1067 1839 siveff
1088 1785 1223 1840 reddendi
1246 1785 1304 1840 sive
1327 1782 1439 1837 iurandi
1462 1782 1642 1838 securitatem
1665 1782 1760 1837 faeiat.

197 1901 222 1938 ιι
350 1871 432 1955 (15.)
467 1881 573 1951 Siquis
589 1901 656 1938 vero
678 1883 752 1938 infra
774 1886 827 1940 hoc
850 1887 973 1956 spatium
989 1887 1138 1958 pignerare
1153 1887 1356 1958 presumpserit
1376 1885 1511 1956 exceptis
1532 1885 1704 1941 memoratis
1720 1885 1870 1955 capitulis,

242 1985 355 2023 eausam
377 1969 484 2037 perdet,
508 1972 537 2023 et
559 1971 634 2038 quod
657 1970 755 2025 tulerit
777 1972 918 2028 restituat.

348 2062 430 2147 (16.)
463 2071 586 2143 Negoeia
614 2078 709 2129 autem
736 2075 811 2130 inter
838 2081 933 2146 partes
963 2077 1049 2134 liceat
1076 2077 1156 2141 dare,
1187 2077 1265 2146 quod
1289 2076 1365 2131 inter
1391 2093 1438 2130 cos
1465 2063 1651 2129 convenerit¹¹
1676 2074 1719 2128 vel
1743 2073 1870 2129 invenire

241 2154 405 2226 potuerinth
423 2155 483 2211 sine
500 2156 598 2226 aliqua
613 2157 750 2214 violentia
767 2162 818 2214 aut
835 2160 1056 2226 contrarietatel,
1075 2161 1116 2217 ita
1134 2165 1166 2216 ut
1184 2178 1257 2231 equa
1269 2159 1394 2215 conditio
1406 2162 1586 2228 utrarumque
1600 2156 1723 2227 partium
1738 2157 1869 2228 negocia·

244 2239 358 2303 toribus,
377 2241 449 2311 [ink]
468 2241 569 2311 quibus
587 2245 719 2310 fuerant,
738 2249 923 2302 conservetur.

197 2365 225 2404 ιο
351 2336 431 2422 (17.)
467 2349 507 2404 De
536 2349 656 2420 ripatico
678 2341 758 2406 ιοιοι
786 2352 880 2418 stetit,
911 2356 944 2407 ut
973 2352 1126 2406 secundum
1155 2351 1303 2421 antiquam
1331 2351 1562 2408 consuetudinem
1590 2350 1741 2405 debeamus
1770 2350 1871 2406 tollere

243 2450 295 2503 per
323 2437 420 2502 portus
448 2437 594 2502 nostrosm,
625 2441 654 2492 et
681 2438 788 2492 nullum
815 2457 967 2510 gravamen
996 2441 1046 2493 aut
1069 2437 1234 2493 violentiam
1262 2438 1408 2502 satiamus3
1440 2441 1470 2493 ct
1497 2437 1520 2491 si
1546 2438 1652 2491 factum
1676 2436 1762 2491 fuerit
1784 2439 1813 2491 et
1835 2437 1872 2490 ad

243 2522 369 2574 nostram
397 2521 532 2577 noticiam
557 2524 748 2593 pervenerit”,
781 2525 913 2580 satiamus
943 2525 1044 2580 exinde
1072 2523 1212 2579 iustitiam
1241 2515 1321 2580 fieri.
1375 2513 1419 2580 Et
1451 2515 1621 2579 statuimus
1652 2513 1692 2578 de
1724 2513 1871 2598 ripatico,

244 2602 279 2661 ut
302 2616 505 2683 nequaquam
529 2600 602 2684 plus
625 2600 802 2666 debeamus
825 2603 941 2668 tollere
965 2602 1028 2666 nisi
1052 2623 1179 2666 omnem
1202 2601 1486 2687 quadragesimam
1510 2601 1655 2665 libram0.
1694 2607 1731 2662 Ει
1746 2608 1872 2664 habeant

242 2692 387 2751 licentiam
414 2695 542 2750 homines
564 2697 651 2752 vestri
678 2715 728 2767 per
756 2695 901 2754 nostram
929 2703 1034 2754 terram
1056 2697 1248 2763 ambulandil’,
1277 2697 1325 2752 ubi
1349 2697 1503 2761 voluerint3
1539 2700 1568 2752 et
1591 2695 1721 2751 similiter
1743 2695 1871 2750 homines

198 2800 224 2840 ιι
243 2779 334 2835 nostri
356 2800 407 2854 per
428 2799 513 2837 mare.

350 2877 431 2961 (18.)
462 2887 516 2942 Sed
539 2889 568 2942 ct
590 2888 643 2941 hoc
666 2888 810 2953 convenit,
839 2890 883 2953 ut,
912 2888 936 2942 si
958 2905 1014 2958 qua
1037 2886 1106 2942 lesio
1130 2886 1205 2942 inter
1227 2891 1323 2957 partes
1345 2887 1501 2951 eveneritq,
1529 2885 1656 2956 ligaturii
1678 2884 1754 2940 inter
1775 2887 1871 2954 partes

242 2989 298 3026 non
317 2971 503 3036 detineantur,
522 2971 569 3026 sed
587 2970 677 3026 securi
693 2971 730 3026 ed
748 2971 877 3042 propriar
889 2971 1037 3036 reddeant;
1057 2969 1186 3026 similiter
1199 2974 1228 3026 et
1240 2970 1404 3040 epistolarii,
1423 2969 1447 3024 si
1459 2969 1568 3025 detenti
1580 2967 1692 3034 fuerint,
1711 2967 1872 3023 relaxentur

242 3059 272 3112 et
294 3059 497 3127 componantur
520 3055 605 3126 [eisk]
627 3056 730 3112 solidos
753 3060 892 3113 trecentos
914 3061 943 3112 et
967 3057 1003 3122 si,
1029 3056 1104 3126 quod
1122 3056 1211 3121 absit,
1238 3055 1322 3112 occisi
1340 3056 1458 3120 fuerint,
1483 3057 1688 3124 componantur
1707 3054 1871 3125 parentibus

243 3160 338 3198 eorum
356 3160 407 3213 pro
425 3141 493 3212 ipsis
511 3141 612 3198 solidos
630 3142 715 3209 mille,
734 3147 763 3199 et
781 3143 860 3214 ipsa·
881 3161 1000 3214 persona
1018 3144 1164 3200 tradatur·
1183 3143 1212 3198 in
1230 3143 1360 3199 manibus
1379 3161 1482 3199 eorum.

197 3265 226 3304 so
352 3241 432 3321 (19.)
466 3247 580 3316 Siquis
603 3247 677 3304 inter
699 3252 795 3319 partes
817 3267 915 3304 causas
939 3249 1083 3316 habuerit,
1111 3250 1197 3305 vadat
1220 3251 1307 3305 semel
1330 3249 1374 3305 vel
1396 3248 1439 3303 bis
1462 3266 1526 3303 cum
1548 3247 1670 3318 epistola
1691 3240 1807 3303 iudicis*
1829 3247 1872 3302 sui

243 3323 324 3402 [elli
349 3335 372 3388 si
395 3333 421 3389 ei
444 3334 555 3390 iustitia
577 3334 691 3391 minime
715 3337 790 3391 facta
813 3336 899 3390 fuerit
920 3337 995 3391 infra
1016 3335 1076 3392 dies
1100 3336 1326 3405 quatuordecim,
1351 3335 1374 3389 si
1396 3335 1457 3405 ipse
1479 3335 1576 3398 homo,
1600 3334 1674 3389 unde
1696 3333 1808 3390 iustitia
1831 3352 1870 3388 re·

242 3421 372 3491 quiritur,
396 3421 470 3476 infra
491 3421 584 3492 ipsum
606 3422 697 3477 locum
719 3422 813 3488 fuerit,
837 3422 911 3477 infra
934 3423 993 3478 dies
1014 3426 1122 3493 septem
1145 3423 1290 3478 licentiam
1312 3422 1418 3477 habeat
1440 3421 1590 3492 pignerare
1613 3419 1746 3486 iudicem,
1770 3419 1818 3488 qui
1842 3419 1871 3474 in

241 3508 304 3578 ipsc
332 3511 459 3577 tempore
488 3508 633 3563 ordinatus
663 3509 760 3574 fuerit,
788 3509 862 3564 infra
890 3511 1004 3564 cissamu
1031 3527 1123 3574 suam,
1152 3512 1290 3578 quantum
1318 3509 1411 3579 ipsum
1435 3507 1562 3562 debitum
1588 3505 1685 3570 fuerit;
1723 3510 1752 3561 et
1779 3505 1871 3575 ipsum

243 3595 346 3664 pignus
369 3595 477 3648 salvum
500 3593 538 3648 sit
560 3613 647 3664 usque
670 3596 707 3649 ad
729 3596 951 3665 prenominatae
974 3599 1079 3651 noctes.
1115 3594 1151 3650 lit
1174 3595 1197 3650 si
1219 3596 1312 3666 ipsum
1328 3595 1431 3666 pignus
1454 3593 1643 3658 antesteterit,
1667 3595 1872 3662 componantur

200 3693 227 3734 ιι
246 3681 330 3735 solidi
353 3681 520 3736 duodecim*
543 3699 627 3735 causa
649 3685 795 3749 manente,
825 3685 857 3737 ut
882 3683 912 3736 in
936 3684 1000 3738 eaw
1023 3681 1183 3753 pigneratio
1207 3683 1268 3747 fiat,
1295 3681 1344 3737 ubi
1367 3680 1493 3751 potuerit
1515 3679 1544 3733 in
1567 3678 1682 3744 linibus,
1715 3677 1763 3732 ubi
1787 3695 1871 3732 causa

246 3767 412 3837 requisitum
447 3767 507 3822 sic¹
529 3770 624 3823 tamen
648 3767 733 3834 [usq
757 3768 805 3823 ubi
828 3768 959 3823 iuditium
982 3769 1118 3824 ambabus
1140 3768 1268 3838 partibus
1291 3768 1488 3824 denuntiatum
1511 3765 1608 3830 fuerit,
1639 3764 1794 3820 residentes
1816 3765 1871 3819 duo

247 3855 281 3908 de
304 3858 424 3924 utraque
447 3858 527 3924 parte
551 3854 585 3909 de
607 3854 677 3921 loco,
701 3855 749 3910 ubi
773 3873 857 3910 causa
879 3855 1040 3925 requiritur,
1064 3859 1093 3911 et
1110 3855 1186 3924 quod
1205 3855 1279 3925 ipsi*
1294 3873 1345 3926 per
1360 3853 1546 3924 evangelium
1561 3850 1871 3916 deterrnineraverint⁸,

247 3959 313 4011 pars
335 3941 411 4011 parti
434 3940 597 3996 satisfatiat.

355 4033 435 4118 (211.)
470 4033 663 4100 Addidimus
679 4035 788 4117 etiam,
808 4048 847 4111 ut,
872 4045 895 4100 si
911 4045 973 4115 quis
989 4045 1171 4102 homicidium
1187 4044 1401 4116 perpetraverit,
1418 4046 1512 4098 stante
1528 4045 1621 4113 pacto,
1637 4041 1727 4096 modis
1743 4039 1872 4095 omnibus

201 4143 230 4181 sc
247 4131 323 4201 parti
347 4133 439 4186 vestre
462 4130 544 4201 ligati
566 4131 723 4197 tradantur,
746 4132 847 4200 quanti
868 4132 898 4186 in
921 4132 983 4202 ipso
1005 4132 1157 4187 homicidio
1179 4132 1258 4186 misti
1279 4131 1397 4196 fuerint;
1425 4134 1454 4185 et
1477 4129 1500 4184 si
1520 4120 1692 4194 distuleritl,
1715 4129 1785 4197 proc
1804 4145 1871 4181 una-

246 4235 358 4287 quaque
381 4218 520 4288 persona⁰
535 4221 687 4287 componat
709 4218 771 4272 auri
793 4219 887 4274 soldos
903 4218 975 4273 CCC.
1010 4217 1047 4273 llt
1066 4219 1090 4272 si
1107 4219 1237 4288 aliquam
1258 4218 1287 4272 in
1307 4217 1378 4272 silva
1393 4216 1619 4287 pignerationem
1634 4215 1726 4270 facere
1743 4213 1871 4278 voluerit,

247 4305 288 4359 sic
310 4306 359 4359 fiat
381 4305 444 4360 sine
465 4303 629 4369 homicidio;
653 4307 683 4358 et
705 4304 737 4370 si,
760 4305 836 4374 quod
856 4305 938 4371 absit,
962 4305 1144 4361 homicidium
1159 4305 1265 4359 factum
1281 4303 1367 4358 fuerit
1386 4303 1416 4357 in
1432 4303 1521 4358 libero
1536 4291 1679 4367 homined,
1703 4300 1873 4370 componat⁸

247 4391 352 4446 solidos
368 4389 432 4445 CCC
455 4409 506 4461 pro
530 4391 591 4460 ipso
615 4395 644 4446 et
666 4409 717 4461 pro
740 4409 821 4446 servo
844 4391 948 4446 solidos
971 4392 1004 4456 L;
1036 4395 1066 4447 et
1093 4391 1117 4446 si
1139 4392 1225 4462 plaga
1247 4381 1335 4445 facta
1356 4389 1443 4444 fuerit
1464 4389 1494 4443 in
1515 4388 1605 4444 libero
1628 4377 1770 4452 homined,
1800 4404 1871 4441 com·

248 4481 337 4548 ponat
359 4477 464 4533 solidos
484 4478 506 4531 L
529 4479 559 4532 et
579 4495 631 4546 pro
653 4495 734 4532 servo
757 4478 861 4533 solidos
874 4478 960 4532 XXX.

204 4591 231 4629 ⁴⁵
357 4571 437 4655 (21.)
473 4579 509 4635 Ει
536 4581 590 4635 hoc
618 4580 712 4647 stetit,
745 4583 777 4635 ut
799 4582 833 4636 de
856 4581 968 4636 feminis
990 4599 1023 4636 ac
1045 4580 1209 4636 mulieribus
1238 4596 1287 4634 seu
1310 4578 1411 4649 puellis
1435 4579 1478 4634 vel
1500 4577 1633 4649 gregibus
1657 4595 1809 4646 equarum
1832 4576 1871 4631 in-

247 4657 381 4724 domitist
402 4668 446 4723 vel
472 4666 604 4738 gregibus
631 4685 778 4737 porcorum
802 4667 921 4734 [nullcssl
944 4667 1103 4738 pigneratio
1127 4666 1186 4721 fieri
1208 4665 1311 4722 debeat
1318 4687 1325 4730 ;
1356 4664 1380 4719 si
1402 4682 1458 4734 qua
1480 4683 1545 4735 pers
1569 4666 1659 4720 facere
1681 4663 1872 4733 presumserit,

248 4758 400 4825 componat
423 4753 526 4810 solidos
550 4753 579 4820 L,
602 4757 631 4809 et
654 4754 716 4823 ipsa
738 4754 898 4824 pigneratio
921 4755 1000 4808 salva
1021 4753 1196 4808 restituatur.

356 4848 438 4934 (22.)
472 4857 608 4912 Similiter
630 4857 712 4912 stetit
734 4847 775 4913 (le
798 4858 881 4914 rebus
904 4847 1086 4913 sanctorumh
1108 4857 1344 4925 ecclesiarumque
1367 4855 1432 4920 Dei,
1458 4844 1547 4924 quod¹
1570 4852 1688 4920 [nulus]
1712 4852 1872 4924 pigneratis

250 4941 308 4996 fieri
325 4941 435 5007 debeat,
454 4944 572 5011 excepto
590 4940 614 4995 si
632 4959 694 4996 cum
710 4941 900 4997 sacerdotibus
918 4942 1041 5012 ipsarum
1058 4941 1236 4998 ecclesiarum
1250 4956 1347 4995 causas
1359 4938 1502 5004 habuerit,
1522 4942 1551 4994 et
1563 4942 1648 4994 antea
1661 4936 1873 5007 [compellatiolt

206 5158 234 5196 ιο
351 5141 376 5204 ο)
394 5161 443 5193 om.
463 5141 485 5194 l.
559 5138 601 5208 c')
619 5144 779 5211 proposuerit
795 5143 883 5204 codd.,·
904 5145 952 5210 cfr.
971 5141 1044 5194 PHl.
1120 5139 1147 5206 d)
1165 5144 1249 5207 fuerit,
1268 5143 1412 5194 aberavsrit
1431 5141 1505 5194 codd.
1575 5140 1600 5204 ο)
1619 5141 1688 5208 pacti
1706 5139 1781 5191 fatiat
1798 5138 1872 5190 codd.

249 5227 272 5292 f)
290 5237 393 5280 autres
411 5245 452 5280 res
467 5227 488 5278 l.
538 5228 566 5296 g)
584 5246 631 5280 sue
648 5229 722 5281 codd.
776 5229 804 5295 ιι)
821 5230 996 5294 convenerint,
1014 5228 1126 5297 poterint
1142 5227 1218 5280 codd.
1270 5228 1288 5291 i)
1307 5231 1421 5298 exceptis
1439 5230 1471 5279 ab
1490 5227 1548 5280 aliis
1567 5225 1607 5277 hic
1626 5225 1724 5277 ἀοιιιιιι
1778 5224 1807 5288 Ιι)
1826 5243 1873 5276 ccv.

250 5313 322 5366 codd.
374 5315 395 5378 l)
413 5327 439 5366 οι
457 5315 601 5366 ιιίιιιίιιιιῐι
619 5316 754 5367 fluminum
773 5315 834 5366 odd.
849 5314 908 5367 PK.
962 5313 997 5380 m)
1016 5322 1095 5366 nostr.
1114 5321 1140 5365 et
1156 5314 1263 5366 flumina
1275 5313 1334 5366 PK.
1386 5316 1414 5381 ιι)
1431 5315 1464 5366 ab
1482 5315 1519 5366 eis
1537 5311 1600 5364 odd.
1614 5311 1672 5362 PK.
1724 5311 1750 5374 o)
1768 5310 1835 5364 libra
1852 5309 1873 5362 1.

250 5400 276 5468 p)
293 5402 333 5452 vel
352 5402 458 5453 flumina
476 5402 625 5453 transeundi
643 5403 705 5454 odd.
724 5402 782 5454 PK.
841 5401 869 5469 q)
887 5402 1035 5455 convenerit
1053 5400 1127 5453 codd.
1185 5399 1209 5465 r)
1227 5401 1354 5468 propriam
1375 5401 1398 5453 1.
1455 5400 1478 5464 s)
1496 5400 1550 5466 ipse
1568 5415 1676 5466 persone
1694 5397 1831 5450 tradantur
1849 5393 1872 5446 1.

252 5487 271 5550 ι)
289 5489 365 5540 iudici
383 5505 431 5540 suo
450 5487 525 5539 codd.
611 5489 640 5550 ιι)
659 5505 719 5540 casa
737 5489 810 5540 codd.
898 5485 926 5552 ν)
943 5489 981 5540 ita
993 5487 1064 5548 PK.,·
1081 5493 1237 5554 componant
1254 5486 1348 5538 solidos
1366 5493 1492 5538 uocantes
1510 5485 1583 5537 codd.
1672 5482 1706 5546 vv)
1727 5482 1831 5534 inantea
1849 5489 1874 5534 st

209 5585 235 5622 ιι
249 5574 341 5634 iterum
354 5574 412 5626 PK.
467 5573 495 5637 ιι)
513 5575 534 5625 si
551 5574 625 5626 codd
678 5575 706 5642 y)
725 5595 774 5628 om.
793 5575 867 5628 codd.
920 5575 944 5640 ι)
964 5576 1018 5644 ipse
1037 5573 1110 5626 codd
1164 5572 1192 5638 a)
1210 5571 1418 5626 determinaverit
1431 5569 1454 5622 l.
1509 5569 1536 5634 b)
1553 5585 1597 5620 sos
1617 5568 1714 5620 tradere
1733 5567 1795 5618 odd.
1815 5565 1873 5618 PK.

252 5659 276 5724 c)
297 5678 343 5728 per
364 5677 573 5728 unamquamque
593 5677 727 5728 personam
746 5661 769 5713 l.
857 5663 883 5726 d)
907 5663 1037 5715 hominem
1056 5660 1080 5713 l.
1167 5659 1191 5724 s)
1215 5677 1260 5727 pro
1283 5661 1339 5727 ipso
1361 5658 1417 5710 suri
1439 5656 1502 5710 odd.
1520 5655 1579 5708 PK.
1667 5655 1691 5718 f)
1715 5655 1831 5706 indomiti
1851 5653 1873 5705 l.

252 5745 279 5812 g>
295 5765 342 5799 ova.
360 5747 434 5800 codd.
505 5747 532 5811 h)
550 5755 696 5800 uncturum
715 5747 925 5801 ecclesiarumt.
995 5746 1015 5815 i)
1034 5764 1082 5800 cm.
1097 5744 1121 5797 1.
1156 5745 1185 5812 ιι)
1202 5745 1364 5815 compellatio
1438 5750 1469 5795 ut
1486 5759 1534 5794 cm.
1553 5740 1627 5793 codd.

247 5875 252 5885 -
353 5855 390 5893 ιι.
408 5854 577 5894 csrrrumrus
594 5855 619 5892 u.
1636 5833 1668 5886 19
