4560 6426
430 459 492 522 338
591 456 835 510 (lrll’l'l'UthlA
854 455 985 510 REGUM
1003 455 1188 510 estserae
1208 453 1470 509 occlussrhnrs
1489 453 1637 520 (llllROhl
1654 455 1698 524 ll).
1718 485 1749 492 -
1769 455 1889 508 Narra

351 639 410 693 869.
430 630 529 696 codice
551 631 591 694 A.
616 631 798 711 Augustini.
843 631 1035 709 Inscriptam
1063 633 1109 693 cst
1135 629 1284 712 capitalis
1313 630 1347 692 ia
1375 635 1404 691 l:
1440 627 1538 708 Ordo,
1569 629 1707 713 qualiter
1737 627 1880 692 Karolus
1908 650 1969 693 rex
1993 629 2052 692 luit

431 741 605 799 coronatus
629 734 660 796 in
677 732 788 798 hlcttis
805 734 935 797 civitate
960 724 1044 798 anno
1061 732 1300 813 DOGOLXIX,
1324 733 1356 796 in
1381 753 1493 797 meuse
1512 731 1729 818 septembrio,
1746 732 1787 796 V.
1805 733 1883 796 Idus
1900 731 2051 818 Septem-

430 838 507 916 bris,
532 859 615 922 quae
639 838 749 902 evcnit
772 837 824 903 die
840 837 996 916 Veneris,
1022 859 1095 902 cnm
1119 838 1190 902 istis
1216 837 1391 924 episcopis,
1415 837 1566 902 videlicet
1589 837 1767 900 Hincmaro
1791 835 2050 922 archiepiscopo,

429 941 592 1005 Adscntio
615 940 811 1023 (Mettensi),
835 940 979 1005 Hattone
1002 939 1255 1022 (Virirleacasi),
1278 941 1418 1005 Arnullo
1441 940 1630 1022 (Tellena),
1652 939 1823 1004 Franeone
1845 938 2050 1022 (Leodieasi),

429 1045 608 1109 Hincmaro
636 1044 876 1127 (Lauduacasa')
905 1053 937 1109 et
965 1043 1079 1109 Odonc
1108 1044 1373 1124 (Belloeueensi),
1412 1044 1540 1130 qnando
1571 1043 1733 1128 quondam
1770 1064 1829 1108 rex
1859 1041 2051 1106 Hlotharius
2082 1068 2094 1106 s

418 1149 515 1214 lilius
544 1148 706 1214 Hlotharii
736 1149 941 1235 imperatoris
968 1149 1031 1213 luit
1054 1155 1199 1214 mortuus
1228 1150 1260 1212 in
1288 1148 1457 1214 Placentia
1485 1149 1634 1222 civitate;
1665 1150 1700 1210 in
1727 1148 1851 1212 ceteris:
1880 1148 1976 1212 Anno
1999 1148 2049 1211 in·

430 1252 627 1317 carnationis
660 1251 843 1318 dominicae
878 1251 1126 1330 Decenxlx,
1169 1252 1345 1316 indictione
1382 1252 1441 1332 ll,¹
1453 1252 1493 1315 V.
1523 1252 1640 1338 (pridie
1672 1251 1705 1332 l)
1734 1251 1811 1314 Idus
1848 1250 2050 1336 Septembris

430 1354 542 1420 Mettis
566 1356 679 1436 (Metis
695 1359 723 1418 3.
748 1355 782 1440 4)
806 1355 936 1420 civitate
960 1357 991 1420 in
1009 1356 1150 1420 ccclesia
1164 1357 1268 1420 sancti
1284 1354 1442 1441 Stephani
1461 1356 1620 1440 martyris,
1645 1356 1736 1433 haec,
1760 1375 1843 1440 quac
1860 1363 2050 1440 sequuntur,

430 1459 574 1546 capitula
597 1459 781 1524 Adsentius
805 1460 978 1545 episcopus
1003 1459 1104 1544 ipsius
1127 1459 1269 1523 civitatis
1293 1480 1402 1523 corant
1426 1480 1502 1543 rege
1528 1467 1561 1522 et
1584 1459 1759 1544 episcopis,
1787 1459 1841 1543 qui
1864 1457 2049 1536 adfuerunt,

429 1563 559 1649 publice
584 1568 655 1646 (ona
673 1563 706 1644 4)
731 1564 850 1648 populo
874 1571 906 1628 ct
930 1564 1049 1648 scripto
1073 1569 1107 1626 ct
1130 1562 1235 1627 verbis
1259 1564 1373 1646 (verbo
1390 1569 1422 1636 l;
1447 1564 1578 1648 publico
1601 1563 1673 1626 edd.
1691 1565 1724 1644 4)
1749 1563 1961 1628 denuntiarit.
2070 1589 2095 1626 ro

539 1669 606 1748 Quo
627 1687 698 1729 uero
720 1666 808 1730 trado
831 1667 954 1750 factem
978 1667 1032 1742 sit,
1065 1671 1100 1729 et
1126 1666 1270 1730 Kerolus
1293 1668 1476 1746 pactionem
1503 1667 1707 1732 Mettensiem
1733 1667 1814 1730 errrri
1837 1671 1910 1732 867.
1938 1673 2052 1748 (sceptra

424 1794 458 1852 p.
482 1774 554 1852 llil)
584 1770 676 1834 trulla
703 1770 826 1834 ratione
851 1770 958 1834 ltebile
987 1791 1080 1852 repeto
1110 1770 1276 1834 Hlotlurrr'i
1301 1771 1467 1853 potiretur,
1495 1772 1606 1851 malinae
1634 1773 1767 1852 apparet
1796 1793 1835 1835 ca
1865 1771 1943 1849 illis,
1971 1791 2051 1852 querc

432 1872 626 1938 Hincmerus
659 1873 695 1936 la
721 1873 789 1938 seis
816 1874 989 1938 cerealibus
1012 1875 1090 1938 actis
1123 1881 1289 1938 concerdes
1319 1875 1494 1954 praemisit.
1550 1875 1609 1938 Sol
1633 1876 1729 1954 igitar
1755 1877 1800 1938 est
1826 1873 1882 1938 boc
1904 1875 1967 1940 loeo
1989 1875 2051 1940 isla

430 1976 521 2040 serbe
549 1977 728 2042 Anrteliunr
756 1977 881 2042 Berlin.
915 1979 935 2044 l.
957 2000 981 2042 e.
1010 1983 1159 2058 repetere:
1199 1979 1293 2051 Quod
1328 1983 1384 2060 (se.
1414 1983 1541 2044 mortem
1568 1979 1751 2060 Hlollrerii)
1786 1979 1928 2043 Karolus
1965 1978 2051 2064 apud

432 2083 627 2146 Silvanectis
659 2083 824 2148 civitatem
847 2083 971 2168 degens
1004 2135 1009 2148 .
1035 2135 1073 2149 ..
1104 2106 1168 2147 nou
1192 2085 1315 2148 incerto
1344 2085 1546 2170 comperiens
1577 2083 1708 2158 nuncio,
1744 2083 1786 2146 ab
1815 2083 1888 2168 ipsa
1918 2082 2049 2146 civitate
2071 2109 2094 2146 a

432 2206 576 2266 movens,
602 2186 803 2250 Attiniacum
827 2188 926 2252 venit.
978 2186 1042 2250 Ubi
1066 2209 1086 2250 a
1108 2187 1302 2272 quibusdam
1326 2188 1502 2273 episeopis,
1535 2186 1592 2251 sed
1623 2194 1657 2252 ct
1681 2187 1721 2250 ab
1745 2186 1907 2270 aliquibus
1930 2186 2048 2270 primo·

432 2290 521 2353 ribus
545 2291 635 2374 regni
659 2289 821 2374 quondam
838 2289 1003 2355 Hlotbarii
1020 2292 1135 2354 missos
1153 2289 1294 2355 directos
1312 2291 1466 2376 suscepit,
1490 2296 1526 2353 ut
1548 2290 1593 2354 ibi
1618 2290 1776 2354 resideret
1800 2297 1834 2354 et
1858 2289 1890 2352 in
1914 2309 2050 2373 regnum

431 2392 515 2477 quod
538 2393 701 2458 Hlotharii
726 2394 832 2460 luerat
856 2415 920 2458 non
944 2395 1089 2472 intraret,
1114 2394 1216 2459 donoc
1233 2397 1334 2458 trater
1358 2416 1436 2459 suus
1453 2394 1667 2458 Hludowieus
1692 2443 1752 2464 ..,
1777 2393 1818 2460 ab
1842 2393 2050 2478 expeditione

432 2497 540 2561 hostili
570 2497 610 2561 de
634 2497 776 2561 Winidis
805 2549 811 2563 .
836 2547 842 2560 .
865 2547 871 2560 .
897 2504 1126 2562 reverteretur.
1180 2497 1350 2563 Petierunt
1374 2520 1468 2583 ergo,
1497 2505 1533 2562 ut
1656 2500 1684 2562 ei
1716 2497 1903 2575 mandaret,
1933 2497 1988 2560 ubi
2018 2503 2051 2560 ct

431 2601 561 2686 quando
597 2603 692 2666 simul
730 2603 943 2666 convenirent
978 2608 1011 2664 et
1045 2601 1085 2665 de
1122 2603 1212 2685 regni
1250 2603 1351 2687 ipsius
1381 2601 1538 2665 divisione
1571 2607 1764 2674 tractarent;
1802 2601 1911 2686 plures
1940 2606 2094 2666 auterneo

432 2693 551 2769 saniori
575 2707 710 2770 consilio
733 2707 779 2769 illi
805 2704 1056 2788 mandaverunt,
1085 2711 1135 2784 ut,
1160 2707 1350 2789 quantocius
1375 2705 1541 2769 commode
1566 2713 1687 2791 posset,
1711 2727 1814 2790 usquc
1839 2704 1949 2770 Mettis
1973 2725 2048 2789 pro-

433 2829 549 2895 perare
574 2816 747 2894 satageret,
772 2816 805 2874 ct
828 2809 891 2895 ipsi
915 2815 978 2872 tarn
1003 2810 1035 2872 in
1059 2809 1174 2872 itincre
1199 2829 1295 2894 quarn
1319 2810 1359 2873 ad
1383 2810 1487 2894 ipsam
1505 2809 1669 2874 civitatem
1695 2811 1724 2873 ei
1748 2831 1918 2874 occurrere
1942 2815 2047 2872 matu-

432 2919 552 2978 rarent.
597 2913 742 2987 Quorum
767 2913 938 2977 consilium
961 2911 1104 2976 Karalus
1132 2912 1365 2997 acceptabilius
1396 2921 1429 2977 et
1456 2911 1516 2976 sibi
1545 2912 1708 2977 salubrius
1738 2935 1812 2978 csse
1842 2914 2048 2996 intellegens,

432 3018 524 3080 iuxta
547 3038 658 3081 eorum
683 3019 925 3101 suggestionem
943 3038 1041 3101 agere
1058 3018 1234 3082 festinavit.
1280 3017 1425 3081 Veniens
1450 3039 1527 3102 ergo
1545 3038 1647 3102 usque
1663 3017 1867 3097 Viridununr,
1892 3018 2048 3103 plurimos

432 3121 472 3185 de
497 3120 610 3185 eodem
636 3143 752 3205 regno,
778 3119 834 3184 scd
858 3127 891 3184 et
914 3119 1091 3184 llattonem
1116 3121 1215 3206 ipsius
1240 3121 1378 3185 civitatis
1402 3122 1588 3206 episcopum
1616 3129 1649 3185 et
1681 3121 1851 3185 Arnullum
1881 3121 2046 3186 Tullensis
2067 3149 2092 3188 a

433 3224 521 3289 urbis
546 3226 744 3311 episcopum,
767 3224 828 3288 sibi
852 3248 887 3288 se
910 3223 1175 3287 commendantes
1200 3224 1355 3308 suscepit.
1402 3223 1548 3308 Indeque
1573 3223 1684 3288 Mettis
1709 3223 1820 3288 Nonas
1846 3225 2047 3310 Septembris

433 3329 577 3404 venicus,
601 3327 796 3392 Adsentiurn
821 3327 922 3414 ipsius
947 3327 1088 3390 civitatis
1111 3327 1295 3412 praesulem
1328 3334 1361 3390 ct
1385 3327 1588 3391 llraneoncm
1611 3327 1836 3413 Tungrcnscm
1860 3330 2057 3415 episcopum*

434 3453 506 3496 eum
530 3433 639 3496 multis
667 3432 740 3496 aliis
770 3432 802 3495 in
834 3453 893 3495 sua
922 3431 1204 3496 commendatione
1228 3432 1381 3516 suscepit.
1434 3433 1553 3517 Sisque
1571 3431 1611 3495 V.
1630 3431 1708 3496 Idus
1734 3434 1836 3518 ipsius
1861 3435 1982 3497 mensis
2007 3433 2049 3497 ab

434 3537 595 3621 episeopis
619 3537 673 3621 qui
697 3535 885 3614 adfuerunt,
911 3535 1137 3600 cohibentibus
1163 3535 1328 3615 omnibus,
1352 3536 1384 3599 in
1411 3535 1546 3599 basilica
1570 3535 1657 3601 beati
1682 3537 1839 3622 Stephani
1865 3537 1946 3601 haee
1971 3559 2054 3623 quac

434 3649 613 3726 sequuntur
640 3641 835 3705 denunciata
863 3646 896 3705 et
919 3648 1014 3724 gesta
1044 3640 1135 3703 fuere
1165 3640 1225 3704 hoc
1255 3639 1358 3703 rnodo.
1389 3678 1430 3686 -
1464 3640 1614 3704 Ordinem
1640 3642 1850 3705 coronationis
1872 3641 1940 3704 eide
1964 3641 2056 3726 italia
2075 3666 2101 3705 so

435 3765 484 3808 nr.
504 3747 576 3809 302.
1556 3743 1614 3824 (B.
1638 3745 1685 3820 II,
1703 3748 1783 3823 207,
1806 3743 1844 3811 P.
1861 3749 1949 3830 512.)

456 3969 530 4052 (A.)
561 3967 845 4032 lhdnuntiatiol
877 3967 1069 4031 Adventii
1099 3968 1279 4053 episcopi
1311 3977 1402 4034 anto
1427 3971 1586 4035 initium
1617 3972 1763 4036 missae
1793 3970 1831 4034 in
1854 3971 2036 4035 ecclesia

526 4075 652 4137 saneti
676 4072 871 4157 Stephani
894 4094 1024 4137 coram
1050 4093 1138 4156 rege
1162 4084 1200 4137 et
1224 4076 1422 4160 episcopis
1445 4084 1483 4139 et
1507 4075 1599 4139 aliis
1624 4097 1733 4159 quarn
1757 4075 1968 4158 plurimis¹.

550 4234 574 4291 l.
610 4181 679 4292 Vos
704 4229 807 4308 scitis,
832 4234 865 4292 et
888 4228 996 4292 multis
1028 4230 1060 4292 in
1088 4228 1258 4312 plurimis¹¹
1284 4230 1392 4313 regnis
1416 4236 1484 4293 est⁰
1508 4230 1687 4314 cognitum,
1721 4237 1859 4317 quantos
1888 4239 1922 4293 et
1944 4230 2056 4316 quales

437 4340 574 4397 eventus
598 4340 743 4417 tempere
768 4331 906 4395 senioris
924 4333 1035 4408 nostri,
1059 4354 1155 4417 quern
1173 4332 1331 4396 haetenus
1347 4331 1531 4412 habuimus,
1555 4355 1612 4419 pro
1637 4335 1744 4398 causis
1767 4334 1942 4398 notissimis
1966 4356 2053 4397 eorn-
2075 4365 2099 4404 ³5

437 4438 576 4502 muniter
600 4436 830 4514 sustinuimus,
862 4442 894 4498 et
923 4442 1043 4519 quanto
1072 4436 1183 4501 dolore
1213 4443 1398 4522 quantaque
1428 4438 1579 4522 angustia
1606 4436 1646 4502 de
1676 4437 1762 4501 illius
1787 4438 1930 4503 infausta
1953 4443 2055 4501 morte

437 4563 541 4626 nuper
564 4538 715 4604 cordibus
739 4538 881 4624 perculsi
906 4561 1027 4603 sumus.
1073 4540 1168 4604 Unde
1192 4542 1324 4604 unicum
1348 4542 1509 4625 retugium
1534 4549 1568 4606 ct
1591 4542 1799 4625 singulariter
1822 4543 1953 4607 salubre
1978 4564 2056 4606 coo-

438 4644 554 4722 silium,
579 4665 657 4728 rege
681 4648 714 4707 et
737 4643 883 4728 principe
905 4649 1017 4706 nostro
1040 4642 1187 4708 destituti
1212 4664 1250 4707 ac
1274 4643 1426 4720 desolati,
1451 4645 1546 4708 nobis
1568 4645 1717 4709 omnibus
1743 4669 1817 4710 esse
1835 4644 2055 4711 consideravi-

438 4768 520 4827 mus,
544 4755 580 4811 ut
595 4747 724 4811 ieiuniis
748 4753 781 4811 et
796 4746 996 4810 orationibus
1020 4747 1061 4811 ad
1078 4769 1151 4812 cunr
1168 4769 1227 4811 nos
1245 4748 1541 4826 converteremusd,
1566 4749 1619 4833 qui
1644 4755 1693 4812 cst
1710 4742 1863 4814 ‘adiutor'
1891 4751 1922 4813 in
1940 4770 2056 4836 oppor-

440 4851 659 4932 tunitatibus⁰,
675 4852 707 4914 in
723 4847 951 4932 tribulationc’,
969 4859 1001 4916 et
1014 4845 1121 4915 cuius²
1137 4859 1188 4916 cst
1204 4853 1385 4932 consilium,
1403 4874 1440 4917 ac
1455 4844 1561 4917 cuius3
1574 4858 1625 4917 est
1641 4873 1776 4938 regnum
1789 4861 1831 4935 et,
1848 4861 1884 4918 ut
1901 4855 2056 4940 scriptum
2076 4882 2103 4921 so

438 4961 499 5036 est,
523 4946 602 5020 ‘cuil
621 4953 769 5034 voluerit,
793 4953 883 5019 dabit
898 4952 998 5032 illud’,
1022 4962 1054 5017 ct
1070 4955 1101 5017 in
1118 4947 1229 5018 cuiuss‘
1245 4977 1342 5019 manu
1360 4955 1458 5019 corda
1475 4962 1549 5020 suut
1565 4977 1689 5040 regum,
1713 4963 1745 5020 et
1761 4951 1870 5028 ‘lacit6
1885 4958 2057 5022 unanimes

438 5060 586 5126 habitare
616 5061 648 5124 in
677 5059 770 5123 domo
795 5051 943 5123 solvens⁷
968 5059 1108 5123 medium
1132 5059 1290 5144 parietem
1315 5061 1495 5128 olfaciens
1520 5065 1656 5145 utraque
1687 5059 1811 5135 unum’;
1840 5062 2057 5147 deprecantes

438 5164 539 5250 ipsius
563 5163 830 5236 misericordiam,
853 5171 889 5226 ut
912 5160 1023 5226 daret‘
1045 5161 1137 5226 nobis
1161 5179 1272 5246 regem
1296 5184 1334 5226 ac
1362 5163 1543 5248 principem
1576 5162 1753 5226 secundum
1785 5184 1840 5227 cor
1871 5185 1980 5241 suum,
2003 5164 2058 5249 qui

439 5270 471 5332 in
499 5267 618 5332 iudicio
648 5274 680 5332 et
709 5268 834 5332 iustitia
862 5288 921 5330 nos
951 5267 982 5330 in
1019 5267 1106 5330 omni
1136 5265 1247 5332 ordine
1286 5289 1323 5332 ac
1356 5267 1558 5352 professione
1590 5274 1750 5352 regeret⁰,
1786 5267 1929 5332 salvaret
1959 5275 2057 5354 atque

540 5457 566 5525 a)
588 5459 627 5509 lt'a
646 5459 668 5509 l.
757 5457 784 5520 b)
804 5457 921 5524 pluribus
940 5455 964 5508 4.
1052 5458 1076 5519 c)
1095 5455 1187 5509 cased.
1274 5457 1301 5523 d)
1320 5465 1498 5510 convertamus
1510 5437 1535 5508 4¹.
1623 5455 1648 5520 a)
1667 5465 1692 5508 ct
1710 5457 1770 5509 aaa
1783 5455 1808 5510 4.
1896 5459 2014 5522 sideest
2033 5456 2058 5510 4.
2076 5471 2103 5510 ta

542 5631 567 5694 1)
587 5629 685 5682 Psolm.
704 5630 779 5696 alu.
857 5629 885 5694 2)
906 5627 962 5694 Csr.
981 5627 1147 5693 aaran.
1226 5630 1254 5698 3)
1275 5628 1329 5694 Cfr.
1348 5627 1446 5683 Psalm.
1464 5627 1506 5695 21,
1516 5627 1559 5681 29.
1637 5628 1664 5698 l)
1684 5627 1788 5681 Daniel
1804 5628 1880 5696 4,ll.
1959 5631 1986 5696 5)
2002 5627 2058 5699 Gsr.

438 5733 515 5788 Prae.
534 5735 608 5800 ⁶21,1.
696 5734 722 5798 li)
744 5733 840 5787 Pselm.
860 5733 901 5800 l'l,
913 5733 955 5786 55.
1044 5733 1068 5800 l)
1089 5733 1185 5802 Eploec.
1204 5735 1227 5801 ⁶2,
1241 5733 1279 5786 14.
