4560 6426
404 433 648 489 cupl'ruannls
667 433 797 489 REGUM
816 432 1001 488 russeum
1022 431 1287 488 occlouu‘rnms
1305 431 1454 503 [KAROLI
1468 433 1514 502 ΙΙ).
1533 462 1565 473 -
1583 434 1632 489 Nr.
1645 433 1704 489 257.
1804 436 1863 499 261

245 613 337 690 atque
359 613 394 672 ut
421 609 571 695 capitulis
593 613 721 674 vestrim
750 607 897 693 religioni
925 608 967 673 ab
995 607 1182 693 exiguitatis
1214 614 1345 674 nostrae
1377 608 1556 674 ministerio
1586 607 1702 673 oblatis
1731 608 1793 672 hoo
1816 606 1864 672 di·
1882 621 1943 675 846.

245 689 354 798 ploma
381 710 562 796 (epilogum,
591 715 626 776 ut
648 711 785 795 videtur)
813 710 1005 776 adnectatur
1030 711 1070 775 ab
1097 711 1199 776 eodem
1220 731 1289 794 repe
1312 712 1435 792 precati
1461 714 1544 776 sunt.
1599 709 1661 776 Sed
1689 710 1812 776 Karoto
1838 714 1867 774 et

240 815 435 900 prinieribus
456 816 524 880 eius
545 814 599 880 bos
620 833 754 879 canones
776 815 960 896 confirmare
982 814 1109 880 minime
1126 815 1258 895 placuit,
1279 817 1315 878 ut
1335 813 1434 898 refert
1456 817 1532 880 nota
1554 813 1706 895 quaedam
1728 815 1764 878 in
1786 813 1867 879 codi-

247 920 333 984 cibus
359 924 385 986 1.
402 922 431 984 2.
455 919 603 1000 capitulis
624 918 715 1000 infra
736 917 830 982 editis
838 919 997 1000 praebeo,
1019 939 1098 1001 quae
1121 919 1197 982 talis
1218 923 1281 982 est:
1303 917 1409 998 Haec,
1433 938 1516 1004 quae
1534 925 1698 995 secuntur,
1723 917 1867 1004 capitula

216 1049 228 1086 5
248 1029 407 1110 excerpta
429 1030 506 1087 sunt
528 1044 547 1087 a
570 1022 688 1087 domno
712 1043 789 1108 rege
813 1020 936 1086 Karolo
959 1028 992 1086 et
1016 1022 1215 1109 principibus
1247 1023 1316 1088 eius
1348 1044 1390 1087 ex
1414 1023 1464 1087 his
1487 1023 1648 1109 capitulis,
1672 1043 1756 1108 quae
1780 1042 1866 1086 anno

246 1125 486 1192 Doooxnvr.
503 1126 673 1192 ediderunt
695 1126 839 1212 episcopi
862 1126 895 1189 in
917 1126 1060 1212 synodis,
1079 1125 1211 1191 Wenilo
1227 1125 1449 1208 (Senonensis)
1466 1125 1592 1191 scilieet
1615 1147 1687 1192 eum
1705 1125 1865 1211 suffrago-

246 1231 317 1295 nais
341 1231 423 1310 suis,
456 1229 662 1296 Guntboldus
691 1229 961 1312 (Retomapensis)
989 1252 1061 1295 cunr
1086 1231 1302 1317 suffraganeis
1327 1231 1411 1307 suis,
1443 1229 1620 1296 Ursmarus
1642 1229 1867 1313 (Turonensis)

247 1355 320 1398 cum
344 1333 560 1419 suffraganeis
585 1333 662 1412 suis,
688 1332 884 1398 Hincmarus
907 1333 1102 1416 (blensensis)
1125 1355 1197 1398 cum
1221 1335 1433 1419 suffraganeis
1457 1334 1538 1414 suis,
1561 1327 1698 1398 Anralo1
1723 1331 1869 1416 (Limin-

247 1437 357 1502 nensis
377 1457 394 1499 e
416 1456 510 1518 repno
532 1435 713 1514 Htotlcarii)
737 1456 808 1500 eum
833 1437 1048 1522 suffraganeis
1072 1439 1152 1508 suis:
1184 1445 1218 1502 et
1241 1436 1350 1502 oblata
1375 1443 1451 1500 sunt
1474 1436 1581 1501 eidem
1605 1436 1759 1523 principi,
1783 1435 1868 1500 sicut

206 1569 232 1608 m
248 1541 320 1625 ipse
337 1540 488 1620 iusserat,
512 1539 651 1604 collecta
674 1537 714 1602 ad
730 1539 941 1620 relegendum
964 1540 996 1603 in
1019 1539 1184 1625 Sporneoo
1206 1539 1390 1622 (Epemtay)
1412 1540 1491 1605 villa
1504 1539 1679 1604 Remensis
1693 1540 1867 1606 ecelesiae.

249 1643 293 1708 Ilt
314 1645 391 1728 quia
405 1643 546 1708 factione
563 1641 763 1728 quorundam
783 1650 890 1706 motus
914 1649 966 1706 est
988 1644 1113 1707 animus
1137 1643 1240 1730 ipsius
1264 1643 1352 1727 regis
1375 1651 1488 1708 contra
1511 1644 1683 1730 episcopos
1706 1642 1867 1708 dissiden-

249 1747 337 1812 tibus
366 1746 457 1831 regui
488 1745 684 1832 primoribus
718 1745 767 1809 sui
799 1745 840 1809 ab
873 1744 1049 1809 eorundem
1080 1745 1305 1832 episcoporum
1339 1747 1575 1812 ammonitione
1606 1754 1639 1812 et
1668 1748 1798 1812 remotis
1827 1746 1869 1812 ab

251 1850 365 1916 eodem
389 1850 525 1916 concilio
549 1849 722 1935 episcopis,
748 1869 790 1914 ex
815 1849 964 1913 omnibus
988 1848 1051 1914 illis
1076 1850 1227 1935 capitulis
1251 1851 1334 1915 haee
1358 1857 1485 1916 tantum
1508 1850 1711 1916 observanda
1735 1858 1768 1916 et
1791 1870 1868 1915 con-

249 1954 410 2041 plaeenda
437 1954 499 2019 sibi
528 1954 729 2039 collegerunt
757 1961 790 2018 ct
812 1953 977 2039 episcopis
1001 1953 1121 2038 scripto
1144 1952 1366 2032 tradiderunt,
1395 1953 1540 2020 dicentes
1571 1976 1635 2019 non
1666 1954 1804 2041 amplius
1829 1952 1869 2017 de

208 2090 233 2128 rs
251 2080 364 2124 eorum
398 2058 548 2145 capitulis
584 2063 789 2143 acceptasse,
826 2078 922 2142 quam
954 2059 1031 2136 ista,
1066 2067 1100 2123 et
1132 2059 1196 2122 ista
1226 2079 1261 2122 se
1289 2059 1375 2124 velle
1404 2080 1476 2124 cum
1506 2059 1651 2146 principe
1680 2059 1868 2124 observare.

251 2162 311 2228 Cui
332 2167 422 2226 55455
443 2183 465 2225 a
486 2161 694 2242 capitulorum
715 2159 848 2241 quodam
869 2160 1023 2226 collectore
1051 2163 1210 2241 conceptae
1232 2162 1357 2226 ornaino
1385 2165 1573 2245 eenpruunt,
1604 2183 1684 2244 quae
1705 2161 1741 2225 in
1763 2161 1871 2226 Berti·

248 2266 358 2330 nianis
379 2265 563 2330 Annalibus
584 2263 645 2347 (eei.
668 2264 769 2330 Waltz
788 2285 819 2344 p.
836 2265 893 2346 33)
922 2263 1117 2329 Prudentius
1138 2265 1182 2329 ad
1202 2286 1233 2329 c.
1250 2267 1322 2332 846.
1345 2267 1461 2345 refert:
1483 2266 1625 2332 Karalus
1649 2265 1735 2352 apud
1759 2266 1870 2331 villam

250 2369 361 2435 Sancti
386 2369 529 2456 Remigii
557 2368 758 2456 sparnacum
791 2369 920 2432 nomine
949 2374 1062 2433 contra
1090 2390 1212 2434 rnorem
1236 2376 1430 2436 conventum
1461 2370 1571 2457 populi
1599 2371 1649 2434 sui
1681 2369 1868 2456 generalem

252 2493 363 2539 mense
380 2473 474 2538 Iunio
497 2473 624 2547 habuit;
648 2473 681 2537 in
704 2492 767 2558 quo
784 2472 1009 2558 episcoporum
1034 2474 1127 2558 regni
1150 2475 1200 2538 sui
1224 2474 1671 2560 pernecessaria'admonitio
1694 2472 1735 2538 de
1759 2474 1867 2538 causis

207 2607 233 2647 ro
251 2579 482 2644 ecclesiasticis
510 2579 557 2642 ita
579 2577 670 2642 flocci
692 2598 795 2663 pensa
818 2585 883 2656 est,
914 2577 1026 2641 utrix
1051 2598 1204 2662 umquam
1227 2579 1411 2642 reverentia
1433 2578 1648 2664 pontificalis,
1677 2577 1869 2642 christiano·

251 2701 322 2745 rum
346 2680 516 2746 dumtaxat
539 2681 752 2767 temporibus,
775 2681 821 2744 sic
844 2680 1030 2766 posthabito
1054 2681 1191 2767 legatur.

359 2782 409 2848 De
423 2784 576 2866 octopinta
598 2789 627 2849 et
648 2784 749 2849 tribus
763 2783 938 2848 Melitensis
959 2788 988 2848 et
1006 2784 1199 2849 Parisiensis
1213 2784 1339 2850 concilii
1355 2784 1526 2851 canonibus
1539 2785 1735 2868 renderipinti
1750 2789 1873 2848 tantum

250 2887 300 2952 iiic
321 2908 343 2951 a
364 2908 433 2970 repe
459 2889 643 2969 confirmata
670 2888 730 2964 cet,
759 2892 794 2952 ut
822 2889 859 2952 in
884 2891 959 2952 nota
984 2889 1044 2952 itta
1072 2890 1194 2971 tepitur,
1223 2892 1382 2970 acceptata
1410 2899 1574 2970 apparent.
1623 2890 1870 2974 Quamobrem

250 2991 317 3056 alia
340 2991 458 3070 omnio,
486 2995 515 3054 et
534 2992 720 3072 praesertim
741 3010 791 3069 ea,
819 3011 898 3073 quae
919 2990 959 3055 ab
988 2991 1056 3072 ipso
1082 3013 1152 3076 repe
1179 2997 1272 3057 cretea
1300 2994 1334 3057 in
1357 2993 1435 3058 oilla
1467 2993 1596 3060 Oolcnia
1623 2993 1708 3058 edita
1729 2997 1831 3071 erant,
1852 3014 1874 3056 o

208 3127 234 3168 a
246 3094 441 3176 prirnoribus
463 3095 575 3158 reiecta
598 3093 671 3172 sint,
693 3094 833 3159 vindici
848 3098 967 3178 potest;
995 3095 1194 3178 potissimum
1215 3099 1319 3162 auum
1338 3097 1513 3177 primorum
1534 3098 1656 3161 animes
1677 3098 1719 3161 iis
1742 3096 1874 3175 offensos

250 3218 314 3264 esse
335 3197 528 3277 crediderim,
549 3203 629 3280 quae
650 3200 686 3263 in
708 3198 880 3263 canonibus
901 3203 951 3264 41.
975 3203 1027 3263 42.
1050 3203 1101 3265 61.
1124 3199 1160 3264 de
1181 3201 1380 3265 mormsteriis
1402 3203 1431 3264 et
1453 3199 1529 3265 aliis
1550 3200 1642 3265 rebus
1664 3200 1876 3265 ecelesiasticis
1994 3208 2008 3228 '

251 3323 362 3385 crepe
382 3322 440 3383 per
461 3301 687 3382 subreptionem
714 3302 763 3367 cei
790 3303 1003 3386 ipneramiam
1029 3303 1243 3369 saecularibus
1264 3301 1440 3368 bominibus
1462 3305 1497 3368 in
1519 3303 1660 3368 alodium
1681 3304 1766 3368 datis
1788 3308 1816 3367 et
1838 3302 1875 3366 rte

252 3425 357 3470 eorum
379 3405 576 3470 restitutione
596 3406 755 3470 diurntur.

360 3509 524 3592 Lepuntur
538 3508 620 3587 baec,
634 3530 714 3592 quae
729 3512 912 3590 sequuntur,
927 3509 1069 3590 capitula
1085 3511 1121 3572 in
1135 3509 1306 3574 codicibus:
1346 3510 1376 3594 1)
1397 3510 1501 3592 Haap.
1520 3516 1533 3575 1
1554 3509 1615 3595 fol.
1636 3513 1683 3575 16.
1717 3509 1752 3594 2)
1769 3509 1876 3574 Paris.

210 3649 236 3688 ,0
255 3615 338 3678 ross
360 3612 416 3694 fot.
439 3617 507 3678 156.
548 3610 699 3698 3))1565.
725 3615 808 3678 resa
838 3613 893 3694 fot.
918 3617 983 3678 55.
1026 3611 1060 3696 4)
1081 3613 1180 3679 Varu.
1204 3613 1310 3682 Palae.
1332 3617 1394 3680 582
1419 3614 1480 3700 fu.
1505 3620 1574 3680 105.
1608 3615 1643 3698 5)
1667 3614 1876 3681 15555554

250 3716 309 3802 fot.
326 3719 396 3782 99¹.
436 3715 470 3802 6)
490 3715 587 3783 Vatia.
611 3737 672 3797 rep.
692 3715 806 3786 Christ.
824 3720 885 3783 980
904 3716 965 3802 fot.
983 3720 1055 3784 30'.
1099 3717 1142 3782 In
1165 3717 1249 3784 cedei.
1271 3721 1364 3783 1-3.
1387 3719 1724 3782 commorationibus
1744 3719 1780 3781 in
1802 3722 1879 3783 nota

254 3819 346 3885 editis
367 3820 427 3886 illa
446 3820 543 3900 plena
563 3819 688 3885 concilii
709 3819 884 3885 Melitensis
905 3821 1047 3902 capitula
1069 3821 1246 3900 adduntur,
1275 3843 1407 3904 quornm
1428 3823 1572 3888 rubricae
1600 3824 1636 3887 in
1664 3825 1742 3888 actis
1763 3823 1879 3904 placiti

255 3929 381 3990 exstant
402 3927 457 4007 (sc.
480 3945 505 3988 e.
522 3927 658 3990 26-22.
683 3926 734 3988 24.
761 3926 813 3991 28.
837 3928 887 3990 37.
912 3928 964 3990 46.
988 3928 1040 3991 43.
1064 3929 1115 3991 47.
1140 3929 1190 3991 53.
1215 3930 1266 3994 56.
1291 3929 1341 3990 57.
1367 3929 1417 3992 62.
1442 3929 1494 3993 67.
1518 3928 1568 3992 68.
1594 3930 1660 4004 72).
1708 3927 1786 3991 Cum
1807 3945 1879 3989 cero

255 4050 294 4094 en
304 4028 466 4110 prioribus
480 4027 617 4109 quinque
632 4028 968 4093 commemorationibus
982 4029 1121 4110 intellmi
1136 4029 1226 4093 liceat
1241 4031 1345 4113 capita
1366 4030 1426 4093 itta
1448 4049 1511 4094 non
1527 4029 1662 4111 confecta
1677 4031 1725 4094 oet
1739 4027 1878 4092 examita

213 4175 237 4214 ³,
255 4152 319 4198 esse
338 4133 403 4198 nisi
421 4154 442 4197 a
463 4132 566 4198 scriba
590 4131 751 4214 archetypi
770 4131 907 4197 codicum
933 4136 1028 4211 1-3,
1054 4133 1089 4196 in
1110 4153 1170 4215 qno
1194 4133 1388 4198 Coloniensis
1407 4133 1557 4214 synodus,
1585 4152 1648 4196 non
1672 4137 1775 4196 autem
1797 4131 1879 4195 Mel-

256 4236 361 4300 densis
393 4236 517 4300 55555755·
550 4254 683 4299 canones
719 4239 813 4300 antea
846 4235 994 4316 descripti
1023 4240 1130 4314 erant,
1169 4258 1190 4300 a
1219 4237 1353 4320 Georgia
1379 4235 1531 4300 Heinrico
1562 4235 1656 4300 Perta
1688 4239 1717 4300 et
1747 4235 1880 4316 Aifredo

256 4339 384 4405 Boretio
411 4337 582 4404 recedentes
613 4338 754 4419 capitula
785 4339 908 4403 illicem
936 4341 1016 4402 netis
1037 4339 1224 4404 autlmntieis
1254 4344 1419 4405 conventus
1445 4339 1675 4420 sparnacensis
1701 4339 1879 4420 separanda

256 4461 320 4508 esse
341 4443 599 4508 ecisnmoeimns.
1412 4441 1469 4524 (B.
1486 4443 1534 4520 II,
1548 4445 1607 4520 31,·
1629 4441 1667 4509 P.
1685 4443 1773 4523 386.)

370 4758 396 4821 1.
431 4705 515 4820 De²
538 4753 658 4820 honore
683 4759 717 4820 et
740 4753 829 4820 cultu
853 4755 1075 4820 ecelesiarum.

213 4903 240 4943 4,
366 4860 395 4923 2.
430 4849 501 4922 De²
523 4856 645 4923 honore
669 4858 896 4945 episcoporum
921 4867 954 4924 et
976 4859 1190 4925 veneratione
1214 4879 1380 4924 servorum
1404 4858 1478 4926 Dei.

366 4965 396 5031 3.
431 4953 503 5025 Ι)53
526 4961 673 5029 iustitiis.

366 5068 395 5130 4.
430 5055 494 5128 Ut⁴
514 5066 643 5129 cautela
658 5064 715 5130 fiet
731 5087 810 5152 erga
826 5086 892 5146 eos,
916 5065 969 5152 qui
987 5085 1087 5130 eausa
1105 5064 1281 5130 iuventutis
1298 5073 1354 5130 aut
1370 5066 1577 5152 insipientiae
1593 5067 1625 5130 in
1640 5067 1749 5153 aliquo
1765 5064 1882 5130 fallunt

363 5306 388 5372 l)
407 5303 444 5358 In
463 5303 606 5358 Melitensis
623 5304 727 5358 conciti
747 5304 914 5374 praefatione
930 5321 1016 5374 nepus
1038 5304 1180 5360 Urunarus
1197 5321 1283 5376 nepote
1300 5305 1396 5359 Arnalo
1414 5304 1519 5359 mneslii
1534 5304 1678 5373 ,cumpo
1694 5305 1883 5367 nominantem

256 5412 352 5462 eontra
367 5407 526 5460 nmninatur
542 5406 580 5459 rbi
600 5404 736 5472 Rodnlsus
754 5406 938 5463 In'turieensis.
1038 5409 1065 5476 2)
1080 5409 1158 5464 Cone.
1179 5408 1261 5464 Mus.
1279 5409 1329 5463 al
1349 5408 1443 5475 (Corio.
1460 5409 1492 5462 in
1510 5408 1574 5462 oilla
1593 5409 1706 5462 Colonia
1722 5425 1743 5463 e.
1758 5412 1780 5479 1,
1798 5425 1883 5477 supra

216 5548 242 5586 4,
255 5531 283 5583 p.
296 5515 368 5582 255).
455 5513 482 5579 3)
502 5511 574 5566 Ibid.
592 5528 613 5567 e.
625 5513 650 5566 3.
738 5513 766 5582 4)
789 5511 884 5567 Canon
901 5514 931 5566 in
948 5513 1062 5568 concine
1081 5513 1210 5566 Mettensi
1231 5514 1270 5566 ita
1287 5528 1344 5566 non
1361 5512 1473 5582 lepitan-
1496 5512 1617 5566 nauiter
1640 5517 1725 5566 ammi
1747 5513 1882 5566 minnan

259 5618 373 5674 55555165
395 5617 501 5672 manilii
521 5634 543 5673 5,
555 5619 597 5684 56,
617 5621 640 5669 et
657 5615 691 5670 de
713 5617 881 5670 mmmmm
898 5619 953 5686 opit
969 5635 990 5672 e.
1006 5619 1049 5685 13,
1072 5617 1110 5670 ad
1133 5633 1210 5684 55555
1233 5617 1327 5671 bomem
1348 5617 1577 5686 Sparnaeensiunr
1594 5617 1771 5685 capitulorum
1788 5621 1883 5669 aanor

259 5725 401 5792 respuisse
420 5719 533 5775 ridetur.
