<?xml version="1.0" encoding="UTF-8"?>
<!DOCTYPE html PUBLIC "-//W3C//DTD XHTML 1.0 Transitional//EN"
    "http://www.w3.org/TR/xhtml1/DTD/xhtml1-transitional.dtd">
<html xmlns="http://www.w3.org/1999/xhtml" xml:lang="en" lang="en">
 <head>
  <title>
</title>
<meta http-equiv="Content-Type" content="text/html;charset=utf-8" />
  <meta name='ocr-system' content='tesseract 3.04.00' />
  <meta name='ocr-capabilities' content='ocr_page ocr_carea ocr_par ocr_line ocrx_word'/>
</head>
<body>
  <div class='ocr_page' id='page_1' title='image "./monumentagerman07mittgoog_0182.png"; bbox 0 0 4634 6436; ppageno 0'>
   <div class='ocr_carea' id='block_1_1' title="bbox 489 467 1867 541">
    <p class='ocr_par' dir='ltr' id='par_1_1' title="bbox 489 467 1867 541">
     <span class='ocr_line' id='line_1_1' title="bbox 489 467 1867 541; baseline 0.007 -19"><span class='ocrx_word' id='word_1_1' title='bbox 489 467 607 522; x_wconf 80' lang='lat' dir='ltr'>FACTA</span> <span class='ocrx_word' id='word_1_2' title='bbox 627 467 673 522; x_wconf 70' lang='lat' dir='ltr'>m*</span> <span class='ocrx_word' id='word_1_3' title='bbox 692 468 905 526; x_wconf 76' lang='lat' dir='ltr'><strong>PRAEOEP&#39;I&#39;A</strong></span> <span class='ocrx_word' id='word_1_4' title='bbox 919 469 1102 525; x_wconf 74' lang='lat' dir='ltr'>VENETICA</span> <span class='ocrx_word' id='word_1_5' title='bbox 1121 469 1271 538; x_wconf 83' lang='lat' dir='ltr'>(KAltOLI</span> <span class='ocrx_word' id='word_1_6' title='bbox 1289 471 1358 540; x_wconf 89' lang='lat' dir='ltr'>lll.).</span> <span class='ocrx_word' id='word_1_7' title='bbox 1378 502 1410 511; x_wconf 92' lang='lat'>-</span> <span class='ocrx_word' id='word_1_8' title='bbox 1428 471 1477 528; x_wconf 80' lang='grc' dir='ltr'>Νι.</span> <span class='ocrx_word' id='word_1_9' title='bbox 1489 473 1549 528; x_wconf 86' lang='grc'>236.</span> <span class='ocrx_word' id='word_1_10' title='bbox 1567 474 1627 529; x_wconf 82' lang='grc'>237.</span> <span class='ocrx_word' id='word_1_11' title='bbox 1812 481 1867 541; x_wconf 81' lang='grc'>141</span> 
     </span>
    </p>
   </div>
   <div class='ocr_carea' id='block_1_2' title="bbox 242 641 1950 894">
    <p class='ocr_par' dir='ltr' id='par_1_2' title="bbox 242 641 1950 894">
     <span class='ocr_line' id='line_1_2' title="bbox 353 641 1950 729; baseline 0.004 -25"><span class='ocrx_word' id='word_1_12' title='bbox 353 641 435 727; x_wconf 89' lang='grc'>(26.)</span> <span class='ocrx_word' id='word_1_13' title='bbox 458 651 499 706; x_wconf 90' lang='lat' dir='ltr'>De</span> <span class='ocrx_word' id='word_1_14' title='bbox 525 651 626 706; x_wconf 85' lang='lat' dir='ltr'>finibus</span> <span class='ocrx_word' id='word_1_15' title='bbox 653 655 750 707; x_wconf 88' lang='lat' dir='ltr'>autem</span> <span class='ocrx_word' id='word_1_16' title='bbox 772 650 903 707; x_wconf 82' lang='lat' dir='ltr'>Civitatis</span> <span class='ocrx_word' id='word_1_17' title='bbox 926 669 1016 707; x_wconf 88' lang='lat' dir='ltr'>novae</span> <span class='ocrx_word' id='word_1_18' title='bbox 1039 653 1203 718; x_wconf 70' lang='lat' dir='ltr'><strong>statuimus,</strong></span> <span class='ocrx_word' id='word_1_19' title='bbox 1231 656 1275 719; x_wconf 89' lang='grc' dir='ltr'><strong>ιιι,</strong></span> <span class='ocrx_word' id='word_1_20' title='bbox 1304 653 1377 709; x_wconf 87' lang='lat' dir='ltr'>sicut</span> <span class='ocrx_word' id='word_1_21' title='bbox 1399 671 1417 709; x_wconf 88' lang='lat' dir='ltr'>a</span> <span class='ocrx_word' id='word_1_22' title='bbox 1438 658 1566 726; x_wconf 88' lang='lat' dir='ltr'>tempore</span> <span class='ocrx_word' id='word_1_23' title='bbox 1589 655 1775 726; x_wconf 86' lang='lat' dir='ltr'>Liuthprandi</span> <span class='ocrx_word' id='word_1_24' title='bbox 1798 657 1873 729; x_wconf 79' lang='lat' dir='ltr'>regis</span> <span class='ocrx_word' id='word_1_25' title='bbox 1891 656 1950 711; x_wconf 80' lang='lat'>880.</span> 
     </span>
     <span class='ocr_line' id='line_1_3' title="bbox 242 735 1873 811; baseline 0.003 -20"><span class='ocrx_word' id='word_1_26' title='bbox 242 735 405 791; x_wconf 87' lang='lat' dir='ltr'>terminatio</span> <span class='ocrx_word' id='word_1_27' title='bbox 430 736 508 790; x_wconf 81' lang='lat' dir='ltr'>saeta</span> <span class='ocrx_word' id='word_1_28' title='bbox 534 739 577 791; x_wconf 89' lang='lat' dir='ltr'>est</span> <span class='ocrx_word' id='word_1_29' title='bbox 601 735 675 790; x_wconf 88' lang='lat' dir='ltr'>inter</span> <span class='ocrx_word' id='word_1_30' title='bbox 698 736 896 792; x_wconf 83' lang='lat' dir='ltr'>Paulatiouem</span> <span class='ocrx_word' id='word_1_31' title='bbox 922 737 1022 791; x_wconf 89' lang='lat' dir='ltr'>ducem</span> <span class='ocrx_word' id='word_1_32' title='bbox 1050 740 1079 791; x_wconf 88' lang='lat' dir='ltr'>et</span> <span class='ocrx_word' id='word_1_33' title='bbox 1101 736 1263 791; x_wconf 85' lang='lat' dir='ltr'>Marcellum</span> <span class='ocrx_word' id='word_1_34' title='bbox 1290 737 1455 808; x_wconf 82' lang='lat' dir='ltr'>magistrum</span> <span class='ocrx_word' id='word_1_35' title='bbox 1479 738 1616 806; x_wconf 82' lang='lat' dir='ltr'>militum,</span> <span class='ocrx_word' id='word_1_36' title='bbox 1644 739 1687 795; x_wconf 85' lang='lat' dir='ltr'>ita</span> <span class='ocrx_word' id='word_1_37' title='bbox 1711 759 1873 811; x_wconf 88' lang='lat' dir='ltr'>permanere</span> 
     </span>
     <span class='ocr_line' id='line_1_4' title="bbox 243 821 1455 894; baseline 0.002 -18"><span class='ocrx_word' id='word_1_38' title='bbox 243 821 373 888; x_wconf 73' lang='lat' dir='ltr'>debeata,</span> <span class='ocrx_word' id='word_1_39' title='bbox 394 821 585 892; x_wconf 78' lang='lat' dir='ltr'>[secunduma]</span> <span class='ocrx_word' id='word_1_40' title='bbox 605 822 680 891; x_wconf 90' lang='lat' dir='ltr'>quod</span> <span class='ocrx_word' id='word_1_41' title='bbox 698 822 836 877; x_wconf 67' lang='lat' dir='ltr'>aistulfus</span> <span class='ocrx_word' id='word_1_42' title='bbox 853 823 890 876; x_wconf 89' lang='lat' dir='ltr'>ad</span> <span class='ocrx_word' id='word_1_43' title='bbox 908 839 957 878; x_wconf 85' lang='lat' dir='ltr'>vos</span> <span class='ocrx_word' id='word_1_44' title='bbox 975 822 1143 879; x_wconf 83' lang='lat' dir='ltr'>Civitatinos</span> <span class='ocrx_word' id='word_1_45' title='bbox 1161 841 1248 877; x_wconf 86' lang='lat' dir='ltr'>nosos</span> <span class='ocrx_word' id='word_1_46' title='bbox 1267 823 1386 894; x_wconf 81' lang='lat' dir='ltr'>largitus</span> <span class='ocrx_word' id='word_1_47' title='bbox 1404 828 1455 880; x_wconf 86' lang='lat' dir='ltr'>est.</span> 
     </span>
    </p>
   </div>
   <div class='ocr_carea' id='block_1_3' title="bbox 213 911 1873 1428">
    <p class='ocr_par' dir='ltr' id='par_1_3' title="bbox 213 911 1873 1428">
     <span class='ocr_line' id='line_1_5' title="bbox 353 911 1873 992; baseline 0.003 -19"><span class='ocrx_word' id='word_1_48' title='bbox 353 912 434 992; x_wconf 81' lang='grc'>(27.)</span> <span class='ocrx_word' id='word_1_49' title='bbox 467 919 578 974; x_wconf 85' lang='lat' dir='ltr'>Placuit</span> <span class='ocrx_word' id='word_1_50' title='bbox 607 923 703 974; x_wconf 89' lang='lat' dir='ltr'>autem</span> <span class='ocrx_word' id='word_1_51' title='bbox 734 937 818 989; x_wconf 89' lang='lat' dir='ltr'>super</span> <span class='ocrx_word' id='word_1_52' title='bbox 847 920 917 974; x_wconf 89' lang='lat' dir='ltr'>baec</span> <span class='ocrx_word' id='word_1_53' title='bbox 945 919 1053 986; x_wconf 89' lang='lat' dir='ltr'>omnia,</span> <span class='ocrx_word' id='word_1_54' title='bbox 1084 923 1117 974; x_wconf 88' lang='grc' dir='ltr'>ιιι</span> <span class='ocrx_word' id='word_1_55' title='bbox 1143 919 1222 973; x_wconf 91' lang='lat' dir='ltr'>missi</span> <span class='ocrx_word' id='word_1_56' title='bbox 1249 919 1355 974; x_wconf 92' lang='lat' dir='ltr'>domini</span> <span class='ocrx_word' id='word_1_57' title='bbox 1382 919 1561 991; x_wconf 88' lang='lat' dir='ltr'>imperatoris</span> <span class='ocrx_word' id='word_1_58' title='bbox 1589 911 1702 977; x_wconf 84' lang='lat' dir='ltr'>Karoli</span> <span class='ocrx_word' id='word_1_59' title='bbox 1730 923 1806 977; x_wconf 89' lang='lat' dir='ltr'>omni</span> <span class='ocrx_word' id='word_1_60' title='bbox 1836 924 1873 978; x_wconf 92' lang='lat' dir='ltr'>in</span> 
     </span>
     <span class='ocr_line' id='line_1_6' title="bbox 213 1003 1873 1076; baseline 0.002 -18"><span class='ocrx_word' id='word_1_61' title='bbox 213 1009 370 1074; x_wconf 83' lang='lat' dir='ltr'>stempore</span> <span class='ocrx_word' id='word_1_62' title='bbox 394 1003 488 1075; x_wconf 81' lang='lat' dir='ltr'>parati</span> <span class='ocrx_word' id='word_1_63' title='bbox 512 1003 569 1058; x_wconf 89' lang='lat' dir='ltr'>siut</span> <span class='ocrx_word' id='word_1_64' title='bbox 591 1003 715 1058; x_wconf 85' lang='lat' dir='ltr'>iustitias</span> <span class='ocrx_word' id='word_1_65' title='bbox 738 1004 842 1070; x_wconf 82' lang='lat' dir='ltr'>facere,</span> <span class='ocrx_word' id='word_1_66' title='bbox 870 1003 912 1058; x_wconf 84' lang='lat' dir='ltr'>ita</span> <span class='ocrx_word' id='word_1_67' title='bbox 935 1008 968 1058; x_wconf 90' lang='grc' dir='ltr'>ιιι</span> <span class='ocrx_word' id='word_1_68' title='bbox 991 1003 1181 1073; x_wconf 88' lang='lat' dir='ltr'>unusquisque</span> <span class='ocrx_word' id='word_1_69' title='bbox 1204 1021 1238 1058; x_wconf 86' lang='lat' dir='ltr'>ex</span> <span class='ocrx_word' id='word_1_70' title='bbox 1261 1007 1381 1072; x_wconf 89' lang='lat' dir='ltr'>utraque</span> <span class='ocrx_word' id='word_1_71' title='bbox 1404 1008 1485 1074; x_wconf 87' lang='lat' dir='ltr'>parte</span> <span class='ocrx_word' id='word_1_72' title='bbox 1507 1023 1586 1060; x_wconf 89' lang='lat' dir='ltr'>suam</span> <span class='ocrx_word' id='word_1_73' title='bbox 1609 1005 1731 1076; x_wconf 77' lang='lat' dir='ltr'>pleniter</span> <span class='ocrx_word' id='word_1_74' title='bbox 1752 1007 1873 1076; x_wconf 87' lang='lat' dir='ltr'>recipiat</span> 
     </span>
     <span class='ocr_line' id='line_1_7' title="bbox 243 1089 1635 1162; baseline 0.004 -18"><span class='ocrx_word' id='word_1_75' title='bbox 243 1090 395 1155; x_wconf 67' lang='lat' dir='ltr'>iustitiam</span> <span class='ocrx_word' id='word_1_76' title='bbox 414 1089 516 1160; x_wconf 87' lang='lat' dir='ltr'>stipsi</span> <span class='ocrx_word' id='word_1_77' title='bbox 534 1089 611 1144; x_wconf 89' lang='lat' dir='ltr'>missi</span> <span class='ocrx_word' id='word_1_78' title='bbox 629 1089 684 1144; x_wconf 79' lang='lat' dir='ltr'>adr</span> <span class='ocrx_word' id='word_1_79' title='bbox 702 1093 811 1160; x_wconf 85' lang='lat' dir='ltr'>partem</span> <span class='ocrx_word' id='word_1_80' title='bbox 829 1089 936 1145; x_wconf 91' lang='lat' dir='ltr'>domini</span> <span class='ocrx_word' id='word_1_81' title='bbox 955 1090 1051 1154; x_wconf 89' lang='lat' dir='ltr'>nostri,</span> <span class='ocrx_word' id='word_1_82' title='bbox 1070 1089 1220 1159; x_wconf 66' lang='lat' dir='ltr'>quicquid¹</span> <span class='ocrx_word' id='word_1_83' title='bbox 1239 1090 1344 1145; x_wconf 90' lang='lat' dir='ltr'>iussum</span> <span class='ocrx_word' id='word_1_84' title='bbox 1362 1091 1453 1158; x_wconf 82' lang='lat' dir='ltr'>fuerit,</span> <span class='ocrx_word' id='word_1_85' title='bbox 1472 1092 1635 1162; x_wconf 86' lang='lat' dir='ltr'>rccipiaut¹.</span> 
     </span>
     <span class='ocr_line' id='line_1_8' title="bbox 351 1177 1873 1264; baseline 0.003 -23"><span class='ocrx_word' id='word_1_86' title='bbox 351 1177 431 1264; x_wconf 88' lang='grc'>(28.)</span> <span class='ocrx_word' id='word_1_87' title='bbox 465 1185 672 1251; x_wconf 73' lang='lat' dir='ltr'>Peculia[rum⁰t</span> <span class='ocrx_word' id='word_1_88' title='bbox 699 1204 812 1255; x_wconf 90' lang='lat' dir='ltr'>quoque</span> <span class='ocrx_word' id='word_1_89' title='bbox 842 1189 998 1242; x_wconf 84' lang='lat' dir='ltr'>vestrarum</span> <span class='ocrx_word' id='word_1_90' title='bbox 1030 1185 1183 1256; x_wconf 74' lang='lat' dir='ltr'>partium‘l]</span> <span class='ocrx_word' id='word_1_91' title='bbox 1215 1181 1330 1258; x_wconf 66' lang='lat' dir='ltr'>greges2</span> <span class='ocrx_word' id='word_1_92' title='bbox 1359 1206 1474 1258; x_wconf 86' lang='lat' dir='ltr'>pascere</span> <span class='ocrx_word' id='word_1_93' title='bbox 1500 1189 1604 1245; x_wconf 87' lang='lat' dir='ltr'>debeat</span> <span class='ocrx_word' id='word_1_94' title='bbox 1631 1208 1694 1246; x_wconf 88' lang='lat' dir='ltr'>cum</span> <span class='ocrx_word' id='word_1_95' title='bbox 1720 1191 1873 1246; x_wconf 70' lang='lat' dir='ltr'>securitate</span> 
     </span>
     <span class='ocr_line' id='line_1_9' title="bbox 244 1264 1872 1344; baseline 0.002 -17"><span class='ocrx_word' id='word_1_96' title='bbox 244 1289 331 1342; x_wconf 89' lang='lat' dir='ltr'>usque</span> <span class='ocrx_word' id='word_1_97' title='bbox 348 1272 379 1326; x_wconf 92' lang='lat' dir='ltr'>in</span> <span class='ocrx_word' id='word_1_98' title='bbox 396 1264 555 1336; x_wconf 67' lang='grc' dir='ltr'><strong>ιειιιιίιιιιιιι,</strong></span> <span class='ocrx_word' id='word_1_99' title='bbox 574 1287 657 1339; x_wconf 89' lang='lat' dir='ltr'>quem</span> <span class='ocrx_word' id='word_1_100' title='bbox 675 1271 770 1340; x_wconf 91' lang='lat' dir='ltr'>posuit</span> <span class='ocrx_word' id='word_1_101' title='bbox 783 1270 930 1325; x_wconf 88' lang='lat' dir='ltr'>Paulutius</span> <span class='ocrx_word' id='word_1_102' title='bbox 948 1271 1004 1325; x_wconf 84' lang='lat' dir='ltr'>dux</span> <span class='ocrx_word' id='word_1_103' title='bbox 1017 1289 1079 1325; x_wconf 90' lang='lat' dir='ltr'>cum</span> <span class='ocrx_word' id='word_1_104' title='bbox 1092 1270 1253 1326; x_wconf 82' lang='lat' dir='ltr'>Civitatinis</span> <span class='ocrx_word' id='word_1_105' title='bbox 1271 1271 1359 1336; x_wconf 88' lang='lat' dir='ltr'>novis,</span> <span class='ocrx_word' id='word_1_106' title='bbox 1378 1273 1451 1327; x_wconf 88' lang='lat' dir='ltr'>sicut</span> <span class='ocrx_word' id='word_1_107' title='bbox 1468 1273 1497 1327; x_wconf 90' lang='lat' dir='ltr'>in</span> <span class='ocrx_word' id='word_1_108' title='bbox 1511 1277 1595 1344; x_wconf 86' lang='lat' dir='ltr'>paeto</span> <span class='ocrx_word' id='word_1_109' title='bbox 1608 1273 1719 1344; x_wconf 80' lang='lat' dir='ltr'>legitur,</span> <span class='ocrx_word' id='word_1_110' title='bbox 1738 1275 1773 1330; x_wconf 91' lang='lat' dir='ltr'>de</span> <span class='ocrx_word' id='word_1_111' title='bbox 1786 1275 1872 1330; x_wconf 84' lang='lat' dir='ltr'>Plave</span> 
     </span>
     <span class='ocr_line' id='line_1_10' title="bbox 243 1356 1369 1428; baseline 0 -14"><span class='ocrx_word' id='word_1_112' title='bbox 243 1360 349 1414; x_wconf 83' lang='lat' dir='ltr'>maiore</span> <span class='ocrx_word' id='word_1_113' title='bbox 366 1375 454 1427; x_wconf 83' lang='lat' dir='ltr'>usque</span> <span class='ocrx_word' id='word_1_114' title='bbox 472 1357 502 1411; x_wconf 90' lang='lat' dir='ltr'>in</span> <span class='ocrx_word' id='word_1_115' title='bbox 521 1357 602 1412; x_wconf 86' lang='lat' dir='ltr'>Plavi</span> <span class='ocrx_word' id='word_1_116' title='bbox 619 1356 702 1423; x_wconf 84' lang='lat' dir='ltr'>sicca,</span> <span class='ocrx_word' id='word_1_117' title='bbox 721 1357 796 1426; x_wconf 89' lang='lat' dir='ltr'>quod</span> <span class='ocrx_word' id='word_1_118' title='bbox 814 1361 857 1412; x_wconf 87' lang='lat' dir='ltr'>est</span> <span class='ocrx_word' id='word_1_119' title='bbox 875 1357 1011 1412; x_wconf 86' lang='lat' dir='ltr'>terminus</span> <span class='ocrx_word' id='word_1_120' title='bbox 1029 1357 1073 1412; x_wconf 90' lang='lat' dir='ltr'>vel</span> <span class='ocrx_word' id='word_1_121' title='bbox 1092 1357 1249 1428; x_wconf 76' lang='lat' dir='ltr'>proprietas</span> <span class='ocrx_word' id='word_1_122' title='bbox 1268 1361 1369 1414; x_wconf 86' lang='lat' dir='ltr'>vestra.</span> 
     </span>
    </p>
   </div>
   <div class='ocr_carea' id='block_1_4' title="bbox 199 1446 1871 1611">
    <p class='ocr_par' dir='ltr' id='par_1_4' title="bbox 199 1446 1871 1611">
     <span class='ocr_line' id='line_1_11' title="bbox 199 1446 1871 1530; baseline 0.004 -25"><span class='ocrx_word' id='word_1_123' title='bbox 199 1467 226 1506; x_wconf 81' lang='grc' dir='ltr'>ιο</span> <span class='ocrx_word' id='word_1_124' title='bbox 351 1446 431 1530; x_wconf 87' lang='grc'>(29.)</span> <span class='ocrx_word' id='word_1_125' title='bbox 467 1453 615 1524; x_wconf 88' lang='lat' dir='ltr'>Caprisani</span> <span class='ocrx_word' id='word_1_126' title='bbox 631 1471 696 1508; x_wconf 86' lang='lat' dir='ltr'>vero</span> <span class='ocrx_word' id='word_1_127' title='bbox 717 1453 747 1508; x_wconf 91' lang='lat' dir='ltr'>in</span> <span class='ocrx_word' id='word_1_128' title='bbox 763 1453 842 1520; x_wconf 88' lang='lat' dir='ltr'>silva,</span> <span class='ocrx_word' id='word_1_129' title='bbox 859 1453 907 1508; x_wconf 90' lang='lat' dir='ltr'>ubi</span> <span class='ocrx_word' id='word_1_130' title='bbox 922 1455 1134 1524; x_wconf 84' lang='lat' dir='ltr'>eapulaverunt,</span> <span class='ocrx_word' id='word_1_131' title='bbox 1154 1454 1184 1508; x_wconf 89' lang='lat' dir='ltr'>in</span> <span class='ocrx_word' id='word_1_132' title='bbox 1200 1456 1268 1509; x_wconf 88' lang='lat' dir='ltr'>fines</span> <span class='ocrx_word' id='word_1_133' title='bbox 1284 1456 1478 1511; x_wconf 72' lang='lat' dir='ltr'>l&#39;oroiuliauos</span> <span class='ocrx_word' id='word_1_134' title='bbox 1495 1474 1605 1527; x_wconf 88' lang='lat' dir='ltr'>semper</span> <span class='ocrx_word' id='word_1_135' title='bbox 1620 1458 1727 1513; x_wconf 88' lang='lat' dir='ltr'>faciant</span> <span class='ocrx_word' id='word_1_136' title='bbox 1742 1457 1871 1524; x_wconf 81' lang='lat' dir='ltr'>reditum,</span> 
     </span>
     <span class='ocr_line' id='line_1_12' title="bbox 244 1540 992 1611; baseline -0.005 -13"><span class='ocrx_word' id='word_1_137' title='bbox 244 1543 304 1609; x_wconf 75' lang='lat' dir='ltr'>[ct¹¹</span> <span class='ocrx_word' id='word_1_138' title='bbox 327 1541 369 1607; x_wconf 87' lang='lat' dir='ltr'>eal</span> <span class='ocrx_word' id='word_1_139' title='bbox 393 1541 553 1611; x_wconf 73' lang='lat' dir='ltr'>cepnIent&#39;,</span> <span class='ocrx_word' id='word_1_140' title='bbox 577 1540 650 1595; x_wconf 86' lang='lat' dir='ltr'>sicut</span> <span class='ocrx_word' id='word_1_141' title='bbox 672 1543 758 1595; x_wconf 88' lang='lat' dir='ltr'>autea</span> <span class='ocrx_word' id='word_1_142' title='bbox 781 1541 992 1609; x_wconf 79' lang='lat' dir='ltr'>reputaverunt.</span> 
     </span>
    </p>
   </div>
   <div class='ocr_carea' id='block_1_5' title="bbox 242 1635 1872 1802">
    <p class='ocr_par' dir='ltr' id='par_1_5' title="bbox 242 1635 1872 1802">
     <span class='ocr_line' id='line_1_13' title="bbox 352 1635 1872 1720; baseline 0.002 -21"><span class='ocrx_word' id='word_1_143' title='bbox 352 1635 432 1720; x_wconf 85' lang='lat'>(30.)</span> <span class='ocrx_word' id='word_1_144' title='bbox 466 1642 504 1698; x_wconf 80' lang='lat' dir='ltr'>Et</span> <span class='ocrx_word' id='word_1_145' title='bbox 530 1643 624 1708; x_wconf 89' lang='lat' dir='ltr'>stetit,</span> <span class='ocrx_word' id='word_1_146' title='bbox 654 1646 686 1698; x_wconf 91' lang='grc' dir='ltr'>ιιι</span> <span class='ocrx_word' id='word_1_147' title='bbox 713 1643 748 1698; x_wconf 88' lang='lat' dir='ltr'>de</span> <span class='ocrx_word' id='word_1_148' title='bbox 771 1643 908 1698; x_wconf 85' lang='lat' dir='ltr'>Gradensi</span> <span class='ocrx_word' id='word_1_149' title='bbox 935 1644 1052 1698; x_wconf 86' lang='lat' dir='ltr'>civitate</span> <span class='ocrx_word' id='word_1_150' title='bbox 1079 1644 1231 1698; x_wconf 86' lang='lat' dir='ltr'>seeundum</span> <span class='ocrx_word' id='word_1_151' title='bbox 1258 1645 1405 1715; x_wconf 87' lang='lat' dir='ltr'>antiquam</span> <span class='ocrx_word' id='word_1_152' title='bbox 1428 1647 1659 1701; x_wconf 88' lang='lat' dir='ltr'>consuetudinem</span> <span class='ocrx_word' id='word_1_153' title='bbox 1680 1647 1783 1702; x_wconf 87' lang='lat' dir='ltr'>debeat</span> <span class='ocrx_word' id='word_1_154' title='bbox 1804 1648 1872 1702; x_wconf 83' lang='lat' dir='ltr'>dare</span> 
     </span>
     <span class='ocr_line' id='line_1_14' title="bbox 242 1728 1648 1802; baseline -0.001 -13"><span class='ocrx_word' id='word_1_155' title='bbox 242 1737 273 1789; x_wconf 88' lang='lat' dir='ltr'>et</span> <span class='ocrx_word' id='word_1_156' title='bbox 295 1732 409 1802; x_wconf 84' lang='lat' dir='ltr'>capnias</span> <span class='ocrx_word' id='word_1_157' title='bbox 432 1732 533 1797; x_wconf 82' lang='lat' dir='ltr'>facere,</span> <span class='ocrx_word' id='word_1_158' title='bbox 556 1728 604 1784; x_wconf 91' lang='lat' dir='ltr'>ubi</span> <span class='ocrx_word' id='word_1_159' title='bbox 626 1733 712 1785; x_wconf 87' lang='lat' dir='ltr'>antea</span> <span class='ocrx_word' id='word_1_160' title='bbox 736 1731 864 1785; x_wconf 81' lang='lat' dir='ltr'>fecerunt</span> <span class='ocrx_word' id='word_1_161' title='bbox 887 1730 916 1785; x_wconf 92' lang='lat' dir='ltr'>in</span> <span class='ocrx_word' id='word_1_162' title='bbox 939 1731 993 1785; x_wconf 87' lang='lat' dir='ltr'>fine</span> <span class='ocrx_word' id='word_1_163' title='bbox 1016 1730 1205 1796; x_wconf 71' lang='lat' dir='ltr'>Foroiuliano</span> <span class='ocrx_word' id='word_1_164' title='bbox 1230 1731 1303 1786; x_wconf 89' lang='lat' dir='ltr'>sicut</span> <span class='ocrx_word' id='word_1_165' title='bbox 1325 1731 1483 1801; x_wconf 86' lang='lat' dir='ltr'>antiquitus</span> <span class='ocrx_word' id='word_1_166' title='bbox 1506 1732 1648 1788; x_wconf 81' lang='lat' dir='ltr'>iecistis&#39;.</span> 
     </span>
    </p>
   </div>
   <div class='ocr_carea' id='block_1_6' title="bbox 199 1825 1872 2102">
    <p class='ocr_par' dir='ltr' id='par_1_6' title="bbox 199 1825 1872 2102">
     <span class='ocr_line' id='line_1_15' title="bbox 351 1825 1872 1910; baseline 0.003 -21"><span class='ocrx_word' id='word_1_167' title='bbox 351 1825 433 1910; x_wconf 83' lang='lat'>(31.)</span> <span class='ocrx_word' id='word_1_168' title='bbox 468 1833 653 1888; x_wconf 84' lang='lat' dir='ltr'>Reservamus</span> <span class='ocrx_word' id='word_1_169' title='bbox 673 1833 702 1887; x_wconf 90' lang='lat' dir='ltr'>in</span> <span class='ocrx_word' id='word_1_170' title='bbox 724 1834 823 1890; x_wconf 88' lang='lat' dir='ltr'>codem</span> <span class='ocrx_word' id='word_1_171' title='bbox 845 1839 943 1905; x_wconf 87' lang='lat' dir='ltr'>pacto,</span> <span class='ocrx_word' id='word_1_172' title='bbox 970 1838 1003 1890; x_wconf 91' lang='lat' dir='ltr'>ut</span> <span class='ocrx_word' id='word_1_173' title='bbox 1025 1853 1090 1906; x_wconf 87' lang='lat' dir='ltr'>pars</span> <span class='ocrx_word' id='word_1_174' title='bbox 1113 1835 1188 1906; x_wconf 88' lang='lat' dir='ltr'>parti</span> <span class='ocrx_word' id='word_1_175' title='bbox 1211 1837 1245 1892; x_wconf 88' lang='lat' dir='ltr'>de</span> <span class='ocrx_word' id='word_1_176' title='bbox 1268 1837 1359 1891; x_wconf 85' lang='lat' dir='ltr'>causis</span> <span class='ocrx_word' id='word_1_177' title='bbox 1383 1837 1563 1892; x_wconf 88' lang='lat' dir='ltr'>ecclesiarum</span> <span class='ocrx_word' id='word_1_178' title='bbox 1586 1841 1616 1892; x_wconf 87' lang='lat' dir='ltr'>et</span> <span class='ocrx_word' id='word_1_179' title='bbox 1637 1838 1872 1893; x_wconf 79' lang='lat' dir='ltr'>monasteriorum</span> 
     </span>
     <span class='ocr_line' id='line_1_16' title="bbox 199 1920 505 1978; baseline 0.007 -6"><span class='ocrx_word' id='word_1_180' title='bbox 199 1933 225 1972; x_wconf 78' lang='grc' dir='ltr'>ιι</span> <span class='ocrx_word' id='word_1_181' title='bbox 243 1922 368 1978; x_wconf 82' lang='lat' dir='ltr'>iustitias</span> <span class='ocrx_word' id='word_1_182' title='bbox 391 1920 505 1976; x_wconf 71' lang='lat' dir='ltr'>noant.</span> 
     </span>
     <span class='ocr_line' id='line_1_17' title="bbox 351 2015 1730 2102; baseline 0.003 -23"><span class='ocrx_word' id='word_1_183' title='bbox 351 2015 433 2102; x_wconf 88' lang='grc'>(32.)</span> <span class='ocrx_word' id='word_1_184' title='bbox 466 2022 504 2079; x_wconf 76' lang='lat' dir='ltr'>Et</span> <span class='ocrx_word' id='word_1_185' title='bbox 525 2025 578 2079; x_wconf 92' lang='lat' dir='ltr'>hoc</span> <span class='ocrx_word' id='word_1_186' title='bbox 600 2023 683 2079; x_wconf 88' lang='lat' dir='ltr'>stetit</span> <span class='ocrx_word' id='word_1_187' title='bbox 705 2024 739 2080; x_wconf 89' lang='lat' dir='ltr'>de</span> <span class='ocrx_word' id='word_1_188' title='bbox 763 2023 967 2096; x_wconf 70' lang='lat' dir='ltr'>clugiensibus</span> <span class='ocrx_word' id='word_1_189' title='bbox 991 2028 1023 2080; x_wconf 91' lang='lat' dir='ltr'>ut</span> <span class='ocrx_word' id='word_1_190' title='bbox 1046 2029 1225 2081; x_wconf 86' lang='lat' dir='ltr'>revertantur</span> <span class='ocrx_word' id='word_1_191' title='bbox 1247 2043 1297 2096; x_wconf 88' lang='lat' dir='ltr'>per</span> <span class='ocrx_word' id='word_1_192' title='bbox 1319 2027 1382 2081; x_wconf 89' lang='lat' dir='ltr'>loca</span> <span class='ocrx_word' id='word_1_193' title='bbox 1405 2044 1455 2082; x_wconf 89' lang='lat' dir='ltr'>sua</span> <span class='ocrx_word' id='word_1_194' title='bbox 1478 2028 1514 2081; x_wconf 87' lang='lat' dir='ltr'>ad</span> <span class='ocrx_word' id='word_1_195' title='bbox 1536 2027 1730 2083; x_wconf 87' lang='lat' dir='ltr'>habitandum.</span> 
     </span>
    </p>
   </div>
   <div class='ocr_carea' id='block_1_7' title="bbox 241 2116 1872 2370">
    <p class='ocr_par' dir='ltr' id='par_1_7' title="bbox 241 2116 1872 2370">
     <span class='ocr_line' id='line_1_18' title="bbox 351 2116 1872 2205; baseline 0.002 -23"><span class='ocrx_word' id='word_1_196' title='bbox 351 2116 432 2205; x_wconf 84' lang='lat'><strong>(33.)</strong></span> <span class='ocrx_word' id='word_1_197' title='bbox 466 2128 507 2182; x_wconf 90' lang='lat' dir='ltr'>De</span> <span class='ocrx_word' id='word_1_198' title='bbox 535 2127 670 2182; x_wconf 82' lang='lat' dir='ltr'>eunuchis</span> <span class='ocrx_word' id='word_1_199' title='bbox 694 2144 759 2182; x_wconf 88' lang='lat' dir='ltr'>vero</span> <span class='ocrx_word' id='word_1_200' title='bbox 787 2126 950 2194; x_wconf 72' lang='lat' dir='ltr'>statuimus,</span> <span class='ocrx_word' id='word_1_201' title='bbox 978 2132 1022 2194; x_wconf 91' lang='grc' dir='ltr'><strong>ιιι,</strong></span> <span class='ocrx_word' id='word_1_202' title='bbox 1052 2128 1076 2182; x_wconf 90' lang='lat' dir='ltr'>si</span> <span class='ocrx_word' id='word_1_203' title='bbox 1102 2129 1166 2198; x_wconf 90' lang='lat' dir='ltr'>quis</span> <span class='ocrx_word' id='word_1_204' title='bbox 1195 2147 1242 2184; x_wconf 90' lang='lat' dir='ltr'>eos</span> <span class='ocrx_word' id='word_1_205' title='bbox 1266 2128 1390 2184; x_wconf 81' lang='lat' dir='ltr'>abinde¹</span> <span class='ocrx_word' id='word_1_206' title='bbox 1417 2129 1534 2184; x_wconf 87' lang='lat' dir='ltr'>inantea</span> <span class='ocrx_word' id='word_1_207' title='bbox 1555 2131 1648 2185; x_wconf 86' lang='lat' dir='ltr'>facere</span> <span class='ocrx_word' id='word_1_208' title='bbox 1670 2131 1872 2201; x_wconf 85' lang='lat' dir='ltr'>presumpserit</span> 
     </span>
     <span class='ocr_line' id='line_1_19' title="bbox 242 2211 1871 2284; baseline -0.001 -15"><span class='ocrx_word' id='word_1_209' title='bbox 242 2215 394 2269; x_wconf 86' lang='lat' dir='ltr'>secuudum</span> <span class='ocrx_word' id='word_1_210' title='bbox 413 2211 542 2267; x_wconf 86' lang='lat' dir='ltr'>inolitam</span> <span class='ocrx_word' id='word_1_211' title='bbox 560 2212 804 2277; x_wconf 89' lang='lat' dir='ltr'>cousuetudinem,</span> <span class='ocrx_word' id='word_1_212' title='bbox 823 2216 856 2267; x_wconf 89' lang='lat' dir='ltr'>ut</span> <span class='ocrx_word' id='word_1_213' title='bbox 874 2211 964 2282; x_wconf 88' lang='lat' dir='ltr'>ipsam</span> <span class='ocrx_word' id='word_1_214' title='bbox 983 2230 1103 2284; x_wconf 85' lang='lat' dir='ltr'>paenam</span> <span class='ocrx_word' id='word_1_215' title='bbox 1121 2213 1279 2268; x_wconf 81' lang='lat' dir='ltr'>substineat</span> <span class='ocrx_word' id='word_1_216' title='bbox 1297 2213 1357 2283; x_wconf 92' lang='lat' dir='ltr'>ipse</span> <span class='ocrx_word' id='word_1_217' title='bbox 1376 2217 1426 2268; x_wconf 87' lang='lat' dir='ltr'>aut</span> <span class='ocrx_word' id='word_1_218' title='bbox 1443 2231 1472 2268; x_wconf 88' lang='lat' dir='ltr'>se</span> <span class='ocrx_word' id='word_1_219' title='bbox 1491 2213 1526 2269; x_wconf 93' lang='lat' dir='ltr'>de</span> <span class='ocrx_word' id='word_1_220' title='bbox 1543 2215 1624 2269; x_wconf 90' lang='lat' dir='ltr'>nobis</span> <span class='ocrx_word' id='word_1_221' title='bbox 1642 2214 1775 2280; x_wconf 87' lang='lat' dir='ltr'>redimat;</span> <span class='ocrx_word' id='word_1_222' title='bbox 1800 2215 1871 2270; x_wconf 85' lang='lat' dir='ltr'>etsi</span> 
     </span>
     <span class='ocr_line' id='line_1_20' title="bbox 241 2297 1870 2370; baseline -0.001 -14"><span class='ocrx_word' id='word_1_223' title='bbox 241 2302 295 2356; x_wconf 86' lang='lat' dir='ltr'>boc</span> <span class='ocrx_word' id='word_1_224' title='bbox 313 2299 458 2370; x_wconf 81' lang='lat' dir='ltr'>negaverit</span> <span class='ocrx_word' id='word_1_225' title='bbox 476 2316 506 2353; x_wconf 85' lang='lat' dir='ltr'>se</span> <span class='ocrx_word' id='word_1_226' title='bbox 523 2298 628 2364; x_wconf 81' lang='lat' dir='ltr'>fecisse,</span> <span class='ocrx_word' id='word_1_227' title='bbox 648 2317 711 2353; x_wconf 88' lang='lat' dir='ltr'>cum</span> <span class='ocrx_word' id='word_1_228' title='bbox 728 2297 874 2354; x_wconf 85' lang='lat' dir='ltr'>duodecim</span> <span class='ocrx_word' id='word_1_229' title='bbox 893 2297 1000 2352; x_wconf 86' lang='lat' dir='ltr'>ellectis</span> <span class='ocrx_word' id='word_1_230' title='bbox 1018 2315 1048 2352; x_wconf 88' lang='lat' dir='ltr'>se</span> <span class='ocrx_word' id='word_1_231' title='bbox 1067 2298 1269 2368; x_wconf 83' lang='lat' dir='ltr'>inculpabilem</span> <span class='ocrx_word' id='word_1_232' title='bbox 1287 2299 1394 2365; x_wconf 82' lang='lat' dir='ltr'>reddat,</span> <span class='ocrx_word' id='word_1_233' title='bbox 1413 2299 1457 2353; x_wconf 91' lang='lat' dir='ltr'>sin</span> <span class='ocrx_word' id='word_1_234' title='bbox 1469 2303 1571 2365; x_wconf 87' lang='lat' dir='ltr'>autem,</span> <span class='ocrx_word' id='word_1_235' title='bbox 1591 2316 1711 2369; x_wconf 88' lang='lat' dir='ltr'>paenam</span> <span class='ocrx_word' id='word_1_236' title='bbox 1724 2300 1870 2355; x_wconf 83' lang='lat' dir='ltr'>sustineat.</span> 
     </span>
    </p>
   </div>
   <div class='ocr_carea' id='block_1_8' title="bbox 198 2388 1872 2796">
    <p class='ocr_par' dir='ltr' id='par_1_8' title="bbox 198 2388 1872 2796">
     <span class='ocr_line' id='line_1_21' title="bbox 198 2388 1872 2472; baseline 0.001 -24"><span class='ocrx_word' id='word_1_237' title='bbox 198 2408 225 2448; x_wconf 79' lang='lat' dir='ltr'>ao</span> <span class='ocrx_word' id='word_1_238' title='bbox 352 2388 432 2472; x_wconf 84' lang='lat'>(34.)</span> <span class='ocrx_word' id='word_1_239' title='bbox 466 2396 616 2461; x_wconf 87' lang='lat' dir='ltr'>Volumus,</span> <span class='ocrx_word' id='word_1_240' title='bbox 644 2398 677 2450; x_wconf 91' lang='lat' dir='ltr'>ut</span> <span class='ocrx_word' id='word_1_241' title='bbox 699 2413 751 2466; x_wconf 91' lang='lat' dir='ltr'>pro</span> <span class='ocrx_word' id='word_1_242' title='bbox 774 2413 822 2450; x_wconf 82' lang='lat' dir='ltr'>sex</span> <span class='ocrx_word' id='word_1_243' title='bbox 845 2394 985 2449; x_wconf 88' lang='lat' dir='ltr'>mancusis</span> <span class='ocrx_word' id='word_1_244' title='bbox 1009 2395 1119 2450; x_wconf 69' lang='lat' dir='ltr'>soluml</span> <span class='ocrx_word' id='word_1_245' title='bbox 1142 2395 1178 2448; x_wconf 88' lang='lat' dir='ltr'>ab</span> <span class='ocrx_word' id='word_1_246' title='bbox 1201 2413 1257 2449; x_wconf 91' lang='lat' dir='ltr'>uno</span> <span class='ocrx_word' id='word_1_247' title='bbox 1279 2395 1393 2452; x_wconf 89' lang='lat' dir='ltr'>homine</span> <span class='ocrx_word' id='word_1_248' title='bbox 1417 2400 1623 2452; x_wconf 86' lang='lat' dir='ltr'>sacramentum</span> <span class='ocrx_word' id='word_1_249' title='bbox 1645 2397 1811 2468; x_wconf 81' lang='lat' dir='ltr'>recipiatur,</span> <span class='ocrx_word' id='word_1_250' title='bbox 1841 2400 1872 2452; x_wconf 90' lang='lat' dir='ltr'>et</span> 
     </span>
     <span class='ocr_line' id='line_1_22' title="bbox 241 2478 1870 2552; baseline 0 -16"><span class='ocrx_word' id='word_1_251' title='bbox 241 2483 266 2536; x_wconf 88' lang='lat' dir='ltr'>si</span> <span class='ocrx_word' id='word_1_252' title='bbox 289 2482 352 2552; x_wconf 85' lang='lat' dir='ltr'>plus</span> <span class='ocrx_word' id='word_1_253' title='bbox 374 2481 459 2536; x_wconf 87' lang='lat' dir='ltr'>fuerit</span> <span class='ocrx_word' id='word_1_254' title='bbox 480 2498 568 2549; x_wconf 88' lang='lat' dir='ltr'>usque</span> <span class='ocrx_word' id='word_1_255' title='bbox 590 2480 627 2534; x_wconf 88' lang='lat' dir='ltr'>ad</span> <span class='ocrx_word' id='word_1_256' title='bbox 649 2478 795 2534; x_wconf 87' lang='lat' dir='ltr'>duodecim</span> <span class='ocrx_word' id='word_1_257' title='bbox 818 2496 977 2546; x_wconf 85' lang='lat' dir='ltr'>mancusos,</span> <span class='ocrx_word' id='word_1_258' title='bbox 1002 2479 1120 2534; x_wconf 90' lang='lat' dir='ltr'>duorum</span> <span class='ocrx_word' id='word_1_259' title='bbox 1138 2479 1281 2534; x_wconf 91' lang='lat' dir='ltr'>hominum</span> <span class='ocrx_word' id='word_1_260' title='bbox 1301 2480 1487 2535; x_wconf 87' lang='lat' dir='ltr'>iuramentum</span> <span class='ocrx_word' id='word_1_261' title='bbox 1511 2480 1549 2536; x_wconf 87' lang='lat' dir='ltr'>sit</span> <span class='ocrx_word' id='word_1_262' title='bbox 1566 2481 1754 2547; x_wconf 68' lang='lat' dir='ltr'>satisfactum</span> <span class='ocrx_word' id='word_1_263' title='bbox 1782 2484 1812 2536; x_wconf 86' lang='lat' dir='ltr'>ct</span> <span class='ocrx_word' id='word_1_264' title='bbox 1829 2481 1870 2536; x_wconf 84' lang='lat' dir='ltr'>ita</span> 
     </span>
     <span class='ocr_line' id='line_1_23' title="bbox 241 2565 1869 2638; baseline -0.001 -14"><span class='ocrx_word' id='word_1_265' title='bbox 241 2586 330 2638; x_wconf 89' lang='lat' dir='ltr'>usque</span> <span class='ocrx_word' id='word_1_266' title='bbox 351 2569 388 2623; x_wconf 91' lang='lat' dir='ltr'>ad</span> <span class='ocrx_word' id='word_1_267' title='bbox 406 2568 554 2623; x_wconf 85' lang='lat' dir='ltr'>duodecim</span> <span class='ocrx_word' id='word_1_268' title='bbox 571 2567 657 2622; x_wconf 90' lang='lat' dir='ltr'>libras</span> <span class='ocrx_word' id='word_1_269' title='bbox 670 2566 867 2622; x_wconf 75' lang='lat' dir='ltr'>veneticorum</span> <span class='ocrx_word' id='word_1_270' title='bbox 891 2583 999 2637; x_wconf 88' lang='lat' dir='ltr'>semper</span> <span class='ocrx_word' id='word_1_271' title='bbox 1016 2566 1175 2621; x_wconf 86' lang='lat' dir='ltr'>addendum</span> <span class='ocrx_word' id='word_1_272' title='bbox 1194 2583 1244 2636; x_wconf 86' lang='lat' dir='ltr'>per</span> <span class='ocrx_word' id='word_1_273' title='bbox 1262 2565 1408 2621; x_wconf 84' lang='lat' dir='ltr'>duodecim</span> <span class='ocrx_word' id='word_1_274' title='bbox 1427 2566 1541 2622; x_wconf 87' lang='lat' dir='ltr'>elleetos</span> <span class='ocrx_word' id='word_1_275' title='bbox 1559 2566 1695 2622; x_wconf 88' lang='lat' dir='ltr'>iuratores</span> <span class='ocrx_word' id='word_1_276' title='bbox 1714 2567 1869 2638; x_wconf 77' lang='lat' dir='ltr'>perveniat,</span> 
     </span>
     <span class='ocr_line' id='line_1_24' title="bbox 241 2652 1867 2724; baseline -0.001 -14"><span class='ocrx_word' id='word_1_277' title='bbox 241 2660 286 2722; x_wconf 86' lang='lat' dir='ltr'>ut,</span> <span class='ocrx_word' id='word_1_278' title='bbox 309 2657 433 2724; x_wconf 88' lang='lat' dir='ltr'>quantae</span> <span class='ocrx_word' id='word_1_279' title='bbox 456 2654 513 2708; x_wconf 87' lang='lat' dir='ltr'>sint</span> <span class='ocrx_word' id='word_1_280' title='bbox 537 2653 637 2720; x_wconf 88' lang='lat' dir='ltr'>librae,</span> <span class='ocrx_word' id='word_1_281' title='bbox 661 2652 735 2708; x_wconf 88' lang='lat' dir='ltr'>tanti</span> <span class='ocrx_word' id='word_1_282' title='bbox 757 2653 814 2708; x_wconf 90' lang='lat' dir='ltr'>sint</span> <span class='ocrx_word' id='word_1_283' title='bbox 833 2653 919 2709; x_wconf 88' lang='lat' dir='ltr'>etiam</span> <span class='ocrx_word' id='word_1_284' title='bbox 937 2654 1087 2719; x_wconf 88' lang='lat' dir='ltr'>iuratores;</span> <span class='ocrx_word' id='word_1_285' title='bbox 1115 2671 1181 2708; x_wconf 89' lang='lat' dir='ltr'>nam</span> <span class='ocrx_word' id='word_1_286' title='bbox 1198 2653 1222 2707; x_wconf 92' lang='lat' dir='ltr'>si</span> <span class='ocrx_word' id='word_1_287' title='bbox 1240 2654 1315 2709; x_wconf 86' lang='lat' dir='ltr'>ultra</span> <span class='ocrx_word' id='word_1_288' title='bbox 1332 2654 1478 2708; x_wconf 89' lang='lat' dir='ltr'>duodecim</span> <span class='ocrx_word' id='word_1_289' title='bbox 1495 2653 1629 2708; x_wconf 83' lang='lat' dir='ltr'>librarum</span> <span class='ocrx_word' id='word_1_290' title='bbox 1647 2654 1757 2723; x_wconf 84' lang='lat' dir='ltr'>questio</span> <span class='ocrx_word' id='word_1_291' title='bbox 1775 2654 1867 2720; x_wconf 81' lang='lat' dir='ltr'>fuerit,</span> 
     </span>
     <span class='ocr_line' id='line_1_25' title="bbox 243 2738 893 2796; baseline 0 -2"><span class='ocrx_word' id='word_1_292' title='bbox 243 2741 379 2796; x_wconf 81' lang='lat' dir='ltr'>iuratores</span> <span class='ocrx_word' id='word_1_293' title='bbox 398 2740 473 2794; x_wconf 86' lang='lat' dir='ltr'>ultra</span> <span class='ocrx_word' id='word_1_294' title='bbox 491 2738 638 2794; x_wconf 86' lang='lat' dir='ltr'>duodecim</span> <span class='ocrx_word' id='word_1_295' title='bbox 655 2755 712 2793; x_wconf 87' lang='lat' dir='ltr'>non</span> <span class='ocrx_word' id='word_1_296' title='bbox 731 2739 893 2795; x_wconf 54' lang='lat' dir='ltr'>excedente</span> 
     </span>
    </p>
   </div>
   <div class='ocr_carea' id='block_1_9' title="bbox 196 2827 1870 2994">
    <p class='ocr_par' dir='ltr' id='par_1_9' title="bbox 196 2827 1870 2994">
     <span class='ocr_line' id='line_1_26' title="bbox 196 2827 1870 2924; baseline 0.001 -32"><span class='ocrx_word' id='word_1_297' title='bbox 196 2841 224 2880; x_wconf 77' lang='lat'>²⁵</span> <span class='ocrx_word' id='word_1_298' title='bbox 350 2827 431 2913; x_wconf 87' lang='grc'>(35.)</span> <span class='ocrx_word' id='word_1_299' title='bbox 451 2835 620 2924; x_wconf 24' lang='lat' dir='ltr'>‘statuimus</span> <span class='ocrx_word' id='word_1_300' title='bbox 643 2836 718 2891; x_wconf 87' lang='lat' dir='ltr'>enim</span> <span class='ocrx_word' id='word_1_301' title='bbox 741 2836 776 2891; x_wconf 87' lang='lat' dir='ltr'>dc</span> <span class='ocrx_word' id='word_1_302' title='bbox 799 2836 973 2907; x_wconf 78' lang='lat' dir='ltr'>pignoribus,</span> <span class='ocrx_word' id='word_1_303' title='bbox 995 2854 1068 2907; x_wconf 89' lang='lat' dir='ltr'>quac</span> <span class='ocrx_word' id='word_1_304' title='bbox 1090 2837 1166 2892; x_wconf 87' lang='lat' dir='ltr'>inter</span> <span class='ocrx_word' id='word_1_305' title='bbox 1187 2840 1283 2905; x_wconf 89' lang='lat' dir='ltr'>partes</span> <span class='ocrx_word' id='word_1_306' title='bbox 1303 2836 1398 2906; x_wconf 90' lang='lat' dir='ltr'>posita</span> <span class='ocrx_word' id='word_1_307' title='bbox 1413 2837 1526 2902; x_wconf 83' lang='lat' dir='ltr'>luerint,</span> <span class='ocrx_word' id='word_1_308' title='bbox 1550 2840 1590 2903; x_wconf 86' lang='grc' dir='ltr'><strong>ιιι,</strong></span> <span class='ocrx_word' id='word_1_309' title='bbox 1614 2838 1638 2892; x_wconf 92' lang='lat' dir='ltr'>si</span> <span class='ocrx_word' id='word_1_310' title='bbox 1652 2855 1709 2907; x_wconf 89' lang='lat' dir='ltr'>qua</span> <span class='ocrx_word' id='word_1_311' title='bbox 1724 2837 1870 2894; x_wconf 86' lang='lat' dir='ltr'>contentio</span> 
     </span>
     <span class='ocr_line' id='line_1_27' title="bbox 240 2922 1470 2994; baseline 0 -16"><span class='ocrx_word' id='word_1_312' title='bbox 240 2925 276 2979; x_wconf 89' lang='lat' dir='ltr'>de</span> <span class='ocrx_word' id='word_1_313' title='bbox 298 2924 342 2978; x_wconf 90' lang='lat' dir='ltr'>bis</span> <span class='ocrx_word' id='word_1_314' title='bbox 365 2927 428 2979; x_wconf 85' lang='lat' dir='ltr'>orta</span> <span class='ocrx_word' id='word_1_315' title='bbox 450 2923 544 2989; x_wconf 85' lang='lat' dir='ltr'>fuerit,</span> <span class='ocrx_word' id='word_1_316' title='bbox 567 2922 611 2976; x_wconf 87' lang='lat' dir='ltr'>illi</span> <span class='ocrx_word' id='word_1_317' title='bbox 634 2923 777 2978; x_wconf 84' lang='lat' dir='ltr'>tribuatur</span> <span class='ocrx_word' id='word_1_318' title='bbox 799 2923 947 2978; x_wconf 85' lang='lat' dir='ltr'>arbitrium</span> <span class='ocrx_word' id='word_1_319' title='bbox 970 2923 1090 2989; x_wconf 89' lang='lat' dir='ltr'>iurandi,</span> <span class='ocrx_word' id='word_1_320' title='bbox 1113 2923 1162 2992; x_wconf 87' lang='lat' dir='ltr'>qui</span> <span class='ocrx_word' id='word_1_321' title='bbox 1185 2923 1287 2994; x_wconf 79' lang='lat' dir='ltr'>pignus</span> <span class='ocrx_word' id='word_1_322' title='bbox 1310 2923 1470 2978; x_wconf 82' lang='lat' dir='ltr'>habuerit⁸.</span> 
     </span>
    </p>
   </div>
   <div class='ocr_carea' id='block_1_10' title="bbox 239 3104 1868 3344">
    <p class='ocr_par' dir='ltr' id='par_1_10' title="bbox 239 3104 1868 3344">
     <span class='ocr_line' id='line_1_28' title="bbox 342 3104 1868 3174; baseline 0.001 -17"><span class='ocrx_word' id='word_1_323' title='bbox 342 3104 370 3173; x_wconf 84' lang='lat' dir='ltr'>p)</span> <span class='ocrx_word' id='word_1_324' title='bbox 388 3106 500 3157; x_wconf 81' lang='lat' dir='ltr'>debeam</span> <span class='ocrx_word' id='word_1_325' title='bbox 517 3123 538 3156; x_wconf 90' lang='lat' dir='ltr'>c.</span> <span class='ocrx_word' id='word_1_326' title='bbox 637 3104 664 3171; x_wconf 85' lang='lat' dir='ltr'>q)</span> <span class='ocrx_word' id='word_1_327' title='bbox 683 3105 794 3168; x_wconf 80' lang='lat' dir='ltr'>Lacuna</span> <span class='ocrx_word' id='word_1_328' title='bbox 817 3106 844 3156; x_wconf 83' lang='lat' dir='ltr'>in</span> <span class='ocrx_word' id='word_1_329' title='bbox 862 3105 917 3156; x_wconf 82' lang='lat' dir='ltr'>cod.</span> <span class='ocrx_word' id='word_1_330' title='bbox 1014 3105 1036 3169; x_wconf 91' lang='lat' dir='ltr'>r)</span> <span class='ocrx_word' id='word_1_331' title='bbox 1058 3123 1074 3156; x_wconf 88' lang='lat' dir='ltr'>a</span> <span class='ocrx_word' id='word_1_332' title='bbox 1091 3112 1165 3172; x_wconf 84' lang='lat' dir='ltr'>parte</span> <span class='ocrx_word' id='word_1_333' title='bbox 1182 3122 1203 3156; x_wconf 82' lang='lat' dir='ltr'>c.</span> <span class='ocrx_word' id='word_1_334' title='bbox 1299 3105 1322 3171; x_wconf 92' lang='lat' dir='ltr'>s)</span> <span class='ocrx_word' id='word_1_335' title='bbox 1343 3106 1380 3155; x_wconf 81' lang='lat' dir='ltr'>ita</span> <span class='ocrx_word' id='word_1_336' title='bbox 1398 3105 1470 3166; x_wconf 83' lang='lat' dir='ltr'><em>PB.,·</em></span> <span class='ocrx_word' id='word_1_337' title='bbox 1496 3121 1610 3172; x_wconf 87' lang='lat' dir='ltr'>cousque</span> <span class='ocrx_word' id='word_1_338' title='bbox 1629 3106 1706 3157; x_wconf 81' lang='lat' dir='ltr'>fuerit</span> <span class='ocrx_word' id='word_1_339' title='bbox 1724 3107 1830 3174; x_wconf 84' lang='lat' dir='ltr'>recipiat</span> <span class='ocrx_word' id='word_1_340' title='bbox 1847 3124 1868 3161; x_wconf 81' lang='lat' dir='ltr'>e.</span> 
     </span>
     <span class='ocr_line' id='line_1_29' title="bbox 239 3191 1868 3260; baseline -0.001 -17"><span class='ocrx_word' id='word_1_341' title='bbox 239 3192 261 3260; x_wconf 88' lang='grc' dir='ltr'>ι)</span> <span class='ocrx_word' id='word_1_342' title='bbox 279 3210 382 3260; x_wconf 80' lang='lat' dir='ltr'>gregem</span> <span class='ocrx_word' id='word_1_343' title='bbox 401 3211 421 3244; x_wconf 84' lang='lat' dir='ltr'>c.</span> <span class='ocrx_word' id='word_1_344' title='bbox 492 3191 522 3256; x_wconf 93' lang='lat' dir='ltr'>u)</span> <span class='ocrx_word' id='word_1_345' title='bbox 541 3200 567 3243; x_wconf 86' lang='lat' dir='ltr'>et</span> <span class='ocrx_word' id='word_1_346' title='bbox 584 3209 615 3244; x_wconf 85' lang='lat' dir='ltr'>aa</span> <span class='ocrx_word' id='word_1_347' title='bbox 633 3211 682 3245; x_wconf 86' lang='lat' dir='ltr'>om.</span> <span class='ocrx_word' id='word_1_348' title='bbox 695 3210 715 3244; x_wconf 84' lang='lat' dir='ltr'>e.</span> <span class='ocrx_word' id='word_1_349' title='bbox 787 3191 814 3257; x_wconf 85' lang='grc' dir='ltr'>ιι)</span> <span class='ocrx_word' id='word_1_350' title='bbox 832 3193 987 3260; x_wconf 83' lang='lat' dir='ltr'>decapulant</span> <span class='ocrx_word' id='word_1_351' title='bbox 1004 3211 1024 3243; x_wconf 81' lang='lat' dir='ltr'>c.</span> <span class='ocrx_word' id='word_1_352' title='bbox 1095 3191 1130 3257; x_wconf 86' lang='grc' dir='ltr'>ιι)</span> <span class='ocrx_word' id='word_1_353' title='bbox 1148 3193 1185 3243; x_wconf 83' lang='lat' dir='ltr'>ilo</span> <span class='ocrx_word' id='word_1_354' title='bbox 1204 3192 1274 3248; x_wconf 74' lang='lat' dir='ltr'>Pa.-</span> <span class='ocrx_word' id='word_1_355' title='bbox 1297 3193 1409 3244; x_wconf 85' lang='lat' dir='ltr'>cessistis</span> <span class='ocrx_word' id='word_1_356' title='bbox 1427 3210 1448 3243; x_wconf 78' lang='grc' dir='ltr'>ο.</span> <span class='ocrx_word' id='word_1_357' title='bbox 1518 3191 1547 3256; x_wconf 89' lang='grc' dir='ltr'>ιι)</span> <span class='ocrx_word' id='word_1_358' title='bbox 1566 3194 1600 3245; x_wconf 83' lang='lat' dir='ltr'>ab</span> <span class='ocrx_word' id='word_1_359' title='bbox 1618 3210 1639 3242; x_wconf 87' lang='lat' dir='ltr'>o.</span> <span class='ocrx_word' id='word_1_360' title='bbox 1711 3191 1739 3258; x_wconf 85' lang='lat' dir='ltr'>y)</span> <span class='ocrx_word' id='word_1_361' title='bbox 1757 3192 1830 3243; x_wconf 89' lang='lat' dir='ltr'>solid.</span> <span class='ocrx_word' id='word_1_362' title='bbox 1848 3210 1868 3242; x_wconf 83' lang='lat' dir='ltr'>e.</span> 
     </span>
     <span class='ocr_line' id='line_1_30' title="bbox 239 3277 983 3344; baseline -0.001 -14"><span class='ocrx_word' id='word_1_363' title='bbox 239 3278 266 3343; x_wconf 85' lang='lat' dir='ltr'>n)</span> <span class='ocrx_word' id='word_1_364' title='bbox 284 3280 391 3331; x_wconf 83' lang='lat' dir='ltr'>excedat</span> <span class='ocrx_word' id='word_1_365' title='bbox 408 3297 429 3331; x_wconf 86' lang='lat' dir='ltr'>o.</span> <span class='ocrx_word' id='word_1_366' title='bbox 516 3277 543 3344; x_wconf 85' lang='lat' dir='ltr'>a)</span> <span class='ocrx_word' id='word_1_367' title='bbox 563 3278 597 3329; x_wconf 84' lang='lat' dir='ltr'>In</span> <span class='ocrx_word' id='word_1_368' title='bbox 615 3279 744 3344; x_wconf 68' lang='lat' dir='ltr'>marfim:</span> <span class='ocrx_word' id='word_1_369' title='bbox 766 3279 860 3330; x_wconf 86' lang='lat' dir='ltr'>desunt</span> <span class='ocrx_word' id='word_1_370' title='bbox 877 3279 983 3343; x_wconf 78' lang='lat' dir='ltr'>reliqua.</span> 
     </span>
    </p>
   </div>
   <div class='ocr_carea' id='block_1_11' title="bbox 850 3520 1261 3528">
    <p class='ocr_par' dir='ltr' id='par_1_11' title="bbox 850 3520 1261 3528">
     <span class='ocr_line' id='line_1_31' title="bbox 850 3520 1261 3528; baseline -0.005 0"><span class='ocrx_word' id='word_1_371' title='bbox 850 3520 1261 3528; x_wconf 54' lang='grc' dir='ltr'><strong>Μ</strong></span> 
     </span>
    </p>
   </div>
   <div class='ocr_carea' id='block_1_12' title="bbox 194 3816 1694 4079">
    <p class='ocr_par' dir='ltr' id='par_1_12' title="bbox 194 3816 1694 4079">
     <span class='ocr_line' id='line_1_32' title="bbox 194 3816 1694 3959; baseline -0.001 -32"><span class='ocrx_word' id='word_1_372' title='bbox 194 3871 222 3910; x_wconf 70' lang='grc' dir='ltr'>ω</span> <span class='ocrx_word' id='word_1_373' title='bbox 452 3822 553 3927; x_wconf 79' lang='grc'>231.</span> <span class='ocrx_word' id='word_1_374' title='bbox 601 3817 1163 3927; x_wconf 82' lang='lat' dir='ltr'><strong>PRAEOEPTUM</strong></span> <span class='ocrx_word' id='word_1_375' title='bbox 1201 3816 1520 3927; x_wconf 83' lang='lat' dir='ltr'><strong>KAROLI</strong></span> <span class='ocrx_word' id='word_1_376' title='bbox 1557 3816 1694 3959; x_wconf 88' lang='lat' dir='ltr'>HL</span> 
     </span>
     <span class='ocr_line' id='line_1_33' title="bbox 902 3997 1203 4079; baseline 0.003 -1"><span class='ocrx_word' id='word_1_377' title='bbox 902 3997 1000 4079; x_wconf 86' lang='grc'>883.</span> <span class='ocrx_word' id='word_1_378' title='bbox 1036 4005 1203 4079; x_wconf 83' lang='lat' dir='ltr'>Mai.10.</span> 
     </span>
    </p>
   </div>
   <div class='ocr_carea' id='block_1_13' title="bbox 194 4176 1867 5825">
    <p class='ocr_par' dir='ltr' id='par_1_13' title="bbox 237 4176 1867 4480">
     <span class='ocr_line' id='line_1_34' title="bbox 342 4176 1867 4274; baseline -0.001 -20"><span class='ocrx_word' id='word_1_379' title='bbox 342 4176 560 4271; x_wconf 78' lang='lat' dir='ltr'>Proscrimas</span> <span class='ocrx_word' id='word_1_380' title='bbox 581 4187 638 4253; x_wconf 79' lang='lat' dir='ltr'>boe</span> <span class='ocrx_word' id='word_1_381' title='bbox 652 4194 858 4270; x_wconf 60' lang='lat' dir='ltr'>arreptam</span> <span class='ocrx_word' id='word_1_382' title='bbox 880 4209 918 4252; x_wconf 78' lang='lat' dir='ltr'>cc</span> <span class='ocrx_word' id='word_1_383' title='bbox 945 4187 977 4274; x_wconf 94' lang='lat' dir='ltr'>l)</span> <span class='ocrx_word' id='word_1_384' title='bbox 1000 4188 1110 4253; x_wconf 74' lang='lat' dir='ltr'>labris</span> <span class='ocrx_word' id='word_1_385' title='bbox 1125 4193 1295 4270; x_wconf 73' lang='lat' dir='ltr'>pacianum</span> <span class='ocrx_word' id='word_1_386' title='bbox 1314 4185 1366 4251; x_wconf 81' lang='lat' dir='ltr'>lib.</span> <span class='ocrx_word' id='word_1_387' title='bbox 1386 4185 1411 4252; x_wconf 84' lang='lat'>1.</span> <span class='ocrx_word' id='word_1_388' title='bbox 1431 4185 1486 4267; x_wconf 82' lang='lat' dir='ltr'>sot.</span> <span class='ocrx_word' id='word_1_389' title='bbox 1503 4190 1528 4251; x_wconf 94' lang='grc'>1.</span> <span class='ocrx_word' id='word_1_390' title='bbox 1545 4191 1575 4250; x_wconf 85' lang='lat' dir='ltr'>et</span> <span class='ocrx_word' id='word_1_391' title='bbox 1595 4187 1629 4272; x_wconf 90' lang='grc'>2)</span> <span class='ocrx_word' id='word_1_392' title='bbox 1646 4188 1744 4253; x_wconf 69' lang='lat' dir='ltr'>Libro</span> <span class='ocrx_word' id='word_1_393' title='bbox 1758 4187 1867 4253; x_wconf 77' lang='lat' dir='ltr'>blaom</span> 
     </span>
     <span class='ocr_line' id='line_1_35' title="bbox 237 4289 1865 4376; baseline -0.001 -18"><span class='ocrx_word' id='word_1_394' title='bbox 237 4293 293 4375; x_wconf 79' lang='lat' dir='ltr'>fot.</span> <span class='ocrx_word' id='word_1_395' title='bbox 310 4298 378 4372; x_wconf 87' lang='lat' dir='ltr'>ll&#39;,</span> <span class='ocrx_word' id='word_1_396' title='bbox 399 4314 450 4361; x_wconf 83' lang='lat' dir='ltr'>or.</span> <span class='ocrx_word' id='word_1_397' title='bbox 465 4299 495 4370; x_wconf 82' lang='lat'>4,</span> <span class='ocrx_word' id='word_1_398' title='bbox 517 4293 555 4357; x_wconf 84' lang='grc' dir='ltr'>ιἰι</span> <span class='ocrx_word' id='word_1_399' title='bbox 575 4313 637 4374; x_wconf 82' lang='lat' dir='ltr'>quo</span> <span class='ocrx_word' id='word_1_400' title='bbox 659 4293 862 4356; x_wconf 74' lang='lat' dir='ltr'>inscribitur:</span> <span class='ocrx_word' id='word_1_401' title='bbox 883 4291 1097 4376; x_wconf 82' lang='lat' dir='ltr'>Prisilegium</span> <span class='ocrx_word' id='word_1_402' title='bbox 1114 4292 1370 4357; x_wconf 86' lang='lat' dir='ltr'>confirmationis</span> <span class='ocrx_word' id='word_1_403' title='bbox 1387 4289 1502 4356; x_wconf 89' lang='lat' dir='ltr'>Karuli</span> <span class='ocrx_word' id='word_1_404' title='bbox 1523 4291 1728 4376; x_wconf 87' lang='lat' dir='ltr'>imperatoris</span> <span class='ocrx_word' id='word_1_405' title='bbox 1744 4291 1865 4357; x_wconf 85' lang='lat' dir='ltr'>factum</span> 
     </span>
     <span class='ocr_line' id='line_1_36' title="bbox 240 4392 1867 4480; baseline -0.002 -18"><span class='ocrx_word' id='word_1_406' title='bbox 240 4397 370 4462; x_wconf 89' lang='lat' dir='ltr'>domino</span> <span class='ocrx_word' id='word_1_407' title='bbox 386 4397 524 4463; x_wconf 86' lang='lat' dir='ltr'>Iohanni</span> <span class='ocrx_word' id='word_1_408' title='bbox 539 4396 614 4462; x_wconf 86' lang='lat' dir='ltr'>duci</span> <span class='ocrx_word' id='word_1_409' title='bbox 629 4396 778 4462; x_wconf 87' lang='lat' dir='ltr'>Veneoie</span> <span class='ocrx_word' id='word_1_410' title='bbox 802 4396 843 4461; x_wconf 92' lang='lat' dir='ltr'>de</span> <span class='ocrx_word' id='word_1_411' title='bbox 867 4397 965 4462; x_wconf 90' lang='lat' dir='ltr'>rebus</span> <span class='ocrx_word' id='word_1_412' title='bbox 989 4396 1039 4460; x_wconf 90' lang='lat' dir='ltr'>sui</span> <span class='ocrx_word' id='word_1_413' title='bbox 1059 4395 1207 4478; x_wconf 85' lang='lat' dir='ltr'>ducatus,</span> <span class='ocrx_word' id='word_1_414' title='bbox 1231 4403 1264 4460; x_wconf 90' lang='lat' dir='ltr'>et</span> <span class='ocrx_word' id='word_1_415' title='bbox 1286 4415 1349 4480; x_wconf 92' lang='lat' dir='ltr'>que</span> <span class='ocrx_word' id='word_1_416' title='bbox 1372 4393 1457 4458; x_wconf 84' lang='lat' dir='ltr'>iufra</span> <span class='ocrx_word' id='word_1_417' title='bbox 1472 4392 1647 4458; x_wconf 87' lang='lat' dir='ltr'>dictionem</span> <span class='ocrx_word' id='word_1_418' title='bbox 1666 4395 1715 4458; x_wconf 89' lang='lat' dir='ltr'>sui</span> <span class='ocrx_word' id='word_1_419' title='bbox 1737 4395 1867 4480; x_wconf 90' lang='lat' dir='ltr'>imperii</span> 
     </span>
    </p>

    <p class='ocr_par' dir='ltr' id='par_1_14' title="bbox 195 4497 1867 4990">
     <span class='ocr_line' id='line_1_37' title="bbox 195 4497 1865 4581; baseline -0.002 -15"><span class='ocrx_word' id='word_1_420' title='bbox 195 4526 222 4566; x_wconf 83' lang='grc' dir='ltr'>ιι</span> <span class='ocrx_word' id='word_1_421' title='bbox 242 4503 305 4567; x_wconf 88' lang='lat' dir='ltr'>site</span> <span class='ocrx_word' id='word_1_422' title='bbox 329 4522 403 4567; x_wconf 90' lang='lat' dir='ltr'>esse</span> <span class='ocrx_word' id='word_1_423' title='bbox 427 4507 616 4567; x_wconf 88' lang='lat' dir='ltr'>noscuntur.</span> <span class='ocrx_word' id='word_1_424' title='bbox 659 4499 831 4565; x_wconf 83' lang='lat' dir='ltr'>Praeterea</span> <span class='ocrx_word' id='word_1_425' title='bbox 852 4505 957 4564; x_wconf 74' lang='lat' dir='ltr'>exstat</span> <span class='ocrx_word' id='word_1_426' title='bbox 977 4501 1013 4565; x_wconf 83' lang='lat' dir='ltr'>io</span> <span class='ocrx_word' id='word_1_427' title='bbox 1035 4501 1126 4581; x_wconf 81' lang='lat' dir='ltr'>copia</span> <span class='ocrx_word' id='word_1_428' title='bbox 1148 4505 1273 4564; x_wconf 65' lang='lat' dir='ltr'>minoto</span> <span class='ocrx_word' id='word_1_429' title='bbox 1296 4499 1434 4564; x_wconf 76' lang='lat' dir='ltr'>Versctiis</span> <span class='ocrx_word' id='word_1_430' title='bbox 1454 4499 1491 4562; x_wconf 83' lang='lat' dir='ltr'>io</span> <span class='ocrx_word' id='word_1_431' title='bbox 1505 4497 1632 4562; x_wconf 78' lang='lat' dir='ltr'>arctico</span> <span class='ocrx_word' id='word_1_432' title='bbox 1646 4499 1695 4562; x_wconf 81' lang='lat' dir='ltr'>rei</span> <span class='ocrx_word' id='word_1_433' title='bbox 1709 4497 1865 4581; x_wconf 66' lang='lat' dir='ltr'>parua,</span> 
     </span>
     <span class='ocr_line' id='line_1_38' title="bbox 238 4599 1867 4688; baseline -0.003 -19"><span class='ocrx_word' id='word_1_434' title='bbox 238 4605 312 4670; x_wconf 86' lang='lat' dir='ltr'>Atti</span> <span class='ocrx_word' id='word_1_435' title='bbox 338 4604 495 4688; x_wconf 72' lang='lat' dir='ltr'>restituiti</span> <span class='ocrx_word' id='word_1_436' title='bbox 518 4623 569 4668; x_wconf 80' lang='lat' dir='ltr'>or.</span> <span class='ocrx_word' id='word_1_437' title='bbox 588 4605 664 4680; x_wconf 84' lang='lat'><strong>108,</strong></span> <span class='ocrx_word' id='word_1_438' title='bbox 695 4603 776 4668; x_wconf 79' lang='lat' dir='ltr'>anai</span> <span class='ocrx_word' id='word_1_439' title='bbox 799 4605 896 4680; x_wconf 87' lang='grc'>1382,</span> <span class='ocrx_word' id='word_1_440' title='bbox 925 4606 976 4670; x_wconf 95' lang='grc'>21.</span> <span class='ocrx_word' id='word_1_441' title='bbox 998 4603 1107 4681; x_wconf 66' lang='lat' dir='ltr'>Febr„</span> <span class='ocrx_word' id='word_1_442' title='bbox 1131 4603 1305 4684; x_wconf 81' lang='lat' dir='ltr'>‘desumpto</span> <span class='ocrx_word' id='word_1_443' title='bbox 1332 4623 1372 4666; x_wconf 78' lang='lat' dir='ltr'>ea</span> <span class='ocrx_word' id='word_1_444' title='bbox 1397 4601 1535 4682; x_wconf 66' lang='lat' dir='ltr'>padam</span> <span class='ocrx_word' id='word_1_445' title='bbox 1557 4599 1635 4666; x_wconf 84' lang='lat' dir='ltr'>libro</span> <span class='ocrx_word' id='word_1_446' title='bbox 1656 4601 1815 4665; x_wconf 80' lang='lat' dir='ltr'>autentico</span> <span class='ocrx_word' id='word_1_447' title='bbox 1837 4606 1867 4664; x_wconf 88' lang='lat' dir='ltr'>et</span> 
     </span>
     <span class='ocr_line' id='line_1_39' title="bbox 238 4705 1866 4790; baseline -0.002 -19"><span class='ocrx_word' id='word_1_448' title='bbox 238 4709 379 4789; x_wconf 68' lang='grc' dir='ltr'><strong>αιιιιᾳιιο,</strong></span> <span class='ocrx_word' id='word_1_449' title='bbox 403 4709 441 4772; x_wconf 81' lang='lat' dir='ltr'>ia</span> <span class='ocrx_word' id='word_1_450' title='bbox 461 4727 523 4789; x_wconf 78' lang='lat' dir='ltr'>quo</span> <span class='ocrx_word' id='word_1_451' title='bbox 536 4705 708 4788; x_wconf 71' lang='lat' dir='ltr'>privilepio</span> <span class='ocrx_word' id='word_1_452' title='bbox 725 4711 754 4770; x_wconf 89' lang='lat' dir='ltr'>ct</span> <span class='ocrx_word' id='word_1_453' title='bbox 768 4707 926 4788; x_wconf 72' lang='lat' dir='ltr'>scripture</span> <span class='ocrx_word' id='word_1_454' title='bbox 940 4707 1098 4772; x_wconf 78' lang='lat' dir='ltr'>autentica</span> <span class='ocrx_word' id='word_1_455' title='bbox 1112 4709 1291 4788; x_wconf 66' lang='lat' dir='ltr'>smmpto</span> <span class='ocrx_word' id='word_1_456' title='bbox 1304 4706 1389 4770; x_wconf 75' lang='lat' dir='ltr'>srrnt’</span> <span class='ocrx_word' id='word_1_457' title='bbox 1404 4706 1442 4790; x_wconf 90' lang='lat' dir='ltr'>(i.</span> <span class='ocrx_word' id='word_1_458' title='bbox 1458 4727 1482 4768; x_wconf 88' lang='lat' dir='ltr'>e.</span> <span class='ocrx_word' id='word_1_459' title='bbox 1499 4726 1538 4770; x_wconf 77' lang='lat' dir='ltr'>ca</span> <span class='ocrx_word' id='word_1_460' title='bbox 1552 4705 1663 4770; x_wconf 76' lang='lat' dir='ltr'>labris</span> <span class='ocrx_word' id='word_1_461' title='bbox 1672 4708 1866 4788; x_wconf 79' lang='lat' dir='ltr'>pactorum),</span> 
     </span>
     <span class='ocr_line' id='line_1_40' title="bbox 237 4806 1866 4891; baseline -0.002 -17"><span class='ocrx_word' id='word_1_462' title='bbox 237 4815 268 4874; x_wconf 86' lang='lat' dir='ltr'>et</span> <span class='ocrx_word' id='word_1_463' title='bbox 289 4811 379 4891; x_wconf 71' lang='lat' dir='ltr'>aprsd</span> <span class='ocrx_word' id='word_1_464' title='bbox 400 4809 565 4874; x_wconf 79' lang='lat' dir='ltr'>Andreom</span> <span class='ocrx_word' id='word_1_465' title='bbox 584 4807 784 4888; x_wconf 73' lang='lat' dir='ltr'>Daedalum,</span> <span class='ocrx_word' id='word_1_466' title='bbox 807 4811 902 4874; x_wconf 82' lang='lat' dir='ltr'>ouius</span> <span class='ocrx_word' id='word_1_467' title='bbox 923 4815 1029 4875; x_wconf 64' lang='lat' dir='ltr'>batres</span> <span class='ocrx_word' id='word_1_468' title='bbox 1050 4810 1087 4874; x_wconf 83' lang='lat' dir='ltr'>ia</span> <span class='ocrx_word' id='word_1_469' title='bbox 1108 4809 1211 4874; x_wconf 63' lang='lat' dir='ltr'>codar</span> <span class='ocrx_word' id='word_1_470' title='bbox 1228 4809 1401 4873; x_wconf 79' lang='lat' dir='ltr'>Marciano</span> <span class='ocrx_word' id='word_1_471' title='bbox 1424 4808 1565 4872; x_wconf 80' lang='lat' dir='ltr'>traditus</span> <span class='ocrx_word' id='word_1_472' title='bbox 1585 4828 1624 4872; x_wconf 77' lang='lat' dir='ltr'>ex</span> <span class='ocrx_word' id='word_1_473' title='bbox 1639 4807 1737 4872; x_wconf 77' lang='lat' dir='ltr'>Libro</span> <span class='ocrx_word' id='word_1_474' title='bbox 1758 4806 1866 4872; x_wconf 70' lang='lat' dir='ltr'>bboco</span> 
     </span>
     <span class='ocr_line' id='line_1_41' title="bbox 238 4909 1867 4990; baseline -0.002 -14"><span class='ocrx_word' id='word_1_475' title='bbox 238 4913 401 4978; x_wconf 82' lang='lat' dir='ltr'>derivatas</span> <span class='ocrx_word' id='word_1_476' title='bbox 422 4917 477 4978; x_wconf 86' lang='lat' dir='ltr'>est.</span> <span class='ocrx_word' id='word_1_477' title='bbox 525 4911 626 4978; x_wconf 79' lang='lat' dir='ltr'>Ceteri</span> <span class='ocrx_word' id='word_1_478' title='bbox 647 4932 718 4976; x_wconf 84' lang='lat' dir='ltr'>vero</span> <span class='ocrx_word' id='word_1_479' title='bbox 740 4913 859 4977; x_wconf 82' lang='lat' dir='ltr'>codices</span> <span class='ocrx_word' id='word_1_480' title='bbox 882 4911 1031 4977; x_wconf 77' lang='lat' dir='ltr'>Darrduli</span> <span class='ocrx_word' id='word_1_481' title='bbox 1053 4911 1233 4990; x_wconf 76' lang='lat' dir='ltr'>chronicae,</span> <span class='ocrx_word' id='word_1_482' title='bbox 1261 4911 1411 4976; x_wconf 81' lang='lat' dir='ltr'>Estcoses</span> <span class='ocrx_word' id='word_1_483' title='bbox 1436 4909 1555 4975; x_wconf 72' lang='lat' dir='ltr'>sedicet</span> <span class='ocrx_word' id='word_1_484' title='bbox 1582 4916 1612 4975; x_wconf 86' lang='lat' dir='ltr'>et</span> <span class='ocrx_word' id='word_1_485' title='bbox 1635 4910 1867 4974; x_wconf 79' lang='lat' dir='ltr'>Ambrosianus</span> 
     </span>
    </p>

    <p class='ocr_par' dir='ltr' id='par_1_15' title="bbox 194 5012 1866 5391">
     <span class='ocr_line' id='line_1_42' title="bbox 194 5012 1866 5099; baseline -0.001 -19"><span class='ocrx_word' id='word_1_486' title='bbox 194 5041 222 5080; x_wconf 73' lang='lat' dir='ltr'>so</span> <span class='ocrx_word' id='word_1_487' title='bbox 237 5016 327 5099; x_wconf 83' lang='lat' dir='ltr'>apud</span> <span class='ocrx_word' id='word_1_488' title='bbox 348 5015 579 5093; x_wconf 80' lang='lat' dir='ltr'>Murctoriam,</span> <span class='ocrx_word' id='word_1_489' title='bbox 601 5012 657 5080; x_wconf 80' lang='lat' dir='ltr'>SS.</span> <span class='ocrx_word' id='word_1_490' title='bbox 680 5035 741 5080; x_wconf 86' lang='lat' dir='ltr'>rer.</span> <span class='ocrx_word' id='word_1_491' title='bbox 763 5013 838 5080; x_wconf 84' lang='lat' dir='ltr'>Ital.</span> <span class='ocrx_word' id='word_1_492' title='bbox 853 5015 935 5094; x_wconf 88' lang='lat' dir='ltr'><em>XII,</em></span> <span class='ocrx_word' id='word_1_493' title='bbox 952 5016 1107 5096; x_wconf 66' lang='lat' dir='ltr'>praebeat</span> <span class='ocrx_word' id='word_1_494' title='bbox 1129 5019 1257 5094; x_wconf 63' lang='lat' dir='ltr'>testum</span> <span class='ocrx_word' id='word_1_495' title='bbox 1280 5015 1338 5096; x_wconf 81' lang='lat' dir='ltr'>qui</span> <span class='ocrx_word' id='word_1_496' title='bbox 1359 5036 1381 5078; x_wconf 87' lang='lat' dir='ltr'>a</span> <span class='ocrx_word' id='word_1_497' title='bbox 1399 5014 1509 5078; x_wconf 66' lang='lat' dir='ltr'>mass</span> <span class='ocrx_word' id='word_1_498' title='bbox 1523 5019 1693 5096; x_wconf 67' lang='lat' dir='ltr'>portaerem</span> <span class='ocrx_word' id='word_1_499' title='bbox 1715 5014 1866 5096; x_wconf 69' lang='lat' dir='ltr'>oripirwm</span> 
     </span>
     <span class='ocr_line' id='line_1_43' title="bbox 238 5117 1866 5200; baseline -0.001 -18"><span class='ocrx_word' id='word_1_500' title='bbox 238 5119 367 5184; x_wconf 56' lang='lat' dir='ltr'>daciae</span> <span class='ocrx_word' id='word_1_501' title='bbox 398 5119 531 5184; x_wconf 80' lang='lat' dir='ltr'>videtur.</span> <span class='ocrx_word' id='word_1_502' title='bbox 588 5117 643 5182; x_wconf 79' lang='lat' dir='ltr'>Er</span> <span class='ocrx_word' id='word_1_503' title='bbox 676 5117 785 5185; x_wconf 77' lang='lat' dir='ltr'>Libris</span> <span class='ocrx_word' id='word_1_504' title='bbox 812 5123 982 5199; x_wconf 80' lang='lat' dir='ltr'>pactorum</span> <span class='ocrx_word' id='word_1_505' title='bbox 1016 5117 1067 5184; x_wconf 84' lang='lat' dir='ltr'>lib.</span> <span class='ocrx_word' id='word_1_506' title='bbox 1096 5118 1124 5182; x_wconf 92' lang='grc' dir='ltr'>Ι.</span> <span class='ocrx_word' id='word_1_507' title='bbox 1159 5117 1298 5200; x_wconf 74' lang='lat' dir='ltr'>diploma</span> <span class='ocrx_word' id='word_1_508' title='bbox 1330 5118 1576 5198; x_wconf 62' lang='lat' dir='ltr'>transcriptum</span> <span class='ocrx_word' id='word_1_509' title='bbox 1609 5122 1655 5182; x_wconf 88' lang='lat' dir='ltr'>est</span> <span class='ocrx_word' id='word_1_510' title='bbox 1687 5119 1724 5182; x_wconf 82' lang='lat' dir='ltr'>io</span> <span class='ocrx_word' id='word_1_511' title='bbox 1752 5118 1866 5182; x_wconf 71' lang='lat' dir='ltr'>Libros</span> 
     </span>
     <span class='ocr_line' id='line_1_44' title="bbox 232 5219 1865 5304; baseline -0.001 -19"><span class='ocrx_word' id='word_1_512' title='bbox 232 5229 319 5304; x_wconf 82' lang='lat' dir='ltr'>port.</span> <span class='ocrx_word' id='word_1_513' title='bbox 347 5221 399 5287; x_wconf 75' lang='lat' dir='ltr'>lab.</span> <span class='ocrx_word' id='word_1_514' title='bbox 418 5222 467 5287; x_wconf 91' lang='grc' dir='ltr'>ΙΙ.</span> <span class='ocrx_word' id='word_1_515' title='bbox 488 5220 543 5303; x_wconf 82' lang='lat' dir='ltr'>sot.</span> <span class='ocrx_word' id='word_1_516' title='bbox 560 5225 610 5288; x_wconf 80' lang='lat'>75.</span> <span class='ocrx_word' id='word_1_517' title='bbox 663 5219 767 5287; x_wconf 78' lang='lat' dir='ltr'>Codes</span> <span class='ocrx_word' id='word_1_518' title='bbox 794 5243 865 5287; x_wconf 83' lang='lat' dir='ltr'>vero</span> <span class='ocrx_word' id='word_1_519' title='bbox 890 5222 1080 5288; x_wconf 69' lang='lat' dir='ltr'>iliricum</span> <span class='ocrx_word' id='word_1_520' title='bbox 1108 5223 1214 5303; x_wconf 57' lang='lat' dir='ltr'>psum</span> <span class='ocrx_word' id='word_1_521' title='bbox 1245 5243 1310 5287; x_wconf 81' lang='lat' dir='ltr'>noa</span> <span class='ocrx_word' id='word_1_522' title='bbox 1335 5223 1488 5299; x_wconf 64' lang='lat' dir='ltr'>continet·</span> <span class='ocrx_word' id='word_1_523' title='bbox 1519 5220 1578 5302; x_wconf 82' lang='lat' dir='ltr'>osr.</span> <span class='ocrx_word' id='word_1_524' title='bbox 1601 5220 1865 5286; x_wconf 69' lang='lat' dir='ltr'>Borma-Most·</span> 
     </span>
     <span class='ocr_line' id='line_1_45' title="bbox 238 5326 532 5391; baseline 0 0"><span class='ocrx_word' id='word_1_525' title='bbox 238 5326 351 5391; x_wconf 62' lang='lat' dir='ltr'>aare</span> <span class='ocrx_word' id='word_1_526' title='bbox 371 5346 420 5391; x_wconf 83' lang='lat' dir='ltr'>or.</span> <span class='ocrx_word' id='word_1_527' title='bbox 440 5329 532 5391; x_wconf 81' lang='lat'>1615.</span> 
     </span>
    </p>

    <p class='ocr_par' dir='ltr' id='par_1_16' title="bbox 345 5426 1864 5511">
     <span class='ocr_line' id='line_1_46' title="bbox 345 5426 1864 5511; baseline -0.001 -17"><span class='ocrx_word' id='word_1_528' title='bbox 345 5428 555 5511; x_wconf 82' lang='lat' dir='ltr'>Praeceptum</span> <span class='ocrx_word' id='word_1_529' title='bbox 580 5433 725 5494; x_wconf 75' lang='lat' dir='ltr'>aostmm</span> <span class='ocrx_word' id='word_1_530' title='bbox 752 5451 791 5495; x_wconf 81' lang='lat' dir='ltr'>car</span> <span class='ocrx_word' id='word_1_531' title='bbox 811 5434 908 5510; x_wconf 81' lang='lat' dir='ltr'>porte</span> <span class='ocrx_word' id='word_1_532' title='bbox 934 5429 980 5494; x_wconf 79' lang='lat' dir='ltr'>ad</span> <span class='ocrx_word' id='word_1_533' title='bbox 1001 5426 1176 5509; x_wconf 68' lang='lat' dir='ltr'>canapium</span> <span class='ocrx_word' id='word_1_534' title='bbox 1198 5427 1365 5509; x_wconf 85' lang='lat' dir='ltr'>Proeccpti</span> <span class='ocrx_word' id='word_1_535' title='bbox 1388 5427 1586 5507; x_wconf 71' lang='lat' dir='ltr'>illudowici,</span> <span class='ocrx_word' id='word_1_536' title='bbox 1617 5449 1717 5510; x_wconf 82' lang='lat' dir='ltr'>supra</span> <span class='ocrx_word' id='word_1_537' title='bbox 1737 5449 1775 5510; x_wconf 83' lang='lat' dir='ltr'>p.</span> <span class='ocrx_word' id='word_1_538' title='bbox 1795 5430 1864 5506; x_wconf 87' lang='grc'>137,</span> 
     </span>
    </p>

    <p class='ocr_par' dir='ltr' id='par_1_17' title="bbox 195 5532 1036 5615">
     <span class='ocr_line' id='line_1_47' title="bbox 195 5532 1036 5615; baseline -0.001 -17"><span class='ocrx_word' id='word_1_539' title='bbox 195 5557 222 5598; x_wconf 82' lang='grc' dir='ltr'>ιι</span> <span class='ocrx_word' id='word_1_540' title='bbox 238 5538 268 5596; x_wconf 84' lang='lat' dir='ltr'>et</span> <span class='ocrx_word' id='word_1_541' title='bbox 289 5532 467 5610; x_wconf 76' lang='lat' dir='ltr'>Hlotlrarii,</span> <span class='ocrx_word' id='word_1_542' title='bbox 490 5552 592 5614; x_wconf 82' lang='lat' dir='ltr'>supra</span> <span class='ocrx_word' id='word_1_543' title='bbox 606 5554 642 5615; x_wconf 83' lang='lat' dir='ltr'>p.</span> <span class='ocrx_word' id='word_1_544' title='bbox 663 5536 732 5611; x_wconf 86' lang='grc'>136,</span> <span class='ocrx_word' id='word_1_545' title='bbox 755 5533 959 5614; x_wconf 81' lang='lat' dir='ltr'>compositum</span> <span class='ocrx_word' id='word_1_546' title='bbox 982 5537 1036 5597; x_wconf 84' lang='lat' dir='ltr'>est.</span> 
     </span>
    </p>

    <p class='ocr_par' dir='ltr' id='par_1_18' title="bbox 233 5632 1864 5825">
     <span class='ocr_line' id='line_1_48' title="bbox 345 5632 1864 5717; baseline -0.003 -15"><span class='ocrx_word' id='word_1_547' title='bbox 345 5637 396 5702; x_wconf 86' lang='lat' dir='ltr'>Dc</span> <span class='ocrx_word' id='word_1_548' title='bbox 416 5638 536 5702; x_wconf 64' lang='lat' dir='ltr'>indbio</span> <span class='ocrx_word' id='word_1_549' title='bbox 551 5638 699 5717; x_wconf 80' lang='lat' dir='ltr'>temporis</span> <span class='ocrx_word' id='word_1_550' title='bbox 718 5635 776 5717; x_wconf 82' lang='lat' dir='ltr'>osr.</span> <span class='ocrx_word' id='word_1_551' title='bbox 792 5635 1002 5701; x_wconf 71' lang='lat' dir='ltr'>Mitlboclrer</span> <span class='ocrx_word' id='word_1_552' title='bbox 1016 5638 1053 5702; x_wconf 84' lang='lat' dir='ltr'>io</span> <span class='ocrx_word' id='word_1_553' title='bbox 1069 5637 1145 5701; x_wconf 76' lang='lat' dir='ltr'>‘SR</span> <span class='ocrx_word' id='word_1_554' title='bbox 1161 5637 1193 5704; x_wconf 85' lang='lat' dir='ltr'>d.</span> <span class='ocrx_word' id='word_1_555' title='bbox 1214 5635 1314 5702; x_wconf 80' lang='lat' dir='ltr'>Wiea.</span> <span class='ocrx_word' id='word_1_556' title='bbox 1331 5635 1394 5701; x_wconf 77' lang='lat' dir='ltr'>At.</span> <span class='ocrx_word' id='word_1_557' title='bbox 1403 5633 1574 5716; x_wconf 69' lang='lat' dir='ltr'>plia-aut.</span> <span class='ocrx_word' id='word_1_558' title='bbox 1591 5632 1651 5698; x_wconf 80' lang='lat' dir='ltr'>Gt&#39;</span> <span class='ocrx_word' id='word_1_559' title='bbox 1667 5639 1739 5700; x_wconf 79' lang='grc' dir='ltr'><strong>ιιιιιι.</strong></span> <span class='ocrx_word' id='word_1_560' title='bbox 1752 5632 1864 5712; x_wconf 83' lang='lat' dir='ltr'><strong><em>XCII,</em></strong></span> 
     </span>
     <span class='ocr_line' id='line_1_49' title="bbox 233 5736 1761 5825; baseline -0.007 -14"><span class='ocrx_word' id='word_1_561' title='bbox 233 5765 268 5825; x_wconf 78' lang='lat' dir='ltr'>p.</span> <span class='ocrx_word' id='word_1_562' title='bbox 284 5747 357 5823; x_wconf 87' lang='grc'>381,</span> <span class='ocrx_word' id='word_1_563' title='bbox 378 5767 412 5811; x_wconf 80' lang='lat' dir='ltr'>n.</span> <span class='ocrx_word' id='word_1_564' title='bbox 429 5747 460 5808; x_wconf 89' lang='grc'>2.</span> <span class='ocrx_word' id='word_1_565' title='bbox 1400 5737 1458 5822; x_wconf 85' lang='grc' dir='ltr'>(Β.</span> <span class='ocrx_word' id='word_1_566' title='bbox 1475 5737 1575 5816; x_wconf 59' lang='lat' dir='ltr'>deest·</span> <span class='ocrx_word' id='word_1_567' title='bbox 1597 5736 1636 5801; x_wconf 89' lang='lat' dir='ltr'>P.</span> <span class='ocrx_word' id='word_1_568' title='bbox 1652 5737 1761 5818; x_wconf 80' lang='lat' dir='ltr'>deest.)</span> 
     </span>
    </p>
   </div>
   <div class='ocr_carea' id='block_1_14' title="bbox 0 0 2322 6436">
    <p class='ocr_par' dir='ltr' id='par_1_19' title="bbox 0 0 2322 6436">
     <span class='ocr_line' id='line_1_50' title="bbox 0 0 2322 6436; baseline 0 2"><span class='ocrx_word' id='word_1_569' title='bbox 0 0 2322 6436; x_wconf 95' lang='lat' dir='ltr'> </span> 
     </span>
    </p>
   </div>
  </div>
 </body>
</html>
