4568 6434
374 442 638 498 ADDITAMENTA
659 444 708 498 Au
726 444 971 501 CAPITULARIA
991 445 1120 501 REGUM
1140 445 1325 501 susumus
1343 445 1574 502 ORIENTALIS.
1594 475 1626 486 -
1646 446 1695 501 Νι.
1707 444 1766 502 252.
1820 448 1883 512 209

290 615 449 682 XXXVI.
473 619 524 684 De
549 639 597 697 ee,
622 620 648 683 si
673 618 737 684 duo
761 621 879 685 fratres
905 621 1001 686 simul
1028 619 1177 685 arborem
1209 619 1405 686 succiderint
1435 627 1468 685 et
1497 619 1635 686 cadente
1660 620 1774 685 arbore
1799 640 1882 683 unus
1901 633 1960 690 895.

542 743 655 787 eorum
680 723 871 788 interiectus
894 723 1000 790 luerit.
1028 769 1029 774 .

278 822 453 891 XXXVII.
478 826 529 892 De
552 827 699 906 muliere,
723 827 814 891 cuius
838 827 944 892 infans
968 828 1077 914 aliquo
1102 850 1180 894 casu
1205 835 1336 915 propter
1358 828 1600 914 neglegentiam
1624 827 1694 892 eius
1719 827 1861 892 moritur.

258 925 451 992 XXXVIII.
476 929 511 995 Si
534 931 606 1016 quis
629 929 713 996 liber
735 928 885 995 libertam
909 930 1049 1008 duxerit,
1073 931 1211 1002 ulterius
1234 931 1357 996 hebere
1380 931 1524 998 debebit.

226 1047 238 1083 ⁵
293 1029 450 1098 XXXIX.
477 1033 509 1099 Si
534 1034 605 1120 quis
630 1034 847 1120 alienigenam
870 1035 901 1098 in
925 1035 1166 1100 matrimonium
1190 1034 1332 1114 duxerit,
1355 1034 1478 1100 habere
1502 1033 1645 1099 debebit.

383 1136 454 1204 XL.
478 1136 529 1202 De
557 1158 606 1217 eo,
637 1136 875 1224 quodquidam
899 1159 1034 1202 uxorem
1059 1138 1192 1203 alterius
1221 1139 1351 1203 vivente
1384 1159 1422 1204 eo
1449 1137 1673 1224 constupravit
1695 1145 1728 1201 et
1752 1139 1884 1222 insuper

542 1243 725 1306 iuramento
750 1241 953 1308 confirmavit
976 1263 1015 1307 eo
1039 1243 1198 1308 moriente
1222 1244 1395 1328 coniugem
1419 1265 1492 1308 eam
1515 1242 1678 1328 accipere.

365 1343 457 1411 XLI.
478 1345 528 1409 De
552 1367 607 1424 eo,
641 1346 667 1410 si
693 1346 765 1431 quis
789 1345 919 1412 duxerit
941 1368 1078 1413 uxorem
1103 1354 1135 1412 et
1158 1346 1373 1413 concumbere
1398 1368 1461 1412 non
1486 1350 1600 1414 valens
1624 1369 1697 1412 curn
1721 1369 1760 1411 ea
1783 1346 1885 1409 irater

543 1449 613 1514 eius
637 1449 721 1514 clam
745 1449 918 1514 violaverit
940 1450 1038 1514 illam.

215 1565 241 1604 ¹⁰
352 1549 458 1617 XLII.
484 1552 517 1616 si
542 1553 612 1638 quis
636 1553 675 1616 de
698 1574 763 1618 uno
787 1553 819 1617 in
838 1553 937 1618 alium
955 1555 1167 1640 transmigrat
1188 1555 1412 1641 episcopatum
1437 1561 1470 1620 et
1493 1555 1770 1639 consanguineam
1792 1575 1883 1618 suam

542 1656 695 1742 polluerit
718 1656 770 1721 vel
792 1655 924 1742 aliquod
949 1657 1071 1721 crimen
1095 1658 1302 1723 commiserit.

334 1758 456 1825 XLIII.
481 1759 514 1824 Si
539 1761 611 1846 quis
636 1782 708 1825 cum
725 1760 873 1847 qualibet
888 1761 1067 1826 fornicatus
1084 1763 1183 1828 luerit
1206 1770 1239 1828 et
1262 1783 1301 1827 eo
1318 1763 1486 1828 nesciente
1510 1762 1595 1826 filius
1620 1763 1690 1828 eius
1716 1762 1766 1826 rel
1783 1763 1884 1825 lrater

541 1865 664 1929 inscius
686 1865 856 1930 violaverit
878 1865 978 1930 illam.

335 1966 455 2032 XLIV.
479 1968 513 2033 Si
544 1970 616 2053 quis
649 1990 722 2034 cum
754 1969 886 2055 aliquak
923 1969 1101 2036 fornicatus
1136 1971 1235 2036 luerit
1271 1976 1304 2036 et
1341 1971 1443 2035 frater
1474 1969 1545 2034 eius
1583 1969 1716 2054 ignarus
1751 1967 1884 2032 duxerit

542 2073 631 2137 illam
655 2095 800 2138 uxorem.

350 2173 452 2239 XLV.
477 2174 511 2238 Si
535 2176 605 2260 quis
629 2196 702 2240 eum
726 2177 853 2242 duabus
877 2177 1044 2242 sororibus
1067 2179 1167 2242 fuerit
1190 2177 1344 2263 pollutus.

332 2277 452 2343 XLVI.
478 2278 511 2343 si
535 2279 626 2348 euius
643 2300 727 2344 uxor
743 2288 954 2368 constuprata
970 2282 1067 2346 luerit
1090 2287 1123 2345 et
1144 2289 1318 2367 propterea
1339 2281 1473 2346 maritus
1489 2281 1628 2366 perdere
1646 2280 1734 2344 illam
1758 2279 1881 2344 machi-

542 2383 680 2449 neverit.

315 2486 452 2552 XLVII.
477 2486 512 2551 si
540 2487 612 2573 quis
642 2487 820 2574 spiritalem
845 2488 944 2553 habet
967 2494 1181 2574 compatrem,
1218 2489 1309 2554 euius
1339 2509 1424 2553 uxor
1447 2495 1625 2554 commater
1648 2510 1711 2553 non
1740 2497 1807 2565 est,
1842 2509 1881 2552 eo

215 2605 241 2645 2⁰
542 2591 695 2657 defuncto
720 2593 790 2657 eius
814 2592 942 2657 viduam
967 2592 1044 2656 licet
1068 2593 1097 2656 ei
1121 2591 1240 2658 ducere
1264 2613 1409 2676 uxorem.

297 2693 455 2761 XLVIII.
478 2695 529 2762 De
554 2718 604 2776 eo,
628 2696 750 2781 siquis
773 2718 852 2762 suae
876 2695 1031 2782 spiritalis
1055 2697 1241 2762 commatris
1265 2697 1364 2762 liliam
1388 2696 1519 2762 duxerit
1541 2716 1687 2762 uxorem.

330 2798 453 2864 XLIX.
477 2799 529 2865 De
552 2801 612 2881 his,
636 2801 746 2886 quiin
770 2800 929 2865 adulterio
951 2800 1035 2865 filios
1057 2809 1250 2885 genuerunt,
1274 2807 1310 2865 ut
1332 2801 1462 2866 omnino
1486 2807 1687 2886 separentur.

413 2903 452 2968 L.
476 2902 527 2969 De
552 2926 608 2985 eo,
631 2904 658 2968 si
681 2903 754 2991 quis
778 2904 919 2989 aliquem
948 2925 1006 2990 per
1037 2903 1231 2968 inlusionem
1254 2925 1275 2967 a
1297 2910 1387 2968 recta
1418 2902 1482 2968 lide
1513 2902 1710 2968 subverterit
1733 2903 1785 2968 vel
1808 2923 1882 2989 per-

543 3007 672 3088 diderit,
695 3015 732 3072 ut
753 3007 928 3094 dupliciter
951 3007 1114 3093 puniatur.

398 3112 454 3180 LI.
476 3112 527 3178 De
552 3133 602 3190 eo,
626 3113 652 3176 si
677 3111 749 3196 quis
774 3133 845 3176 eum
871 3131 972 3176 uxore
996 3112 1131 3177 alterius
1155 3113 1285 3176 vivente
1309 3132 1348 3176 eo
1372 3110 1548 3176 fornicatus
1572 3110 1679 3176 luerit.

378 3218 453 3283 LII.
476 3217 528 3283 De
551 3215 735 3283 homicidiis
758 3238 821 3281 non
846 3223 963 3303 sponte
988 3216 1179 3280 commissis.

357 3321 450 3390 LIII.
473 3321 524 3386 Dc
548 3343 597 3402 eo,
621 3322 648 3385 si
671 3321 743 3406 quis
766 3321 868 3385 lilium
892 3341 986 3386 auum
1010 3343 1074 3384 non
1098 3325 1224 3406 sponte,
1249 3320 1307 3384 scd
1331 3341 1409 3385 casu
1433 3320 1644 3404 contingente
1670 3318 1838 3384 occiderit.

364 3424 450 3491 LIV.
473 3424 525 3491 Do
549 3425 609 3504 his,
634 3425 688 3510 qui
713 3425 894 3490 voluntarie
917 3423 1127 3490 homicidium
1151 3424 1298 3490 fecerint.

381 3528 451 3597 LV.
475 3528 527 3594 De
551 3529 754 3614 poenitentia
776 3527 838 3592 XL
861 3528 994 3594 dierum.

366 3633 453 3699 LVI.
478 3633 559 3697 Post
580 3631 641 3697 XL
665 3631 735 3698 dies
760 3634 962 3718 poenitentia
985 3633 1079 3719 primi
1102 3632 1189 3700 anni.

347 3736 453 3801 LVII.
476 3736 684 3801 Poenitentia
707 3735 841 3801 secundi
866 3742 899 3801 et
922 3736 1010 3801 tertii
1035 3737 1120 3801 anni.

329 3839 453 3906 LVIII.
476 3839 685 3906 Poenitentia
705 3840 822 3925 quarti,
846 3841 960 3925 quinti,
984 3841 1069 3904 sexti
1093 3847 1126 3904 et
1149 3841 1279 3926 septimi
1303 3839 1389 3904 anni.

426 4048 459 4112 Α
480 4055 595 4124 (aaa.
613 4057 715 4123 rm
732 4055 872 4123 amum).
1249 4048 1282 4112 B
1303 4017 1727 4126 (cooperationem).

298 4151 483 4239 Incipitll
507 4152 679 4239 epistola
703 4152 1008 4238 praeloquutiva
1137 4151 1285 4238 Incipit
1307 4153 1501 4238 synodus·
1524 4149 1625 4238 apud
1648 4150 1838 4216 Triburas

213 4267 238 4306 ³⁵
375 4256 629 4343 sequentium
653 4256 926 4341 capitulorum.
1416 4255 1560 4320 habita.

300 4377 409 4442 Cumm
433 4385 561 4443 constet
590 4376 741 4442 omnibus
768 4375 911 4440 divinam
934 4375 1042 4461 legem
1139 4376 1220 4443 Cum
1243 4379 1276 4442 in
1300 4377 1429 4442 nomine
1449 4382 1563 4442 sancte
1586 4381 1620 4441 et
1638 4373 1803 4440 individue
1822 4376 1879 4439 tri·

257 4481 471 4562 tractantibus
488 4487 562 4568 post
579 4480 750 4566 evangelia
767 4488 800 4544 et
815 4478 1043 4565 limpidissima
1095 4483 1207 4547 nitatis
1237 4481 1491 4568 gloriosissimus
1523 4500 1582 4544 rex
1610 4478 1765 4543 Arnolfus
1794 4499 1880 4542 anno

258 4583 331 4648 novi
345 4585 533 4650 testamenti
545 4585 669 4650 fluenta
681 4582 851 4649 beatorum
864 4583 1041 4647 canonibus
1094 4585 1325 4650 incarnationis
1364 4582 1496 4647 Domini
1534 4579 1755 4660 DCOCXOV‚
1794 4603 1879 4646 enno

257 4680 497 4774 apostolorum2
529 4698 562 4754 et
591 4696 776 4754 sanctorum
804 4693 931 4773 patrum
954 4687 1041 4773 apud
1094 4710 1172 4752 uero
1211 4687 1301 4774 regni
1341 4688 1412 4752 eius
1438 4685 1535 4765 VIII,
1575 4684 1751 4751 indictione
1784 4686 1879 4766 xssl,

213 4797 239 4836 ⁴⁰
256 4785 411 4858 Niceam3
433 4791 598 4857 Bithiniae
623 4799 893 4878 congregatorum
923 4791 1041 4855 consti·
1096 4791 1156 4856 snb
1180 4791 1233 4856 die
1256 4790 1299 4855 ll.
1323 4790 1408 4855 Non.
1439 4789 1514 4856 Mai.
1544 4789 1723 4874 inspirante
1746 4790 1880 4875 benigni

257 4896 335 4961 tutis
359 4917 420 4961 nee
449 4917 513 4961 non
540 4905 573 4962 et
600 4896 851 4982 apostolicorum
873 4895 1041 4959 Romanae
1095 4896 1195 4961 Ihesu
1219 4894 1392 4959 clementia
1415 4899 1448 4957 et
1471 4892 1645 4979 primatum
1664 4915 1795 4958 suorum
1819 4895 1878 4959 hu·

359 5071 383 5134 ³)
403 5069 437 5122 In
454 5067 508 5122 eod.
522 5068 611 5122 Puris.
629 5069 692 5122 leuce
709 5067 784 5122 uerbo
799 5067 945 5135 praemisso
961 5073 1038 5120 curu:
1064 5067 1140 5121 Hace
1159 5066 1285 5138 capitula
1303 5064 1435 5120 instituta
1453 5064 1571 5120 suntad
1591 5065 1748 5120 Triburiam
1767 5065 1802 5118 ab
1822 5065 1880 5135 epi·

257 5155 347 5226 scopis
360 5155 446 5218 xxu.
465 5171 534 5224 quos
551 5154 619 5209 feeit
631 5153 777 5209 convenire
791 5153 921 5208 Arnolfus
935 5171 981 5207 rex
994 5171 1068 5208 anno
1080 5151 1281 5208 incarnationis
1294 5151 1404 5207 Domini
1419 5152 1506 5208 nostri
1519 5151 1581 5206 lesu
1594 5151 1695 5207 Christi
1708 5151 1880 5218 DCCCXCV‚

257 5259 331 5297 anno
348 5242 426 5313 regni
445 5241 488 5295 eni
502 5241 580 5302 vlll.
601 5240 755 5295 indictione
774 5239 853 5302 Xlll,
874 5239 924 5292 sub
941 5239 986 5294 die
1010 5239 1044 5298 ΙΙ,
1059 5239 1131 5294 Non.
1148 5239 1214 5292 Mai.
1256 5237 1295 5293 De
1313 5238 1433 5307 quodam
1456 5237 1611 5310 presbitero
1630 5241 1777 5293 excaecato
1798 5241 1827 5292 et
1847 5238 1880 5294 de

214 5353 239 5392 ts
256 5328 502 5387 excommunicatis
520 5327 653 5384 sinodalis
669 5327 863 5396 interrogatio.

360 5495 393 5546 A.
411 5495 440 5560 k)
458 5496 574 5563 qualibet
592 5493 614 5546 1.
634 5491 657 5545 ³.
746 5495 765 5560 1)
784 5495 878 5562 Incipit
894 5495 1002 5561 epistola
1021 5496 1194 5548 'triburiensis
1213 5496 1315 5548 concilii
1333 5493 1357 5546 2.
1446 5493 1481 5558 m)
1501 5496 1569 5546 Dum
1588 5501 1689 5547 conant
1707 5492 1730 5546 4.

360 5582 392 5634 B.
411 5578 439 5648 a)
457 5582 555 5649 syndus
573 5581 654 5634 Dicas.
1094 5597 1096 5601 ·

360 5745 388 5812 a)
408 5742 464 5810 cfr.
484 5741 550 5797 can.
567 5747 650 5811 apoc.
667 5759 688 5797 ο.
706 5743 748 5799 45.
760 5741 803 5810 re,
822 5742 956 5811 nacor,
973 5745 1020 5798 cu.
1034 5746 1076 5800 as.
1170 5743 1198 5811 a)
1218 5742 1297 5798 conc.
1311 5741 1375 5798 ne.
1387 5757 1408 5796 e.
1424 5741 1462 5796 re.
1483 5739 1535 5794 ror
1555 5739 1651 5795 uranu
1662 5741 1702 5809 11,
1721 5743 1769 5798 σοι.
1782 5744 1879 5812 eamq.

361 5856 397 5895 m..
417 5853 627 5893 carmennum
1639 5835 1673 5889 27
