4560 6426
439 461 500 521 306
597 456 841 510 carmennum
863 457 990 511 REGUM
1010 457 1195 512 Fltlle'lAli
1214 457 1476 512 OUGIDEN'PALIS
1494 457 1642 526 (annom
1660 459 1703 524 11).
1722 490 1755 498 —-
1774 458 1821 510 Nr.
1834 458 1893 511 272.

360 637 419 692 862.
439 634 506 696 suis
530 633 637 696 socius
662 653 733 696 csse
758 631 919 717 despexit,
943 631 983 695 dc
1009 632 1100 696 coelo
1125 633 1253 712 cecidit,
1277 634 1322 696 ita
1346 639 1378 695 et
1400 633 1457 710 illi,
1481 632 1535 717 qui
1551 633 1706 718 potestati
1730 654 1749 695 a
1771 631 1843 696 Deo
1861 633 2058 696 constitutae

436 742 569 821 propter
592 734 698 799 Deum
723 745 756 800 et
779 736 811 798 in
828 733 899 798 Dco
924 736 1064 800 subiecti
1088 759 1161 802 csse
1185 738 1299 801 nolunt
1322 744 1356 800 ct
1372 759 1469 821 paros
1487 738 1538 800 vcl
1554 736 1748 822 coaequales
1771 737 1805 799 in
1820 757 1921 819 regno
1939 735 2058 798 habere

436 861 499 904 non
523 839 694 916 sufferunt,
718 860 776 924 per
800 859 897 924 quam
921 838 1063 902 debitam
1088 840 1323 904 subiectionem
1347 848 1380 904 ct
1404 840 1539 924 parilem
1563 839 1794 924 aequalitatem
1818 839 1882 903 Dei
1906 840 2002 902 amici
2028 845 2060 902 et

435 942 626 1027 angolorum
653 948 822 1006 consortes
853 962 928 1005 esse
957 949 1124 1026 poterant,
1161 943 1300 1008 subiecti
1329 943 1458 1007 diabolo
1489 943 1537 1007 etr
1564 943 1627 1006 Dei
1655 943 1776 1006 inimici
1809 943 2057 1007 constituuntur.

436 1046 642 1132 Quapropter
665 1046 705 1110 de
730 1045 858 1110 diabolo
882 1047 1037 1131 scriptum
1061 1052 1125 1112 est:
1150 1038 1274 1133 Ἱροοῖ2
1296 1054 1344 1111 est
1366 1068 1426 1110 rex
1451 1067 1548 1130 super
1570 1047 1740 1112 universos
1757 1046 1840 1110 filios
1858 1043 2058 1132 superbiac;’
2090 1061 2102 1098 ⁵

436 1157 469 1214 ct
491 1135 579 1214 illius
603 1151 760 1214 subiectis
784 1149 959 1227 Dominus,
993 1141 1126 1235 ‘apud23
1149 1173 1246 1235 quem
1273 1173 1337 1214 non
1366 1159 1417 1215 cst
1445 1150 1676 1214 vicissitudinis
1706 1147 1931 1230 obumbratio',
1956 1171 2058 1235 quan·

435 1254 488 1318 diu
513 1254 544 1318 in
574 1254 645 1339 ipso
675 1254 761 1317 malo
791 1259 1017 1338 perseverant,
1052 1273 1180 1338 semper
1208 1255 1240 1317 in
1265 1254 1433 1338 evangelio
1456 1254 1550 1318 dicit:
1589 1244 1702 1318 ‘Vos'24
1733 1277 1775 1318 cx
1802 1260 1894 1340 patre
1929 1253 2058 1317 diabolo

436 1355 539 1428 estis?
563 1379 627 1420 non
650 1357 726 1442 quia
748 1379 767 1420 a
791 1355 918 1420 diabolo
943 1357 1008 1418 sint
1037 1355 1112 1419 laeti
1142 1363 1199 1420 aut
1227 1357 1392 1441 generati,
1424 1355 1480 1420 sed
1511 1357 1585 1441 quia
1616 1356 1783 1421 diabolum
1813 1363 1908 1421 suntg
1930 1357 2057 1419 imitati.

435 1461 639 1546 Reparemns
664 1482 740 1544 ergo
765 1483 822 1524 nos
847 1482 904 1546 ρον
926 1459 1159 1545 poenitentiam
1183 1467 1216 1525 et
1239 1460 1475 1524 confessionem
1500 1467 1533 1524 ct
1555 1483 1614 1546 ρον
1637 1461 1862 1546 eleemosynas
1880 1460 2056 1544 unusquis·

435 1587 497 1649 que
521 1564 698 1629 seeundum
722 1564 972 1649 possibilitatem
995 1585 1099 1638 suam;
1124 1571 1158 1628 et
1181 1572 1338 1648 quantum
1362 1566 1498 1650 quisque
1523 1587 1559 1628 se
1575 1565 1783 1650 recognoscit
1804 1586 1824 1629 a
1845 1563 1915 1628 Dec
1933 1565 2057 1627 aruisse
2078 1579 2102 1616 ¹0

434 1689 493 1753 ρον
516 1668 644 1752 culpas,
675 1673 799 1730 tantum
823 1665 913 1730 bibat
936 1667 1192 1750 compunctionis
1221 1689 1300 1731 suae
1323 1668 1482 1731 lacrimas.
1535 1668 1578 1732 Et
1609 1675 1684 1732 tunc
1717 1668 1887 1753 proficient
1914 1669 1947 1731 in
1975 1687 2061 1752 aqua

435 1773 513 1852 ista,
548 1792 628 1855 quas
655 1770 806 1849 facimus,
841 1771 1026 1848 firmitates,
1061 1769 1111 1833 sih
1145 1792 1203 1855 per
1240 1771 1323 1835 bona
1359 1793 1459 1856 opera
1492 1773 1760 1851 restruxerimus,
1795 1793 1876 1856 quas
1904 1772 1936 1835 in
1965 1771 2059 1835 nobis

436 1873 680 1939 destruxerunt⁵
704 1881 856 1958 peccata,
881 1875 1035 1937 virtutum
1059 1875 1262 1939 munitiones.
1311 1874 1402 1948 Quae
1427 1881 1460 1938 et
1484 1881 1560 1938 tunc
1583 1875 1768 1960 proficient,
1801 1877 1826 1938 si
1852 1875 1951 1955 mala,
1976 1895 2058 1961 quae

434 1980 512 2044 iecit
535 1979 607 2064 quis
629 1979 729 2063 prius,
753 1985 849 2063 prout
871 1977 1022 2061 potuerit,
1047 1976 1270 2041 emendaverit
1291 1985 1347 2041 ant
1371 1987 1463 2062 rapta
1487 1977 1643 2042 solvendo
1667 1986 1723 2042 aut
1745 2000 1806 2064 per
1821 1979 2059 2062 indulgentiam

436 2081 640 2169 deprecando
657 2079 734 2145 aut¹¹
756 2080 842 2143 mala
866 2087 977 2144 cetera
999 2100 1058 2164 per
1081 2079 1211 2164 dignam
1235 2081 1468 2166 poenitentiam
1492 2080 1665 2146 abolendo.
1709 2081 1752 2146 Et
1775 2089 1851 2145 tune
1876 2082 2057 2167 proficient,
2078 2101 2102 2139 ιο

435 2186 461 2249 si
488 2186 599 2249 inante
628 2194 687 2249 οοΒ
715 2183 919 2260 custodierit,
953 2205 994 2246 ne
1031 2183 1072 2247 de
1103 2184 1167 2248 illis
1207 2207 1243 2252 se
1268 2184 1424 2261 sordidet,
1453 2185 1493 2248 de
1521 2186 1640 2270 quibus
1672 2208 1707 2250 se
1738 2184 1950 2266 emundavit¹,
1984 2187 2060 2270 quia

436 2289 591 2375 scriptum
615 2294 681 2352 est:
707 2277 933 2366 ‘lavaminila
958 2287 1069 2352 mundi
1093 2295 1208 2353 estote.
1256 2289 1394 2353 Auferte
1418 2290 1539 2353 malum
1563 2290 1797 2374 cogitationum
1812 2297 1994 2354 vestrarum
2018 2291 2059 2353 ab

435 2393 536 2456 oeulis
564 2392 662 2472 meis,
690 2391 767 2455 dieit
793 2390 963 2455 Dominus.
1011 2391 1178 2464 Quieseits
1202 2411 1302 2474 agere
1325 2415 1491 2478 perverse,
1514 2393 1629 2458 discite
1654 2393 1878 2470 benefacere?
1907 2394 1983 2478 qnia
2006 2396 2060 2479 qui

436 2516 471 2559 se
499 2495 593 2559 bonis
621 2495 775 2580 operibns
804 2501 837 2559 et
866 2495 1006 2558 lacrimis
1041 2503 1074 2560 et
1111 2495 1310 2560 orationibus
1343 2518 1362 2560 a
1396 2504 1531 2582 peceato
1569 2499 1703 2562 mundat
1731 2504 1764 2562 et
1798 2498 1915 2561 iterum
1949 2499 2061 2581 gravia

436 2606 573 2686 peccata
596 2603 777 2685 perpetrat,
807 2598 880 2662 talis
905 2606 969 2678 est,
997 2605 1034 2662 ut
1057 2607 1187 2663 sanctus
1211 2591 1366 2664 Ροῐνιιο26
1389 2599 1480 2679 dicit,
1515 2601 1598 2666 sicut
1627 2611 1782 2688 poreusm,
1806 2602 1860 2686 qui
1890 2623 1924 2665 se
1947 2601 2059 2664 lavat¹¹
2078 2621 2105 2659 ro

435 2705 467 2768 in
490 2703 574 2780 luto,
604 2708 637 2766 et
667 2703 751 2766 sicut
774 2701 879 2780 canis,
908 2702 963 2787 qni
996 2702 1207 2767 remanducat
1229 2703 1384 2766 vomitum
1413 2724 1525 2784 suurn,
1560 2711 1593 2768 et
1626 2705 1740 2769 timere
1767 2703 1882 2784 debet,
1906 2725 1947 2768 ne
1970 2705 2060 2789 ipsas

435 2806 585 2871 lacrimas
614 2807 647 2870 in
677 2812 853 2890 conspectu
881 2805 943 2870 Dei
974 2805 1089 2869 reddat
1116 2805 1315 2884 immundas,
1351 2828 1410 2892 ρον
1438 2827 1518 2892 quas
1546 2807 1693 2871 mundari
1725 2808 1831 2892 potuit
1858 2829 1877 2871 a
1905 2810 2060 2893 peccatis.

436 2909 527 2982 Quae
551 2930 615 2973 non
640 2909 786 2984 dicimus,
810 2915 855 2986 ut,
879 2909 906 2971 si
928 2909 1044 2972 iterum
1070 2908 1185 2994 aliquis
1203 2909 1357 2973 ceciderit
1381 2916 1455 2995 post
1479 2911 1718 2974 confessionem
1735 2912 1768 2974 in
1784 2917 1988 2995 peecatum0,
2011 2911 2064 2974 utf

435 3015 467 3078 in
491 3014 633 3099 pcccatis
657 3013 749 3098 quasi
773 3011 964 3097 desperatus
987 3012 1110 3090 iaceat,
1142 3011 1199 3076 sed
1228 3019 1264 3076 nt
1295 3014 1501 3098 apeccatis,
1530 3021 1687 3098 quantum
1714 3022 1841 3100 potest,
1874 3037 1909 3080 se
1934 3023 2059 3080 caveat.

406 3137 408 3141 ·
435 3118 478 3182 Et
502 3119 530 3180 si
553 3117 730 3201 fragilitate
754 3115 926 3194 occiderit,
958 3115 1033 3198 quia
1062 3115 1217 3200 scriptum
1248 3123 1310 3181 est:
1346 3109 1569 3202 ‘Numquidlt
1594 3120 1648 3202 qui
1671 3118 1790 3199 eadit1',
1823 3140 1887 3183 non
1917 3117 2061 3197 adiiciet,
2081 3141 2105 3180 a

436 3229 471 3286 ut
495 3216 676 3304 resurgatt’
699 3218 800 3282 dicat:
831 3208 972 3282 ‘naneti
1001 3217 1116 3303 coepi',
1145 3228 1179 3283 et
1211 3241 1270 3305 per
1298 3216 1559 3286 immutationem
1589 3222 1747 3287 dexterae
1778 3223 1900 3286 excelsi
1932 3243 2063 3308 semper

435 3347 495 3410 per
517 3324 752 3411 poenitentiam
776 3329 943 3407 resurgat,
974 3342 1015 3386 ne
1050 3321 1141 3385 illum
1171 3322 1305 3387 ultimus
1334 3322 1405 3389 dies
1433 3325 1465 3388 in
1495 3327 1638 3410 peccatis
1667 3325 1812 3392 inveniat
1841 3333 1874 3390 et
1905 3327 1975 3391 sine
1999 3325 2062 3389 fine

437 3427 581 3514 perditus
604 3429 670 3492 fiat.

545 3536 574 3596 2.
609 3531 714 3612 Unde,
739 3531 814 3615 quia
838 3530 942 3594 solent
958 3529 1086 3610 medici,
1112 3531 1240 3616 quando
1256 3532 1442 3617 generalisq
1465 3531 1653 3596 infirmitasr
1669 3534 1721 3598 vel
1735 3534 1868 3598 morbus
1892 3535 2063 3599 interram

439 3637 536 3716 veuit,
560 3637 748 3721 generalem
770 3633 964 3698 medicinam
989 3635 1164 3714 conficere,
1193 3635 1278 3699 unde
1302 3656 1414 3699 omnes
1439 3636 1564 3721 possint
1588 3637 1714 3716 sanari,
1740 3638 1786 3701 ita
1809 3659 1893 3701 nunc
1917 3659 2060 3702 commu·
2081 3669 2106 3706 so

437 3742 523 3805 niter
546 3740 629 3804 hanc
658 3739 855 3802 medicinam
884 3747 1076 3823 cooperante
1100 3746 1133 3802 et
1157 3739 1337 3804 mediantc³
1364 3739 1503 3803 Domino
1531 3740 1703 3804 statuimus
1732 3741 1773 3804 ad
1803 3739 2061 3826 recuperandam

438 3853 472 3909 ct
494 3842 749 3908 conservandam
782 3843 953 3906 sanitatem
982 3847 1141 3920 nostram,
1169 3863 1211 3906 ne
1240 3849 1274 3906 et
1303 3842 1335 3905 iu
1365 3843 1426 3905 isto
1460 3843 1572 3907 seculo
1603 3844 1732 3926 gravius
1763 3843 1949 3928 affligamur
1973 3850 2006 3907 et
2029 3843 2062 3906 in

437 3952 546 4015 futuro
571 3947 693 4026 seculo,
721 3946 850 4031 qnando
884 3945 924 4010 de
958 3946 1020 4009 isto
1045 3966 1180 4031 corpore
1211 3947 1401 4026 exierimus,
1433 3947 1575 4011 aeternis
1604 3948 1773 4011 tormentis
1803 3949 2001 4012 cruciemur:
2029 3946 2062 4010 id

440 4062 500 4132 est,
523 4043 594 4117 ut2⁰
623 4052 847 4136 unusquisque
877 4050 1048 4135 episcopus
1079 4052 1112 4114 in
1146 4072 1204 4114 sua
1228 4052 1382 4137 parochia
1412 4057 1445 4114 et
1475 4051 1566 4114 missi
1595 4051 1628 4114 in
1660 4052 1788 4116 illorum
1824 4052 1997 4117 missaticis
2029 4057 2064 4116 et

440 4159 574 4223 comites
598 4158 630 4221 in
652 4156 780 4220 illorum
798 4153 1004 4220 comitatibus
1027 4176 1099 4218 eum
1117 4157 1257 4220 maximo
1274 4154 1381 4219 studio
1406 4161 1439 4219 et
1455 4176 1580 4220 summa
1596 4154 1767 4239 diligentia
1783 4177 1892 4219 curam
1909 4154 2062 4234 habeant,
2081 4189 2106 4227 ³5

439 4269 492 4340 ut,
521 4261 704 4346 quicunque
732 4265 880 4345 raptores
911 4267 944 4322 et
971 4257 1241 4342 depraedatorest
1269 4259 1336 4322 ibiu
1366 4264 1457 4338 sunt,
1486 4259 1706 4344 cuiuscunque
1739 4260 1888 4323 homines
1919 4259 1997 4338 sint,
2021 4258 2062 4322 ad

439 4367 598 4430 rationem
623 4363 834 4443 deducantur,
857 4370 912 4426 utv
936 4361 1115 4426 seeundum
1137 4362 1245 4447 legem
1269 4382 1352 4446 quae
1376 4363 1421 4426 ibi
1446 4363 1531 4426 male
1556 4361 1644 4424 faeta
1668 4361 1791 4426 habent
1808 4361 1982 4426 emendent
2004 4368 2063 4426 aut

440 4471 568 4534 solvant
592 4467 770 4533 secundum
793 4467 899 4551 legale
924 4466 1079 4551 placitum
1101 4472 1158 4529 aut
1181 4487 1238 4550 per
1262 4465 1498 4550 indulgentiam
1521 4464 1582 4527 sibi
1599 4464 1776 4550 impetrent
1790 4464 1974 4550 perdonari.
2019 4463 2063 4528 m

440 4573 584 4660 episcopi
613 4571 792 4636 secundum
827 4569 1019 4656 qualitatem
1053 4577 1085 4632 et
1115 4569 1328 4653 quantitatem
1364 4573 1574 4652 peccatorum
1606 4570 1731 4652 absque
1768 4569 1958 4654 acceptione
1986 4589 2061 4652 per-

441 4697 593 4742 sonarum
616 4674 786 4760 rapacibus
814 4681 847 4736 et
875 4673 926 4736 his
955 4670 1113 4736 similibus
1143 4671 1231 4734 vitiis
1262 4671 1435 4735 nominatis
1469 4677 1502 4736 et
1530 4671 1686 4735 convictis
1714 4672 1936 4756 poenitentiae
1968 4672 2107 4756 legasse

440 4782 612 4864 iniungant
635 4780 784 4864 inspecta
799 4776 994 4841 discretione
1018 4782 1051 4839 et
1073 4775 1250 4859 qualitate,
1272 4781 1368 4860 prout
1384 4776 1501 4860 cuique
1525 4772 1566 4838 ad
1583 4775 1721 4838 salutem
1739 4776 1879 4840 viderint
1895 4775 2061 4862 expedire.

440 4885 492 4950 Ad
509 4905 592 4969 quas
616 4881 802 4967 specialiter
823 4878 1018 4964 exequenda
1034 4877 1194 4964 quaedam
1223 4878 1262 4942 de
1289 4879 1437 4964 pluribus
1461 4879 1613 4964 capitulis
1635 4877 1929 4963 praedeeessorum
1950 4900 2061 4964 regum

442 4995 475 5053 et
491 4987 695 5073 synodalium
718 4987 769 5050 hic
792 5005 914 5071 ponere
935 4982 1068 5067 dignum
1093 4987 1148 5046 et⁸
1172 4983 1416 5047 necessariumss
1438 4982 1591 5046 duximus
1616 4988 1861 5046 commonentes
1878 4984 2061 5070 episcopos,

544 5189 571 5254 s)
591 5205 639 5240 ora.
658 5188 682 5240 5.
758 5187 786 5252 g)
806 5203 855 5236 om.
873 5183 898 5236 5.
910 5182 935 5234 6.
1048 5183 1075 5246 b)
1094 5184 1116 5234 si
1134 5184 1201 5233 boun
1219 5183 1419 5236 destruxerimus
1437 5183 1455 5236 2
1462 5203 1469 5246 ;
1488 5184 1511 5235 si
1528 5184 1609 5236 bonas
1626 5189 1697 5234 restr.
1711 5181 1734 5235 5.
1813 5183 1832 5248 i)
1849 5185 2025 5236 distraxerunt
2038 5183 2062 5236 6.

441 5275 470 5342 Ιν)
489 5281 566 5341 atque
584 5272 608 5327 6.
694 5269 713 5336 Ι)
732 5273 876 5326 emandavit
893 5269 917 5322 5.
931 5270 954 5322 a.
1042 5268 1078 5332 m)
1097 5287 1141 5320 sus
1159 5285 1226 5334 quae
1244 5267 1268 5320 6.
1362 5269 1390 5333 n)
1410 5271 1487 5322 iactat
1505 5269 1529 5322 2.
1542 5269 1566 5322 5.
1580 5269 1604 5322 6.
1692 5269 1719 5336 ο)
1737 5272 1849 5338 peccatis
1867 5269 1892 5323 6.
1979 5271 2006 5338 ρ)
2025 5272 2062 5322 ita
2078 5281 2103 5321 aa

441 5364 529 5424 codd.;
551 5363 643 5414 dormit
660 5361 727 5412 Bihl.
825 5356 853 5423 q)
871 5375 967 5425 genera
989 5358 1165 5408 infirmitatum
1189 5354 1213 5408 2.
1227 5354 1251 5407 6.
1353 5357 1376 5421 ν)
1396 5359 1531 5410 infirmitas
1548 5359 1589 5409 vel
1608 5373 1655 5409 om.
1674 5355 1699 5409 3.
1711 5355 1736 5411 4.
1835 5360 1857 5422 s)
1876 5358 2019 5410 medicante
2037 5357 2061 5410 5.

441 5452 462 5515 t)
479 5450 642 5519 praedatores
660 5447 684 5500 6.
770 5446 800 5511 u)
819 5447 865 5498 ubi
882 5441 906 5498 5.
920 5445 943 5498 6.
1032 5444 1058 5509 v)
1077 5451 1103 5496 et
1120 5445 1145 5496 5.
1163 5443 1188 5496 6.

545 5629 590 5695 22)
609 5625 657 5680 lob
674 5625 768 5693 41,25.
850 5625 894 5690 23)
913 5623 1058 5690 Ιοο.1,17.
1140 5623 1184 5690 24)
1204 5622 1348 5690 Ionam.
1427 5624 1471 5690 25)
1491 5623 1567 5678 Erat.
1590 5625 1663 5690 1,16.
1684 5625 1724 5678 17.
1804 5623 1848 5688 26)
1867 5621 2062 5690 arenata.

442 5735 486 5802 2ῐ)
507 5733 603 5786 Parcior.
616 5731 659 5799 40,
669 5731 694 5784 9.
781 5729 825 5796 28)
844 5726 913 5782 Ibr'd.
933 5728 1025 5792 vall.
1112 5728 1156 5794 29)
1176 5725 1232 5794 Ofr.
1253 5725 1316 5794 Cap.
1338 5725 1466 5780 Carietes.
1485 5727 1544 5794 857,
1563 5743 1649 5794 sopra
1663 5745 1693 5796 ρ.
1705 5729 1765 5794 286,
1784 5743 1807 5780 c.
1821 5727 1898 5781 3-5.
