4568 6420
607 482 701 538 ACTA
721 483 767 536 DE
786 482 1032 538 THEUTBERGA
1051 481 1193 538 anolus
1211 479 1352 535 lauisse.
1371 511 1404 521 -
1423 482 1472 536 Nr.
1485 482 1545 538 305.
1823 489 1888 551 465

632 657 673 720 Α.
1475 653 1517 718 Β.

369 757 448 844 Gap.
466 761 496 822 5.
533 757 594 822 (lui
622 780 682 823 nos
707 781 724 824 e
748 761 887 844 vestigio
911 780 1047 844 respon·
1100 756 1357 844 archiepiscopi,
1396 751 1616 822 Adsentius¹¹
1657 766 1691 823 et
1724 753 1888 825 uran0012

261 860 393 926 dentes:
424 859 589 939 ‘Utinam',
618 863 737 941 aimus,
761 861 932 927 ‘Dominus
953 863 1047 926 nobis
1100 861 1262 946 episcopi,
1295 860 1395 944 Hegil
1433 867 1466 926 et
1501 859 1683 946 Odelingus
1712 855 1887 928 abbater¹3

262 964 446 1040 consilium,
470 963 556 1048 quod
572 964 631 1027 tibi
648 965 809 1030 veraciter
824 972 858 1028 et
872 965 1048 1029 salubriter
1099 965 1166 1028 rive
1190 964 1246 1028 alii
1261 963 1374 1028 fideles
1392 964 1475 1028 eius.
1521 961 1646 1036 Quibus
1663 967 1771 1030 omnia
1787 989 1885 1053 supe·

229 1066 386 1144 edemus,
402 1066 620 1131 administret!
656 1066 796 1131 Tantum
819 1074 855 1131 tu
877 1068 929 1132 dic
952 1067 1045 1133 nobis
1099 1069 1166 1131 rius
1189 1069 1314 1132 inserta
1329 1067 1475 1131 referans
1490 1066 1632 1130 iubendo
1649 1069 1774 1132 monuit
1789 1091 1885 1155 prse-

258 1189 341 1254 pura
370 1176 403 1233 ct
426 1171 535 1234 ueraci
564 1177 640 1234 tuae
669 1171 887 1235 conscientiae
918 1170 1044 1234 conses—
1099 1172 1238 1255 soriptos
1263 1173 1435 1256 episcopos
1459 1178 1558 1254 atque
1583 1169 1719 1235 abbates
1743 1170 1887 1257 dirigens

259 1274 369 1349 sione,
393 1271 470 1357 quid
495 1280 560 1346 est,
589 1273 676 1337 unde
700 1275 871 1337 eonsilium
894 1278 962 1336 tam
986 1293 1044 1337 ex·
1098 1272 1139 1337 ad
1162 1272 1264 1352 illam,
1286 1281 1324 1337 ut
1346 1273 1387 1337 de
1405 1272 1574 1359 praedicta
1594 1272 1680 1336 fame
1703 1274 1789 1360 apud
1814 1297 1886 1340 earn

258 1395 377 1460 pressa
402 1375 625 1440 'obtestatione
655 1376 808 1460 requiris,
840 1377 917 1460 quia
949 1376 1045 1438 aliter
1098 1397 1228 1441 omnem
1252 1377 1299 1440 rei
1322 1377 1494 1440 veritatem
1516 1377 1757 1461 perquirerent,
1790 1379 1885 1442 sicuti

259 1477 328 1554 tibi,
353 1477 438 1563 quod
461 1479 557 1563 petis,
580 1487 749 1564 praestare
772 1499 837 1542 non
860 1499 1045 1564 possumus,
1098 1485 1132 1544 et
1152 1480 1312 1544 fecerunt.
1360 1477 1444 1542 Nam
1475 1479 1548 1564 ipsa
1578 1479 1731 1543 confessa
1759 1488 1809 1544 est
1838 1482 1886 1546 eis

217 1609 242 1647 ro
260 1581 323 1644 nisi
339 1582 386 1644 rei
400 1583 572 1646 veritatem
589 1601 815 1666 agnoscamus.
845 1581 919 1646 Hoc
935 1589 1044 1646 tamen
1098 1603 1207 1646 coram
1235 1581 1307 1646 Deo
1329 1587 1363 1645 et
1384 1581 1509 1666 angelis
1539 1583 1610 1646 eius
1637 1583 1761 1664 omnia,
1783 1605 1884 1669 quae-

259 1705 525 1769 praemonemus‚
554 1684 612 1748 tibi
636 1685 811 1769 diligenter
833 1684 1045 1771 prohibemus
1098 1705 1161 1769 quc
1183 1687 1216 1748 in
1231 1685 1288 1748 illa
1304 1693 1408 1763 erent,
1432 1705 1592 1769 omneque
1616 1695 1776 1750 secretum
1794 1689 1886 1751 iuxta

259 1786 324 1851 Dei
349 1793 382 1851 et
405 1789 743 1868 nostraauctoritate,
768 1795 804 1851 ut
827 1810 887 1852 nec
910 1788 1046 1852 alicuius
1099 1793 1245 1851 exortam
1260 1787 1379 1851 famam
1397 1788 1527 1871 penitus
1544 1790 1691 1873 aperuit⁰
1705 1790 1783 1868 illis,
1806 1791 1884 1876 ipsi-

260 1891 424 1968 suasione,
448 1891 547 1952 immo
564 1889 769 1975 deceptione,
786 1890 827 1955 ed
844 1891 926 1955 alios
943 1892 1045 1954 hono·
1098 1911 1161 1975 que
1193 1892 1317 1954 reversi
1346 1893 1579 1954 nuntiaverunt
1608 1892 1775 1977 praedicto
1806 1894 1884 1978 regi,

259 2013 311 2056 res
336 1992 473 2056 invitata
496 2013 556 2056 nec
579 1995 695 2058 timore
720 1994 897 2059 cuiuslibet
920 2015 1046 2080 poenae
1098 1992 1185 2078 quod
1225 1992 1266 2056 ad
1304 2013 1438 2056 uxorem
1476 2014 1541 2058 non
1576 1995 1692 2060 liceret
1730 2015 1801 2058 eam
1837 1996 1884 2059 illi

217 2126 242 2164 ιι
260 2096 313 2158 vel
336 2097 450 2160 mortis
477 2097 609 2180 aliquod
633 2097 690 2160 tibi
715 2099 835 2161 crimen
858 2097 942 2161 falso
967 2117 1045 2161 oon·
1098 2095 1230 2160 habere.

258 2199 363 2284 fingas
389 2208 422 2262 et
444 2221 513 2278 nos,
538 2199 624 2283 quod
647 2200 743 2280 absit,
768 2201 801 2264 in
825 2222 969 2265 errorem
994 2202 1044 2264 in·
1207 2199 1286 2284 Cap.
1308 2204 1337 2262 4.
1383 2198 1513 2263 Primus
1548 2200 1749 2266 Guntharius
1784 2202 1882 2266 dixit:

258 2301 370 2377 ducas,
402 2303 475 2380 sed,
500 2303 584 2366 sicut
606 2305 756 2388 superius
779 2305 973 2382 monuimus,
997 2304 1046 2367 rei
1097 2299 1269 2365 ‘Conicere
1292 2309 1342 2365 est
1370 2301 1442 2366 Deo
1466 2310 1500 2368 et
1522 2304 1630 2383 nobis,
1658 2304 1743 2388 quod
1767 2306 1883 2369 vulnus

258 2405 446 2482 veritatem,
470 2406 564 2470 sicuti
588 2413 724 2470 estnec
748 2406 904 2492 plusnec
928 2408 1044 2488 minus,
1098 2406 1130 2469 in
1159 2425 1194 2468 se
1232 2403 1368 2469 haberet
1400 2407 1553 2484 interius,
1588 2428 1651 2470 non
1682 2414 1793 2471 temen
1825 2429 1884 2471 sua

258 2507 397 2593 pandas,
430 2529 553 2593 nosque
586 2508 726 2573 Domino
760 2508 901 2574 donante
939 2511 1044 2576 consi·
1097 2515 1231 2593 sponte,
1266 2507 1325 2573 sed
1356 2508 1515 2573 violenter
1543 2509 1607 2573 sibi
1634 2510 1787 2590 inlatum,
1824 2532 1883 2596 pro

214 2637 241 2678 ao
258 2611 337 2675 lium
361 2617 395 2675 et
418 2612 577 2676 auxilium
601 2613 661 2676 tibi
677 2621 844 2698 praestare
861 2612 1042 2678 decertabi·
1096 2633 1160 2696 quo
1191 2611 1359 2694 indignam
1389 2631 1423 2675 se
1455 2633 1534 2676 esse
1565 2614 1695 2676 omnino
1725 2613 1883 2678 iudicavit

258 2736 338 2792 mua,
362 2721 399 2778 ut
414 2735 621 2799 nequaquam
638 2737 657 2778 a
674 2723 729 2779 tua
745 2717 868 2779 iustitia
884 2717 918 2779 in
935 2717 1044 2800 aliquo
1097 2714 1138 2778 ad
1173 2715 1318 2798 regalem
1354 2715 1422 2777 sive
1461 2716 1645 2780 maritalem
1672 2707 1784 2780 torum
1817 2719 1881 2781 iam

258 2815 483 2882 defrauderis’
1095 2817 1232 2881 ulterius
1249 2816 1408 2882 accedere
1433 2823 1465 2881 et
1487 2819 1674 2882 nullatenus
1690 2828 1801 2904 posset
1823 2841 1882 2905 pro

367 2919 493 3005 Capti.
529 2918 774 3005 ‘Nequaquam’,
799 2921 925 2996 aitilla,
950 2927 1044 2987 ‘teste
1095 2919 1264 3005 praedicto
1289 2920 1428 2998 scelere,
1461 2921 1548 3005 quod
1572 2927 1666 3007 turpe
1690 2927 1740 2986 est
1763 2922 1881 3003 dicere,

256 3025 329 3090 Deo
360 3030 393 3087 et
419 3023 549 3108 propria
578 3025 794 3104 conscientia,
828 3031 912 3090 terte
945 3027 1043 3090 etiam
1097 3022 1283 3106 coniugium
1300 3022 1459 3088 famulare
1482 3044 1556 3088 cum
1581 3045 1620 3089 eo
1637 3024 1689 3088 rel
1712 3045 1786 3088 cum
1802 3045 1881 3110 quo-

213 3155 239 3196 as
258 3149 329 3192 meo
353 3127 553 3204 confessore,
576 3132 632 3190 aut
655 3149 674 3191 a
695 3128 820 3193 dextris
844 3136 901 3192 aut
923 3149 943 3193 a
965 3130 1043 3195 sini·
1096 3125 1179 3189 libet
1202 3126 1343 3211 emplius
1368 3125 1504 3192 babere:
1540 3133 1573 3191 et
1604 3126 1677 3191 ideo
1706 3127 1882 3214 deprecata

258 3233 333 3296 stris
369 3231 462 3295 aliter
493 3227 617 3309 dicam,
659 3232 711 3295 vel
746 3233 787 3297 de
821 3254 873 3297 me
906 3233 1043 3312 fatebor,
1097 3236 1147 3294 est
1182 3229 1346 3293 licentiam
1386 3230 1447 3294 sibi
1480 3229 1551 3292 dari
1583 3229 1727 3294 mutandi
1765 3251 1880 3296 saecu-

255 3335 319 3398 nisi
350 3332 621 3417 quemadmodum
651 3335 846 3400 inveritate
871 3343 930 3401 est.
977 3337 1043 3400 Ra·
1096 3334 1199 3396 larem
1230 3331 1378 3395 habitum
1413 3337 1446 3396 et
1478 3354 1498 3396 a
1531 3332 1615 3396 virili
1651 3335 1882 3398 commixtione

256 3457 427 3522 cognosco,
451 3435 566 3520 inquit,
591 3443 623 3500 et
647 3437 687 3501 de
710 3458 762 3502 me
779 3439 850 3523 ipsa
866 3440 945 3516 scio,
968 3441 1044 3524 quia
1097 3433 1295 3512 discedendi,
1320 3435 1410 3497 nulla
1430 3435 1671 3500 interveniente
1688 3436 1800 3501 fraude
1816 3439 1881 3502 ira-

257 3560 415 3603 nonaum
443 3537 541 3622 digna
569 3539 603 3601 in
631 3541 793 3624 coniugali
823 3542 940 3626 copula
968 3563 1043 3628 per·
1097 3539 1246 3616 cundiae,
1271 3539 1371 3601 etiam
1388 3537 1439 3600 rel
1455 3539 1634 3618 voluntate,
1657 3559 1754 3623 quam
1771 3547 1883 3605 contra

212 3673 238 3712 ss
256 3663 406 3716 manere;
447 3648 481 3706 et
513 3641 588 3705 inde
623 3642 717 3706 robis
749 3651 868 3708 testem
903 3644 1042 3710 adhibeo
1097 3643 1238 3708 eundem
1261 3639 1539 3724 regemhaberet‚
1564 3640 1622 3722 scd
1645 3648 1681 3704 ut
1703 3643 1880 3708 iliadisoe-

256 3754 464 3831 praesentem
495 3747 688 3832 episcopum
719 3746 954 3822 Gunthariunr,
989 3748 1044 3812 cui
1096 3746 1195 3810 dente
1220 3745 1292 3830 ipse
1317 3744 1424 3806 animo
1448 3751 1483 3807 et
1505 3764 1641 3829 corpore
1666 3746 1828 3811 solaretur
1850 3753 1883 3810 et

256 3870 318 3933 ego
343 3850 495 3913 confessa
517 3849 579 3912 fui:
615 3851 686 3935 ipse
716 3851 802 3914 enim
830 3851 936 3928 novit,
966 3853 1043 3934 quia
1095 3851 1179 3936 ipsa,
1203 3847 1290 3932 quod
1307 3848 1417 3932 inique
1439 3847 1518 3930 egit,
1541 3867 1601 3932 per
1616 3845 1681 3912 Dei
1697 3849 1881 3913 misericor·

255 3971 317 4037 ego
346 3973 409 4015 non
440 3974 512 4016 sum
539 3951 659 4036 digna!
709 3951 802 4028 Quae
832 3954 932 4018 etiam
962 3973 1041 4016 mox
1094 3953 1181 4018 diam
1206 3959 1240 4015 et
1263 3949 1442 4014 eorundem
1465 3950 1694 4036 episcoporum
1718 3953 1881 4016 orationes

255 4077 291 4120 se
304 4061 432 4119 vertens
449 4055 612 4140 adipsum
629 4057 819 4142 episcopum
835 4055 1040 4142 implorando
1094 4055 1216 4121 deflere
1238 4049 1419 4139 potuisset’

211 4187 235 4229 a
254 4158 377 4223 aiebat:
402 4155 527 4242 ‘Rogo’,
551 4159 671 4243 inquit,
695 4161 876 4245 ‘episcopa,
900 4165 936 4222 ut
959 4160 1040 4222 istos
1202 4155 1283 4241 Cap.
1307 4160 1336 4222 5.
1377 4154 1561 4220 Adsentius
1583 4155 1679 4220 dixit:
1719 4155 1804 4220 ‘Hoc
1828 4179 1879 4221 me

253 4271 327 4326 tuos
352 4262 549 4343 confratres,
572 4262 657 4326 sicut
680 4263 798 4328 melius
822 4263 897 4343 sois,
921 4262 1041 4325 intelli·
1092 4262 1222 4326 facinus
1245 4267 1278 4324 et
1294 4261 1415 4323 factum
1432 4259 1591 4323 hactenus
1607 4259 1712 4339 latuit,
1739 4266 1772 4323 et
1787 4261 1879 4325 nefas

253 4386 331 4450 gere
364 4367 481 4446 facias,
516 4366 592 4450 quia
622 4365 669 4427 ita
697 4372 763 4445 est,
792 4365 887 4429 sicuti
917 4365 957 4430 de
989 4386 1041 4429 me
1095 4372 1146 4430 est
1168 4363 1260 4440 illud,
1283 4370 1320 4426 ut
1335 4361 1487 4446 deinceps
1502 4351 1595 4426 more
1612 4363 1710 4426 maris
1734 4368 1768 4428 et
1784 4363 1878 4426 femi-

254 4469 475 4533 teatimonium
507 4465 683 4553 perhibui.’
748 4467 808 4532 Oui
843 4476 1041 4532 memoratus
1093 4489 1157 4533 nae
1188 4467 1284 4532 simul
1314 4465 1527 4543 conveniatis,
1566 4473 1598 4529 et
1633 4467 1660 4528 si
1689 4473 1816 4546 tamen,
1844 4474 1880 4530 ut

254 4573 440 4657 episcopus:
465 4571 604 4635 ‘Bonum
621 4569 694 4651 est',
718 4571 831 4656 inquit,
855 4575 902 4634 ‘ut
917 4579 952 4634 tu
969 4573 1042 4657 ipsa
1093 4572 1184 4659 prius
1207 4568 1278 4646 fuit,
1301 4568 1393 4631 vobis
1414 4575 1504 4631 esset
1519 4568 1670 4631 amabilis
1694 4573 1727 4631 et
1750 4566 1879 4644 dilecta,

210 4703 237 4742 re
253 4675 327 4738 istis
349 4675 433 4737 meis
457 4673 685 4750 confratribus,
710 4673 795 4759 quod
818 4672 925 4738 adhuc
950 4674 1040 4755 latet,
1093 4674 1204 4738 darem
1221 4672 1315 4736 robis
1339 4671 1508 4734 consilium
1532 4670 1712 4734 secundum
1729 4672 1879 4736 ministe-

253 4779 392 4863 aperias,
409 4783 570 4861 quatenus
588 4798 629 4840 ex
647 4785 702 4841 tuo
719 4778 852 4862 proprio
868 4799 934 4856 ore,
952 4777 1040 4862 quod
1092 4778 1174 4840 rium
1190 4775 1270 4839 mihi
1288 4775 1493 4838 commissum
1507 4773 1725 4858 etprobarem
1738 4775 1878 4852 omnino,

253 4879 441 4956 diiudicent,
457 4877 614 4943 audiant.²
645 4879 689 4942 Et
705 4880 773 4944 illa:
792 4879 887 4954 ‘Quid
904 4901 1039 4944 necesse
1093 4901 1133 4944 ne
1156 4880 1296 4944 ulterius
1326 4877 1421 4942 lateri
1444 4885 1552 4941 restro
1582 4878 1763 4943 sociaretur
1786 4879 1879 4941 sicuti

253 4980 325 5060 est’,
354 4983 416 5060 ait,
450 4984 496 5046 ‘ut
518 4982 614 5046 aliter
642 4982 765 5062 dicam,
798 4983 859 5046 nisi
889 4983 973 5047 siout
1004 4990 1040 5046 tu
1092 4984 1245 5060 coniunx,
1270 4982 1328 5045 sed
1352 4983 1444 5044 iuxta
1464 4981 1655 5065 petitionem
1678 4981 1748 5046 eius
1772 4980 1878 5045 selum

252 5087 361 5150 nosti?
396 5092 529 5170 propter
552 5085 660 5149 Deum
688 5087 747 5150 tihi
778 5087 836 5166 sit,
865 5094 901 5149 ut
929 5093 965 5150 tu
989 5087 1037 5151 eis
1090 5088 1240 5172 accipere
1281 5092 1314 5150 et
1353 5083 1500 5148 habitum
1538 5092 1665 5149 mutare
1699 5084 1764 5148 hoc
1802 5105 1877 5170 per-

206 5219 233 5259 a
252 5189 444 5254 manifestes
457 5207 564 5252 meam
579 5189 823 5266 necessitatem,
839 5210 902 5275 quo
913 5190 1038 5274 pariter
1091 5186 1285 5253 mitteretis!

253 5313 325 5355 oum
343 5291 470 5355 seniore
495 5311 567 5354 meo
593 5291 670 5355 mibi
686 5293 853 5356 licentiam
870 5292 966 5372 detis,
990 5300 1037 5372 ut,
1198 5291 1275 5377 Cap.
1294 5295 1322 5356 6.
1359 5289 1515 5354 Similiter
1537 5289 1747 5372 Teotgaudus
1768 5291 1875 5355 archi-

252 5393 338 5479 quod
361 5393 527 5470 desidero,
551 5393 685 5467 saoiam;
717 5396 810 5478 quia,
834 5396 953 5480 inquit,
977 5416 1037 5481 pro
1092 5395 1266 5481 episcopus
1291 5394 1374 5457 dixit
1397 5399 1495 5477 atque
1518 5392 1694 5456 consensit.

354 5574 379 5639 c)
401 5576 522 5642 apparuit
540 5574 618 5626 Siras.

356 5737 399 5802 ιι)
419 5735 568 5790 Messa.
658 5737 701 5802 12)
724 5737 898 5807 mnaseas.
987 5737 1029 5802 re)
1050 5737 1150 5807 reses.

355 5848 395 5884 ld..
411 5846 579 5884 CAPl'l'UlaAerl
596 5847 622 5884 11.

1905 665 1965 721 860.
