4590 6428
412 448 452 508 26
631 445 897 500 ADDlTAMEN'l'A
918 446 967 499 All
992 446 1201 502 llLUDOWIGl
1224 447 1273 500 Pll
1293 448 1548 505 carmaniam.
1568 480 1600 489 -
1619 450 1667 504 Nr.
1683 451 1738 504 195.
1760 449 1817 503 196.

332 615 390 670 829.
409 616 481 686 legis
506 616 607 671 istiusk
625 615 749 671 iudicare
771 617 916 672 curabunt.
952 617 990 672 Et
1013 617 1080 687 quia
1104 618 1198 672 omnia
1219 619 1253 672 ad
1278 619 1402 687 quietem
1424 619 1549 673 omnium
1574 619 1745 688 pertinentia
1768 637 1800 673 ex
1823 621 1886 690 lege
1907 621 2040 676 convenit

411 703 565 772 provideri,
592 704 675 773 quael
702 703 815 759 omnino
843 721 940 759 causas
963 704 998 759 de
1022 705 1236 774 quibuscunque
1258 705 1353 771 rebus,
1385 722 1458 774 quae
1486 705 1561 759 intra
1588 705 1708 775 triginta
1735 723 1823 760 anuos
1850 724 1905 761 non
1933 707 2039 762 fuerint

411 789 562 856 diffinitae,
590 791 668 845 nullo
692 809 738 845 eae
762 791 938 860 postmodum
963 791 1060 846 licebit
1080 790 1178 845 ordine
1197 791 1374 845 commoveri:
1397 792 1466 861 quia
1483 791 1551 846 satis
1569 791 1721 860 unicuique
1738 793 1774 846 ad
1793 793 1990 862 requirendum
2010 796 2039 848 et

410 876 609 946 recipiendum,
628 877 702 947 quod
722 877 747 932 ei
767 878 893 932 debitum
912 877 1005 940 luerit,
1024 877 1228 946 suprascriptus
1247 894 1383 931 annorum
1402 895 1532 932 numerus
1551 880 1661 932 constat
1678 896 1759 948 posse
1777 881 1910 934 sufficere.

513 964 537 1018 2.
565 963 627 1018 Sim
654 964 727 1032 quis
755 965 911 1019 colonum
933 963 1089 1018 alienum
1116 963 1152 1016 in
1179 980 1213 1018 re
1240 981 1300 1017 sua
1327 964 1476 1034 triginta
1500 981 1604 1019 anuos
1627 964 1814 1029 habuerit,
1844 966 1917 1020 acsi
1943 985 2039 1021 suum
2069 979 2080 1017 s

409 1049 614 1104 vendicetm.
651 1051 704 1117 Qui
723 1050 746 1104 si
770 1050 843 1104 infra
866 1049 985 1120 triginta
1007 1068 1095 1105 annos
1117 1051 1249 1104 inventus
1267 1051 1365 1114 fuerit,
1389 1067 1407 1104 a
1424 1050 1537 1104 domino
1556 1067 1618 1105 cum
1637 1051 1703 1105 filiis
1721 1051 1774 1106 sibi
1793 1052 1896 1107 debitis
1915 1055 1944 1107 et
1961 1053 2038 1108 omni

410 1137 520 1206 peculio
543 1139 695 1192 revocetur.
732 1137 760 1191 Si
780 1154 844 1192 vero
862 1140 987 1204 mortuus
1005 1135 1103 1200 suerit,
1127 1136 1268 1206 peculium
1287 1137 1346 1191 eius
1365 1136 1494 1191 dominus
1514 1140 1633 1193 revocet,
1669 1138 1774 1193 Colone
1791 1156 1867 1202 vero,
1892 1139 1916 1193 ei
1935 1139 2039 1210 viginti

409 1239 497 1276 annos
521 1222 550 1275 in
574 1222 667 1276 alieno
689 1223 812 1278 dominio
835 1222 1034 1292 permanserit,
1059 1240 1076 1276 a
1098 1222 1190 1290 priore
1212 1222 1325 1276 domino
1348 1238 1405 1276 nou
1423 1223 1589 1292 requiratur.
1625 1223 1730 1278 Colono
1748 1223 1821 1277 duae
1839 1227 1933 1294 partes
1951 1241 2038 1295 agna·

410 1308 495 1363 tionis
518 1312 682 1376 sequantur.
710 1309 825 1364 colonae
848 1327 911 1364 vero
937 1309 1023 1363 tercia
1046 1325 1111 1378 pars
1134 1311 1273 1378 sequatur.
1320 1309 1391 1363 Nam
1416 1309 1438 1362 si
1464 1310 1580 1378 agnatio
1604 1309 1677 1364 infra
1699 1309 1823 1380 viginti¹1
1849 1329 1937 1365 rennos
1961 1311 2039 1365 edita

410 1395 506 1459 luerit,
525 1395 637 1464 quando
655 1395 747 1450 adbuc
765 1397 864 1450 colona
881 1397 994 1450 domino
1013 1396 1202 1464 competebat,
1222 1395 1415 1465 repetentibus
1435 1414 1491 1451 non
1509 1398 1639 1466 uegetum
1658 1397 1726 1466 quia
1744 1396 1773 1450 in
1792 1397 1910 1452 novellis
1928 1398 2038 1466 legibus
2057 1413 2082 1451 ro

410 1483 453 1536 eet
470 1481 662 1536 constitutum.
699 1483 771 1537 Sane
789 1501 825 1536 ne
842 1483 984 1552 separatio
1004 1479 1128 1551 coniugii
1146 1483 1209 1548 fiat,
1235 1481 1432 1551 praecipimus,
1457 1484 1489 1537 ut
1507 1482 1653 1537 dominus⁰
1672 1484 1763 1538 coloni
1782 1484 1886 1538 vicaria
1903 1485 2038 1540 muliere⁰

410 1586 472 1622 cunr
492 1568 644 1639 agnatione
662 1568 751 1638 partis
769 1569 873 1624 terciae
892 1586 948 1624 non
967 1571 1093 1639 negetur.

514 1742 543 1808 k)
561 1760 609 1793 orn.
624 1741 648 1793 2.
719 1741 738 1808 l)
752 1760 839 1794 omnes
852 1745 893 1794 len
905 1743 987 1810 Bury.
1057 1747 1092 1808 ru)
1104 1745 1143 1796 De
1156 1743 1289 1810 inquilinis
1301 1751 1327 1794 et
1339 1743 1435 1794 colonis
1446 1743 1578 1808 inscriptio
1591 1743 1664 1808 apud
1675 1742 1736 1794 Bel.
1807 1742 1835 1807 n)
1849 1745 1931 1794 XXX.
1945 1744 2000 1796 cod.
2012 1742 2037 1795 2.

411 1831 436 1897 o)
455 1848 471 1881 a
488 1830 590 1881 donnuo
608 1829 690 1881 coloni
709 1830 821 1881 vicariae
839 1830 940 1880 mulieri
958 1846 1025 1881 corr.
1044 1827 1075 1892 ‘25
1101 1829 1235 1895 inpendum
1258 1836 1326 1880 mat:
1351 1828 1470 1879 dominus
1488 1829 1570 1880 coloni
1589 1829 1712 1880 vicariam
1731 1830 1863 1882 mulierem
1881 1847 1940 1881 eum
1958 1848 2038 1897 agna·

411 1917 479 1969 tione
496 1917 577 1984 partia
594 1917 685 1968 tertiae
703 1933 755 1967 uon
774 1923 857 1984 neget
2057 1930 2080 1968 15

1017 2121 1120 2127 --..,---
1128 2123 1424 2130 -—-——-—-———-

472 2410 569 2515 196.
622 2401 1194 2514 EPISOOPORUM
1234 2401 1349 2511 AD
1394 2401 1977 2515 HLUDOWIOUM

721 2555 1316 2668 IMPERATOREM
1362 2556 1727 2667 RELATIO.

1112 2734 1210 2817 829.
1237 2744 1333 2836 Aug.

516 2910 694 2990 Invenitur
719 2927 757 2989 in
783 2925 958 2990 codicibus:
994 2925 1026 3010 1)
1052 2925 1198 2989 Gotbano
1221 2927 1260 2989 84
1289 2924 1342 3005 fol.
1360 2927 1437 3003 395,
1475 2927 1512 2990 in
1546 2947 1607 3006 quo
1635 2929 1779 3010 sequitur
1800 2927 1949 3010 Ansepisi
1979 2929 2039 2994 eol

412 3029 584 3106 lectionem
618 3030 652 3113 9)
675 3029 798 3092 Mutia.
821 3027 890 3092 ecel.
907 3029 987 3092 cati.
1007 3027 1081 3093 Ord.
1098 3029 1163 3105 Ι,2
1183 3026 1238 3107 sol.
1254 3029 1330 3104 185,
1360 3029 1396 3091 in
1416 3049 1477 3109 quo
1498 3029 1673 3095 srebnecnm
1695 3037 1740 3096 est
1761 3031 2041 3097 Wormatiensibus
2058 3059 2084 3100 20

411 3131 575 3212 capitulis,
603 3151 685 3212 quae
704 3151 767 3211 pro
790 3131 852 3213 leae
873 3131 1018 3196 habenda
1039 3133 1201 3210 dicuntur,
1226 3131 1258 3217 3)
1282 3132 1410 3198 Monac.
1435 3136 1518 3198 3853
1540 3134 1595 3215 sol.
1612 3139 1704 3214 2951,
1736 3138 1772 3200 in
1798 3157 1860 3218 quo
1880 3137 2039 3218 praefatio

412 3242 442 3301 et
465 3235 607 3316 capitula
629 3240 741 3299 1-45.
765 3256 786 3298 a
807 3257 855 3300 me
882 3237 973 3316 infra
994 3223 1164 3301 nummata
1186 3243 1348 3317 tamquam
1370 3236 1512 3318 capitula
1529 3236 1788 3304 XXX-LXX.
1811 3240 1944 3304 diversis
1965 3240 2040 3306 aliis

405 3340 593 3422 plerumque
618 3339 744 3404 Italicis
771 3340 1014 3419 subnectuntur,
1046 3339 1170 3422 reliqna
1202 3361 1273 3405 nero
1302 3341 1502 3408 omittuntur.
1552 3343 1648 3406 Initii
1680 3344 1835 3423 pmcedam
1860 3343 2040 3426 frapmenta

411 3449 581 3508 servantur
608 3464 729 3524 quoqne
757 3443 792 3528 4)
819 3445 855 3508 in
880 3443 969 3524 soliis
996 3444 1159 3510 nonnullis
1185 3446 1221 3508 in
1243 3443 1426 3509 bibliotheca
1449 3446 1536 3526 repta
1559 3446 1749 3510 Monacensi
1769 3468 1873 3528 nuper
1894 3449 2041 3529 repertis·

412 3549 449 3612 in
472 3548 583 3625 codice
606 3547 650 3611 ad
670 3569 761 3628 quern
783 3548 842 3612 bae
864 3548 1070 3612 Monacenses
1091 3547 1244 3629 reliquiae
1265 3549 1393 3629 quondo
1411 3549 1645 3629 pertinuerunt,
1669 3550 1745 3614 tare
1766 3549 1878 3615 relatio
1893 3550 2041 3634 Ansepisi
2059 3575 2083 3617 es

412 3651 618 3715 collectionem
638 3656 745 3715 secuta
768 3656 821 3716 est.

517 3754 729 3819 Hludowicus
751 3755 849 3820 leienre
870 3756 952 3819 anrri
974 3757 1047 3821 828.
1070 3755 1115 3818 ad
1136 3775 1258 3820 cinnum
1278 3758 1350 3821 829.
1374 3757 1580 3821 constituerat
1603 3759 1718 3838 (supra
1739 3779 1790 3824 nr.
1807 3761 1882 3844 184)
1903 3763 2041 3839 quatuor

412 3858 718 3940 archiepiscoporum
740 3865 769 3923 et
791 3860 1004 3940 cpiscoporum
1025 3859 1160 3942 synodos
1181 3861 1218 3923 in
1238 3881 1331 3942 repne
1353 3859 1555 3926 Francorum
1577 3861 1649 3941 lieri
1671 3867 1713 3937 et,
1742 3865 1779 3924 ut
1801 3861 1931 3942 epistola
1950 3883 2039 3942 perse-

412 3961 494 4026 ralis
519 3963 633 4044 (snpra
655 3983 704 4027 nr.
720 3963 796 4039 185)
823 3962 926 4037 docet,
955 3962 993 4025 de
1018 3961 1134 4026 barum
1161 3963 1352 4046 synodo-rum
1379 3963 1655 4029 deliberationibus
1683 3965 1754 4028 ‘sibi
1779 3970 1875 4046 atque
1895 3964 2041 4046 ltdelebres

412 4066 482 4130 suis
503 4065 707 4129 adnuntiare'
732 4066 878 4130 iusserat.
925 4064 1045 4147 Spnodi
1065 4067 1223 4130 mensibus
1245 4067 1337 4131 Maio
1363 4073 1392 4130 ct
1413 4068 1511 4132 Iamo
1538 4069 1618 4132 anni
1639 4069 1713 4132 829.
1739 4067 1865 4132 murae
1892 4074 1982 4146 sunt,
2012 4074 2041 4134 et
2058 4094 2084 4133 so

411 4173 537 4233 senata
564 4174 641 4233 sunt
669 4191 719 4247 ea,
747 4190 829 4250 quae
850 4171 886 4232 in
909 4169 1089 4232 Parisiensi
1110 4169 1226 4250 spnodo
1248 4170 1420 4234 deliberata
1445 4177 1475 4235 et
1496 4172 1674 4252 concerpta
1695 4177 1772 4236 sunt
1792 4172 1923 4254 (Mansi
1944 4169 2040 4254 XIV,

412 4271 468 4338 col.
493 4274 695 4355 sss-604),
729 4293 801 4335 cum
830 4277 939 4336 contra
969 4271 1111 4335 alienum
1141 4273 1240 4336 trium
1269 4273 1459 4355 syrnodorum
1488 4280 1562 4337 acta
1590 4275 1634 4338 ad
1660 4279 1801 4338 rmstram
1823 4281 1955 4339 aetatem
1977 4297 2041 4340 nen

405 4380 585 4463 peruenisse
612 4377 790 4442 medeantur.
836 4375 1032 4440 Parisiensis
1062 4375 1201 4456 synectas
1230 4395 1315 4440 amm
1339 4378 1411 4441 829.
1440 4381 1513 4440 ante
1544 4377 1625 4440 diem
1652 4383 1794 4440 oetaeum
1821 4378 1902 4442 Idus
1923 4379 2041 4443 Iunias

412 4489 459 4569 (6.
482 4484 588 4561 Iunii)
611 4481 721 4546 babitu
743 4480 873 4562 (blansi
894 4478 914 4544 l.
936 4501 960 4542 c.
985 4479 1039 4544 eol.
1058 4482 1136 4563 535)
1158 4479 1235 4543 baec
1257 4485 1330 4544 acta
1352 4501 1421 4544 eum
1445 4480 1559 4544 litteris
1582 4482 1803 4545 transmiserat
1827 4481 1917 4545 baud
1938 4481 2040 4559 dubie,

411 4594 449 4653 ut
476 4589 512 4652 in
534 4586 657 4668 planto
684 4583 824 4667 cenerati
851 4603 954 4647 nunsc
976 4583 1122 4664 Aupusto
1150 4583 1287 4646 eiusdem
1314 4585 1394 4647 anni
1413 4581 1606 4649 Wormatiae
1628 4584 1768 4650 laburdo
1791 4585 1828 4648 de
1854 4585 1934 4664 ipsis
1956 4589 2039 4649 trac·
2058 4614 2082 4655 as

412 4697 545 4768 teretur,
567 4693 603 4752 ut
623 4687 828 4770 collipemlum
850 4691 895 4750 est
917 4709 932 4750 e
954 4686 1062 4763 verbis,
1085 4705 1166 4766 qnae
1187 4690 1330 4750 actorum
1353 4685 1431 4750 libro
1446 4688 1537 4751 tertio
1552 4707 1670 4752 canmrc
1687 4690 1734 4754 18.
1749 4687 1896 4770 lepuntnr
1910 4688 2040 4770 (Manet

411 4793 507 4872 XIV,
530 4791 585 4858 col.
602 4795 674 4868 600,
697 4796 726 4854 et
748 4789 838 4871 infra
860 4812 886 4853 c.
904 4792 976 4866 30):
1008 4795 1044 4852 ut
1074 4810 1158 4852 nunc
1188 4789 1220 4851 in
1250 4792 1415 4874 praesenti
1444 4792 1565 4876 placito
1596 4797 1747 4856 svestra
1774 4792 1951 4856 serenitate
1979 4813 2038 4856 ex-

411 4918 524 4983 presso
548 4895 785 4960 admoneantur
807 4899 863 4976 (se.
888 4893 1013 4958 abbates
1035 4896 1063 4955 et
1084 4892 1285 4970 abbatissae).
1331 4890 1393 4957 Sed
1413 4894 1464 4957 uti
1485 4915 1570 4958 anno
1591 4896 1664 4960 813.
1687 4896 1854 4960 euna-cla
1874 4895 2039 4977 quaedam,

410 5021 492 5083 quae
521 4999 654 5076 dicitnr,
683 4997 873 5080 synodorum
901 4998 1040 5078 quinque
1070 4995 1123 5060 illo
1151 5016 1236 5060 anno
1263 4995 1446 5060 habitarum
1472 4997 1655 5077 imperatori
1682 4999 1803 5062 tradita
1831 5020 1895 5063 esse
1916 4997 2040 5062 uidetur

411 5103 495 5185 (LL.
512 5104 560 5181 ΙΙ,
577 5125 614 5184 p.
630 5103 820 5178 552-554;
851 5101 910 5181 cfr.
937 5099 1035 5180 Capu.
1064 5122 1080 5164 e
1103 5100 1276 5164 canonibus
1297 5105 1457 5180 carenda,
1488 5106 1560 5164 tom.
1575 5101 1608 5178 J,
1628 5123 1661 5181 p.
1680 5104 1762 5186 173),
1785 5103 1834 5166 ita
1855 5122 1941 5166 anno
1963 5122 2038 5182 quo-
2057 5130 2083 5169 a

410 5229 469 5290 que
492 5209 564 5272 829.
599 5207 789 5290 synodarem
819 5205 917 5269 buius
952 5205 1033 5269 anni
1062 5203 1244 5268 habitarum
1275 5204 1474 5269 concordiam
1505 5203 1695 5269 Hludomieo
1726 5206 1946 5269 transmissam
1976 5226 2040 5269 esse

410 5311 610 5387 crediderim,
646 5329 743 5391 quam
775 5315 870 5372 antea
897 5328 960 5389 pro
987 5313 1084 5388 parte
1113 5313 1238 5372 mutum
1265 5308 1469 5373 eBcnedicti
1495 5307 1669 5372 collectrbne
1695 5314 1805 5373 notam
1830 5309 1870 5374 G.
1886 5308 1929 5372 H.
1946 5309 2040 5374 Perta

403 5416 571 5497 primnse
605 5414 708 5479 codiee
738 5413 884 5478 Gotbane
914 5413 1026 5491 edidit,
1059 5419 1088 5477 et
1117 5433 1214 5494 quarn
1240 5412 1317 5476 aliis
1343 5413 1501 5477 codicibus
1531 5416 1560 5476 et
1587 5412 1790 5477 conciliorum
1820 5413 1955 5477 editione
1981 5413 2039 5476 ad·

409 5518 519 5583 bibitis
551 5517 587 5580 in
613 5516 768 5598 plurimis
801 5517 996 5580 mmmmm
1029 5515 1119 5597 infra
1151 5521 1264 5596 repeto.
1314 5514 1534 5596 Praefationis
1558 5515 1684 5596 primae
1718 5519 1747 5580 et
1777 5515 1908 5580 ultimae
1929 5516 2040 5596 partis

410 5621 474 5687 bico
504 5619 627 5685 litterae
655 5619 811 5702 quaedam
840 5621 1053 5701 episcoporum
1084 5621 1129 5684 ad
1155 5621 1373 5700 imperatorem
1403 5619 1497 5684 datae
1526 5619 1565 5684 ab
1593 5618 1691 5683 bilius
1721 5619 1885 5684 relationis
1911 5625 2039 5683 ‹enetorc
2057 5648 2082 5686 a

404 5723 530 5806 positae
551 5728 636 5802 sunt,
662 5743 743 5805 quae
765 5723 801 5786 in
822 5722 1004 5788 Parisiensi
1025 5723 1156 5788 emollio
1178 5728 1320 5787 octonem
1343 5722 1421 5787 libro
1444 5722 1534 5786 tertio
1550 5723 1718 5802 praefixae
1741 5721 1888 5804 leprrntm
1910 5722 2040 5803 (Mami
