4634 6436
416 462 456 524 70
896 455 1142 512 CAPITULARIA
1162 453 1373 509 HLO‘l'HARll.
1391 483 1424 492 -
1443 453 1491 508 Nr.
1504 453 1563 508 204.

335 644 396 698 847.
527 633 575 695 to.
612 628 657 693 Ut
690 630 791 715 legati
826 629 867 694 ad
902 630 1019 695 ducem
1048 621 1269 695 Brittonnm10
1298 630 1481 704 mittantur,
1518 627 1572 713 qui
1605 626 1646 690 de
1680 627 1843 690 communi
1875 648 1954 712 erga
1985 648 2041 692 eos

413 734 643 800 observatione
665 735 756 819 pacis
780 755 856 798 eum
879 740 1116 799 commoneant.

524 860 573 920 ll.
608 854 654 918 Ut
684 855 834 919 similiter
862 855 902 919 ed
931 876 1042 941 regem
1070 845 1387 919 Nordmannorum¹¹
1420 853 1522 936 legati
1552 851 1741 930 mittantur,
1774 852 1828 937 qui
1857 873 1931 916 eum
1962 872 2040 916 aon-

413 964 582 1038 testentur,
606 958 693 1043 quod
715 963 772 1023 aut
793 979 909 1044 pacem
934 979 1065 1022 servare
1090 957 1235 1022 studebit
1257 964 1315 1022 aut
1338 957 1553 1021 communiter
1576 976 1633 1019 eos
1658 955 1801 1020 infensos
1825 954 1969 1022 habebit.

854 1197 896 1263 Id.
930 1196 1201 1262 Adnuntiatio
1226 1197 1361 1262 domni
1385 1196 1600 1260 Hlotharii.

521 1320 625 1385 Nobis
649 1328 683 1384 et
706 1320 859 1384 fratribus
882 1319 1003 1383 nostris
1028 1319 1132 1382 visum
1155 1317 1226 1398 fuit,
1250 1325 1286 1381 ut
1309 1317 1348 1380 ad
1369 1317 1433 1381 Dei
1449 1318 1652 1382 voluntatem
1668 1317 1877 1401 querendam,
1901 1317 2041 1403 qualiter
2149 1377 2150 1380 ,

414 1431 527 1504 sancta
554 1426 696 1490 ecelesia
723 1431 915 1511 recuperata
943 1445 1014 1488 csse
1043 1423 1144 1509 possit
1172 1426 1205 1485 et
1230 1443 1346 1508 pacem
1370 1428 1404 1485 et
1426 1442 1485 1485 nos
1509 1442 1546 1484 ec
1570 1442 1628 1484 vos
1653 1428 1685 1484 et
1707 1422 1768 1486 iste
1791 1423 1931 1507 populus
1956 1422 2040 1487 chri-

414 1529 539 1594 stianus
562 1529 685 1595 habere
709 1530 887 1615 possimus,
911 1549 969 1592 nos
993 1527 1089 1591 simul
1113 1527 1402 1611 coniungeremuS,
1426 1527 1510 1606 sicut
1533 1547 1618 1590 nune
1641 1526 1790 1607 fecimus,
1815 1534 1848 1591 et
1871 1528 1917 1592 sic
1940 1529 2040 1592 simus

412 1631 497 1696 iuter
527 1652 600 1712 nos,
633 1634 719 1696 sieut
745 1633 863 1696 fratres
892 1653 951 1718 per
978 1637 1105 1695 rectum
1135 1651 1210 1694 esse
1240 1629 1371 1694 debent.
1418 1629 1460 1693 let
1490 1650 1549 1714 pro
1578 1636 1666 1693 certo
1693 1629 1773 1695 illud
1798 1631 1924 1713 sciatis,
1954 1633 2040 1716 quia,

413 1737 536 1821 gratias
559 1735 648 1800 Deo!
682 1737 728 1799 sic
757 1757 868 1800 sumus
893 1741 926 1799 et
954 1735 1001 1799 sie
1024 1755 1217 1821 permanere
1241 1733 1418 1798 adiuvante
1441 1733 1513 1797 Deo
1538 1735 1649 1798 inante
1673 1735 1821 1799 volumus
1846 1744 1879 1799 et
1904 1737 1937 1799 in
1962 1757 2038 1799 con·
2060 1755 2084 1793 ιο

414 1839 485 1902 silio
517 1845 550 1902 et
580 1839 613 1902 in
644 1838 767 1902 auxilio
795 1839 1020 1922 unusquisque
1051 1859 1130 1921 erga
1160 1838 1299 1901 alterum
1328 1837 1432 1922 parati
1462 1857 1573 1900 sumus
1601 1837 1795 1902 adiutorium
1824 1838 1927 1918 ferre,
1959 1839 2042 1901 sicut

413 1942 529 2006 fratres
558 1941 591 2005 in
614 1940 677 2006 Dei
700 1941 869 2005 voluntate
899 1949 932 2005 ct
962 1942 1125 2006 communi
1154 1940 1302 2027 profectu
1332 1940 1442 2004 facere
1472 1940 1609 2020 debent,
1641 1942 1673 2004 in
1697 1942 1955 2026 quibuscumque
1982 1963 2040 2027 po-

412 2046 582 2110 tuerimus.
681 2095 683 2100 .

842 2181 902 2247 11⁶.
937 2181 1198 2246 Adnuntiatio
1222 2180 1356 2247 domni
1379 2182 1612 2247 Hluduwiei.

521 2301 595 2389 (1⁰.)
631 2302 764 2380 Sciatis,
796 2303 872 2388 quia
897 2303 1015 2369 fratres
1043 2305 1143 2367 nostri
1166 2311 1200 2369 et
1223 2325 1280 2369 nos
1304 2310 1432 2368 nostros
1456 2305 1573 2369 missos
1597 2304 1639 2369 ad
1663 2326 1865 2370 communem
1888 2310 2039 2391 nepotem
2059 2328 2082 2365 n

413 2399 595 2472 nostrum¹2
621 2408 655 2470 in
679 2407 890 2491 Aquitaniam
921 2407 1079 2471 mittimus
1110 2415 1143 2472 et
1174 2409 1204 2472 ei
1234 2407 1317 2473 tales
1348 2409 1521 2473 comitatus
1550 2407 1737 2493 designatos
1768 2407 1976 2488 mandamus,
2007 2409 2040 2471 in

413 2511 532 2596 quibus
555 2512 627 2596 ipse
651 2530 725 2574 cum
749 2511 815 2574 suis
839 2511 969 2574 interim
992 2511 1193 2575 sufficienter
1217 2532 1290 2576 esse
1314 2502 1462 2597 possit13,
1487 2518 1520 2576 et
1542 2511 1658 2576 fideles
1677 2511 1791 2576 dilecti
1810 2511 1918 2575 fratris
1939 2511 2041 2575 nostri

413 2613 527 2679 Karoli
551 2613 591 2677 de
615 2613 670 2676 illo
695 2634 797 2699 regno
820 2635 936 2699 pacem
959 2613 1083 2679 habere
1107 2615 1249 2701 possint,
1273 2615 1479 2700 usquedum
1503 2612 1608 2679 idemf
1629 2636 1731 2701 nepos
1755 2621 1865 2679 noster
1888 2613 1929 2679 ad
1952 2635 2039 2678 com-

413 2739 544 2782 munem
566 2718 723 2803 placitum
747 2709 927 2782 nostrum¹4
951 2720 1076 2792 veniam
1100 2717 1141 2782 ad
1165 2719 1249 2804 quod
1273 2740 1347 2783 cum
1371 2719 1428 2782 tali
1454 2719 1631 2783 securitate
1655 2739 1675 2783 a
1696 2718 1791 2782 nobis
1813 2725 1950 2805 accepta
1966 2738 2040 2782 eum

413 2823 524 2887 venire
552 2820 762 2902 mandamus,
793 2827 830 2884 ut
854 2842 956 2898 ¹sanus
980 2823 1091 2886 venire
1121 2829 1153 2886 et
1180 2843 1279 2886 sanus
1304 2828 1392 2886 stare
1417 2828 1450 2886 et
1478 2843 1576 2886 sanus
1600 2823 1736 2898 reverti,
1769 2828 1926 2906 quantum
1949 2821 2040 2885 illum
2059 2842 2084 2882 ro

413 2924 505 2990 Dens
530 2926 657 2990 salvare
680 2925 831 3003 voluerit,
845 2924 968 3010 possit.
1007 2923 1100 2987 Etsi
1124 2930 1201 2989 tune
1224 2930 1372 2989 nostrum
1396 2925 1565 2989 eonsilium
1589 2923 1702 2989 audire
1718 2925 1869 3004 soluerit,
1892 2925 2041 2990 volumus

414 3049 487 3092 cum
510 3027 575 3092 Dei
605 3026 764 3092 adiutorio
797 3033 830 3092 et
856 3034 967 3092 vestro
997 3027 1385 3106 consilio'considerare,
1417 3026 1578 3113 quomodo
1601 3027 1719 3092 melius
1750 3028 1929 3092 secundum
1952 3050 2040 3093 com-

414 3153 545 3197 munem
572 3131 755 3217 proiectum
784 3138 818 3196 et
845 3131 1020 3195 utilitatem
1048 3131 1160 3196 inante
1190 3152 1264 3196 esse
1291 3133 1410 3217 possit;
1445 3137 1479 3196 et
1511 3132 1537 3196 si
1561 3138 1709 3195 nostrum
1733 3132 1904 3196 consilium
1927 3131 2041 3197 audire

414 3235 677 3316 nonsswvoluerit,
708 3240 800 3314 tunc,
832 3234 916 3298 sieut
942 3235 1061 3298 melius
1089 3255 1162 3298 cum
1185 3233 1249 3299 Dei
1273 3233 1433 3299 adiutorio
1463 3241 1496 3300 et
1518 3241 1629 3299 vestro
1653 3235 1789 3299 consilio
1813 3236 1958 3301 invenire
1981 3257 2041 3322 po-

413 3339 583 3418 tuerimus,
608 3337 727 3402 exinde
751 3357 849 3422 agere
872 3339 1029 3403 volumus.
1896 3377 1897 3382 ι
2060 3367 2085 3409 ιι

521 3458 579 3544 (2.)
614 3458 733 3523 Sciatis
757 3458 868 3538 etiam,
892 3459 968 3544 quia
991 3458 1140 3524 similiter
1163 3460 1281 3524 missos
1304 3465 1429 3524 nostros
1453 3460 1494 3524 ad
1516 3451 1719 3525 Brittones10
1741 3460 1897 3525 mittimus
1915 3466 1949 3524 et
1967 3460 2041 3524 illos

414 3560 455 3627 ad
484 3582 689 3627 communem
718 3561 901 3648 profectum
928 3566 962 3626 et
989 3583 1104 3649 pacem
1132 3563 1318 3639 hortamur;
1349 3565 1403 3649 qui
1432 3563 1460 3627 si
1490 3563 1652 3628 audierint
1679 3563 1755 3628 aut¹¹
1778 3584 1844 3628 non
1868 3564 2040 3647 audierint,

414 3687 488 3731 curn
511 3664 576 3731 Dei
599 3665 759 3730 adiutorio
783 3671 816 3729 et
838 3671 947 3730 vestro
972 3667 1106 3731 consilio
1129 3666 1249 3732 exinde
1273 3667 1372 3731 ctiam
1394 3667 1504 3731 facere
1529 3668 1690 3733 volumus.

521 3786 581 3873 (3.)
617 3787 743 3868 Sciatis,
760 3788 837 3872 quia
853 3788 1066 3854 communiter
1080 3787 1198 3851 missos
1216 3795 1345 3852 nostros
1361 3787 1403 3851 ad
1418 3780 1670 3852 Nortmannos11
1684 3809 1742 3873 pro
1756 3808 1837 3873 paee
1850 3785 2041 3874 accipienda

413 3891 582 3957 mittimus.
881 3933 883 3938 ,
1530 3967 1531 3972 .
2058 3918 2084 3958 ro

520 4011 580 4096 (4.)
616 4010 735 4075 Sciatis
759 4011 873 4090 etiam,
906 4011 982 4096 quia
1004 4009 1144 4074 dilectus
1166 4010 1267 4076 frater
1290 4016 1402 4076 noster
1423 4011 1618 4076 Hlotharius
1640 4011 1760 4075 missos
1785 4032 1860 4076 suos
1885 4010 1926 4076 ad
1949 4010 2041 4075 suos¹

413 4115 563 4179 homines
592 4114 798 4193 transmittit,
829 4114 884 4198 qui
912 4133 1017 4198 usque
1046 4112 1142 4176 modo
1174 4113 1207 4176 iu
1236 4114 1500 4178 contrarietatem
1528 4113 1640 4179 dilecti
1663 4113 1771 4179 fratris
1799 4116 1901 4179 nostri
1924 4113 2039 4180 Karoli

413 4217 560 4298 luerunt,
588 4221 621 4280 et
644 4217 708 4280 illis
732 4216 879 4296 mandat,
903 4223 939 4280 ut
962 4238 1021 4302 per
1043 4216 1168 4281 nullum
1190 4218 1358 4302 ingenium
1380 4220 1507 4306 inante,
1532 4218 1616 4282 sicut
1640 4217 1680 4281 de
1703 4218 1768 4284 Dei
1792 4224 1825 4284 et
1849 4240 1908 4283 sua
1931 4219 2040 4304 gratia

412 4320 556 4405 gaudere
578 4320 702 4401 volunt,
725 4319 758 4383 in
780 4319 868 4384 illius
892 4327 926 4385 et
947 4320 1091 4384 fidelium
1114 4320 1182 4385 eius
1207 4321 1471 4386 contrarietatem
1494 4321 1616 4407 aliquid
1638 4321 1771 4387 faciant.
1877 4363 1878 4368 κ

522 4439 580 4526 (5.)
614 4439 659 4504 Et
681 4441 805 4520 sciatis,
830 4440 906 4525 quia
928 4441 1092 4522 volumus,
1115 4446 1151 4505 ut
1173 4461 1225 4505 res
1250 4442 1478 4521 ecclesiarum,
1506 4441 1540 4505 in
1563 4441 1793 4527 cuiuscumque
1816 4462 1919 4528 regno
1943 4450 2041 4530 caput
2058 4467 2083 4508 aa

411 4545 520 4625 fuerit,
542 4550 610 4609 tam
627 4543 667 4609 de
684 4543 935 4630 episcopatibus,
951 4542 1107 4630 quamde
1124 4543 1266 4608 abbatiis
1288 4545 1358 4610 sine
1373 4545 1442 4608 ulla
1458 4544 1717 4610 contradictione
1733 4551 1878 4611 rectores
1894 4547 2040 4632 ipsarum

412 4649 637 4726 ecelesiarum,
661 4647 745 4712 siout
769 4653 917 4734 tempore
940 4645 1050 4711 domui
1074 4667 1112 4712 ac
1135 4646 1291 4731 genitoris
1315 4648 1418 4712 nostri
1440 4647 1601 4728 fecerunt,
1624 4649 1698 4714 illas
1721 4649 1921 4735 possideant.

514 4854 542 4922 d)
560 4857 597 4907 r'ta
614 4856 823 4908 adnuntiationes
844 4856 872 4905 in
890 4855 946 4906 cod.
963 4852 986 4905 l.
1004 4862 1181 4905 numerantur.
1269 4853 1295 4919 e)
1316 4853 1494 4920 capitulorum
1514 4857 1615 4908 numeri
1639 4857 1667 4908 in
1691 4857 1740 4909 lrac
1758 4857 1953 4910 adnuntiatione
1970 4866 1994 4908 ct
2011 4858 2040 4908 in

411 4944 522 5010 amuenti
540 4945 631 4996 amnt
648 4944 675 4995 in
692 4944 827 4996 codicibus.
906 4942 930 5008 s)
948 4942 1007 4993 inde
1025 4937 1049 4991 2.
1129 4939 1157 5008 g)
1175 4941 1287 4992 noluerit
1303 4938 1328 4993 2.
1408 4943 1437 5006 b)
1455 4949 1481 4993 et
1500 4941 1521 4993 l.
1602 4942 1621 5008 i)
1640 4960 1686 4994 vos
1705 4942 1729 4995 1.
1741 4940 1766 4995 2.

516 5132 559 5198 10)
577 5130 765 5197 Nmneaos'um,
789 5129 836 5198 qni
854 5128 952 5183 Karoti
973 5144 1083 5197 reqnnm
1103 5143 1182 5196 saepe
1205 5133 1228 5181 et
1245 5130 1407 5196 pracsertim
1428 5146 1504 5184 arnan
1521 5131 1580 5186 846.
1604 5130 1803 5200 innotesceret.
1839 5130 1915 5183 Ann.
1934 5129 2037 5183 Betim
2056 5149 2083 5189 ιο

411 5233 450 5288 ed.
469 5233 554 5288 Waltz
567 5250 596 5302 p.
609 5234 651 5287 34.
756 5234 798 5300 11)
816 5233 891 5286 Ann.
904 5231 1007 5286 Batia.
1024 5229 1061 5284 nd
1077 5247 1103 5284 a.
1115 5231 1177 5298 847,
1194 5231 1210 5285 l.
1224 5247 1245 5285 c.
1258 5249 1290 5300 p.
1303 5232 1350 5287 35:
1375 5231 1548 5298 Hlotharius,
1567 5233 1746 5288 Hlodowieus
1759 5235 1787 5288 et
1800 5232 1918 5287 Karalus
1931 5233 2039 5302 legatos

411 5338 448 5391 ad
471 5337 535 5392 Orio
559 5337 699 5392 Danorum
724 5352 818 5406 regem
848 5334 1003 5400 destinant,
1030 5334 1208 5400 mandantes,
1242 5339 1275 5389 ut
1302 5353 1365 5392 suos
1392 5336 1608 5393 christianornm
1636 5337 1864 5392 infestationibus
1888 5337 2039 5402 cohiberet,

412 5444 455 5499 sin
473 5443 552 5508 alias,
570 5443 644 5498 bello
663 5459 692 5498 se
711 5442 892 5512 inpetendum
912 5443 1074 5496 nullatenus
1092 5441 1243 5497 dubitaret.
1339 5445 1382 5512 12)
1400 5442 1558 5513 Pippinam,
1577 5441 1694 5510 Pippina'
1710 5442 1807 5508 filiam.
1901 5442 1944 5509 13)
1963 5441 2038 5495 Ana.

411 5547 517 5602 Berlin.
536 5548 572 5602 ad
589 5566 615 5604 a.
627 5549 691 5615 845,
709 5548 725 5600 l.
738 5563 759 5601 c.
773 5563 803 5614 12·
816 5546 863 5601 32:
890 5545 1009 5600 Karalus
1087 5545 1249 5615 Pippinnm,
1268 5547 1383 5618 Pippini
1400 5549 1498 5613 filium,
1516 5546 1633 5616 suscipit
1651 5549 1680 5600 et
1759 5544 1847 5600 totius
1867 5543 2039 5613 Aquitaniae

411 5652 587 5707 dominatum
606 5651 631 5706 ei
650 5649 784 5720 permisit,
809 5652 920 5720 praeter
938 5649 1080 5714 Pistasos,
1104 5647 1259 5704 Sanctones
1278 5653 1307 5704 et
1324 5649 1511 5705 Ecolinsnses.
1618 5651 1660 5716 14)
1679 5648 1800 5702 Parisios
1818 5647 1964 5716 indictam
1987 5648 2037 5715 cfr.
2055 5669 2081 5708 ιι

411 5757 490 5824 infra
507 5757 607 5812 Karoli
625 5755 742 5810 manat.
760 5769 781 5809 c.
793 5756 816 5808 1.
