4560 6426
356 447 357 450 ¹
419 427 481 492 318
590 423 834 479 CAPITULARIA
855 423 982 480 REGUM
1000 424 1184 480 ranneldo
1202 424 1463 480 OOCIDENTALIS
1482 423 1742 496 (1141101.111).-
1760 424 1808 479 Νι.
1821 423 1881 479 213.

333 611 392 665 864.
420 600 577 664 comitatu
605 620 663 664 suo
693 600 801 664 omnia
827 605 974 664 mercata
1005 600 1179 665 inbreviari
1208 601 1307 668 faciat
1339 608 1371 665 et
1399 603 1480 666 sciat
1509 601 1605 665 nobis
1633 599 1756 681 dicare,
1786 621 1870 686 quae
1899 603 2047 664 mercata

419 705 587 789 temporeb
611 705 663 767 avi
687 703 811 768 nostrib
836 703 977 783 luerunt,
1000 710 1033 768 et
1056 725 1140 789 quae
1163 711 1309 791 tempore
1332 704 1441 768 domni
1466 711 1499 767 et
1521 704 1679 789 genitoris
1701 705 1802 768 nostri
1826 725 1900 768 esse
1925 723 2045 789 coepe*

419 815 511 888 runt,
534 807 587 872 vel
610 828 695 892 qnae
723 807 809 872 illius
841 808 1033 872 anctoritate
1059 809 1235 874 constituta
1257 809 1405 888 luerunt,
1434 809 1485 872 vel
1514 829 1597 894 quae
1627 809 1698 872 siue
1729 807 1926 872 auctoritate
1953 807 2045 870 illius

419 910 505 974 locta
528 911 675 992 fuerunt,
705 911 758 976 vel
787 932 870 995 quae
899 917 1047 997 tempore
1077 918 1188 976 nostro
1216 912 1391 977 convenire
1426 918 1621 998 coeperunt,
1643 912 1696 976 vel
1726 931 1809 996 quae
1839 911 1871 974 in
1901 909 2044 995 antiquis

418 1014 498 1079 locis
528 1021 721 1102 permanent
751 1021 800 1096 et,
830 1015 857 1078 si
885 1020 1012 1080 mutata
1040 1021 1130 1097 sunt,
1160 1016 1270 1080 ouiua⁰
1300 1016 1491 1081 auctoritate
1521 1021 1645 1079 mutata
1671 1014 1811 1080 luerunt.
1865 1013 1908 1078 Et
1936 1015 2043 1100 ipsum
2078 1047 2089 1083 s

418 1119 550 1182 brevem
574 1118 798 1203 unusquisque
823 1138 932 1182 comes
955 1117 996 1182 od
1020 1119 1204 1205 proximum
1227 1120 1380 1205 placitum
1408 1125 1555 1183 nostrum
1578 1119 1673 1184 nobis
1690 1118 1851 1205 adportet,
1874 1125 1910 1182 ut
1927 1118 2042 1182 decer-

417 1244 496 1288 nere
513 1211 721 1308 possimusffl,
747 1226 908 1306 quatenus
925 1223 1112 1286 necessaria
1128 1229 1162 1287 et
1177 1222 1270 1287 utilia
1286 1229 1328 1303 ct,
1355 1243 1440 1307 quae
1455 1241 1515 1308 per
1530 1223 1758 1287 auctoritatem
1775 1228 1860 1300 sunt,
1878 1229 2041 1300 maneant,

418 1345 502 1410 quae
532 1346 609 1390 vero
641 1325 820 1412 superflua,
857 1325 1092 1390 interdicantur
1123 1327 1175 1390 vel
1209 1326 1288 1390 loeis
1321 1327 1388 1390 suis
1422 1326 1641 1390 restituantur.
1699 1317 1790 1390 ‘lit'53
1818 1331 1962 1390 mereata
1991 1325 2045 1390 die

419 1429 579 1495 dominico
595 1430 628 1494 in
646 1429 753 1494 nullod
768 1430 838 1518 loco
852 1428 1055 1511 habeantur⁷,
1074 1432 1157 1496 siout
1167 1432 1199 1495 in
1212 1432 1315 1518 primo
1332 1431 1415 1496 libro
1433 1432 1677 1517 capitulorum0,
1690 1432 1832 1518 capitulo
1845 1429 2048 1496 cxxxvi!

420 1533 568 1599 habetur.
2066 1569 2092 1608 ,ο

527 1642 577 1703 20,
613 1637 679 1703 Ut⁸
708 1658 816 1704 comeo
844 1644 897 1702 et⁰
924 1633 970 1702 rei
998 1637 1148 1723 publicae
1176 1639 1315 1703 ministri
1346 1659 1384 1704 ac
1416 1639 1515 1703 ceteri
1542 1637 1656 1703 fideles
1685 1637 1809 1703 nostrih
1839 1636 2044 1724 provideant,

420 1747 580 1828 qnatenus
610 1731 762 1807 ‘iustusil
797 1739 922 1806 modius
956 1759 1147 1826 aequusque
1186 1741 1361 1807 sextariua’
1404 1741 1584 1807 secundnm
1618 1762 1744 1806 sacram
1778 1742 1974 1826 scripturam
2010 1745 2045 1806 et

419 1838 601 1932 capitanii
630 1844 921 1932 praedecessorum
951 1852 1137 1910 nostrorum
1160 1845 1194 1909 in
1222 1845 1408 1909 civitatibus
1437 1853 1472 1910 et
1500 1847 1533 1910 in
1563 1845 1642 1909 vicis
1672 1852 1705 1908 et
1727 1845 1760 1908 in
1784 1844 1868 1908 villis
1900 1844 1941 1909 ad
1964 1865 2046 1909 ven-

420 1950 561 2014 dendum
593 1956 627 2014 et
649 1949 821 2014 emendum
857 1950 913 2014 fiat
944 1955 977 2014 et
1010 1969 1195 2014 mensuram
1226 1948 1404 2014 secundum
1428 1950 1592 2034 antiquam
1621 1947 1890 2014 consuetudinem
1922 1948 1962 2014 de
1985 1969 2045 2035 pa-

420 2056 498 2119 latio
533 2061 642 2118 nostro
676 2046 884 2142 accipiant-5⁶,
924 2060 959 2119 et
1000 2074 1065 2118 non
1103 2074 1161 2139 pro
1198 2052 1259 2116 hao
1297 2053 1467 2118 occasione
1501 2075 1520 2118 a
1559 2052 1765 2117 ιιιιιιιιιιιιίἰιί
1799 2053 1850 2116 vel
1886 2051 1927 2116 ab
1962 2051 2045 2132 hisk,
2066 2079 2093 2116 rs

420 2159 476 2244 qui
499 2180 632 2224 censum
655 2157 785 2238 debent,
809 2160 912 2223 maior
934 2157 1074 2236 modius,
1104 2157 1164 2221 nisi
1188 2159 1271 2221 sicut
1301 2156 1503 2221 cousuetudo
1527 2156 1604 2236 fuit,
1630 2158 1789 2240 erigatur¹
1835 2155 1878 2218 lit
1900 2157 1961 2241 ipsi
1985 2156 2046 2219 ho-

420 2264 536 2340 miues,
560 2263 615 2348 qui
639 2283 698 2348 per
713 2262 806 2326 villas
831 2262 871 2327 de
895 2262 1036 2327 denariis
1059 2259 1296 2347 providentiam
1320 2261 1416 2326 iurati
1439 2253 1656 2341 habebuntl'i,
1681 2262 1743 2348 ipsi
1768 2261 1866 2324 eliam
1890 2260 1930 2324 de
1954 2281 2046 2324 men-

421 2388 507 2449 sura,
530 2387 571 2431 ne
595 2366 807 2446 adulteretur,
831 2367 1034 2453 provideant,
1059 2366 1142 2432 sieut
1165 2367 1198 2430 in
1222 2366 1304 2431 libro
1335 2366 1432 2430 tertio
1456 2365 1682 2451 capitulorum,
1706 2366 1850 2450 capitulo
1873 2363 1944 2428 XC.
1970 2385 2046 2428 oon-

419 2463 588 2536 tincturis).
634 2469 676 2534 nt
700 2470 726 2534 si
756 2470 827 2555 quis
852 2477 1021 2556 reputatus
1050 2470 1150 2534 fuerit
1181 2490 1368 2534 mensuram
1397 2468 1602 2533 adulterasse
1631 2475 1665 2533 et
1693 2489 1766 2532 curn
1796 2469 1909 2532 maiori
1938 2467 2047 2532 modio

420 2577 472 2640 vel
506 2576 648 2642 sextario
679 2594 842 2640 annonam
873 2577 925 2640 vel
954 2577 1064 2640 vinum
1096 2574 1262 2662 accepisse
1290 2581 1322 2638 el
1349 2595 1422 2639 cum
1453 2573 1568 2637 minori
1600 2593 1755 2637 mensura
1783 2571 1985 2648 venundare,
2020 2572 2048 2636 si
2066 2593 2094 2634 ao

420 2680 503 2746 liber
532 2680 629 2744 homo
656 2687 721 2758 est,
753 2686 810 2744 aut
833 2679 1010 2744 secundum
1034 2700 1126 2743 suam
1157 2679 1265 2764 legem
1296 2699 1331 2742 se
1363 2677 1440 2742 inda
1471 2684 1673 2742 sacramento
1701 2669 1891 2742 idoneum58
1920 2675 2046 2756 reddat,

421 2782 499 2864 aut¹,
524 2784 550 2847 ai
574 2783 666 2848 hocm
689 2782 809 2848 fecisse
832 2782 887 2848 vel
910 2783 982 2848 fieri
998 2782 1134 2847 iussisse
1158 2790 1215 2847 aut
1231 2783 1457 2846 consensisse¹¹
1482 2781 1711 2868 comprobatus
1728 2780 1840 2860 fuerit,
1864 2781 1935 2860 hoe,
1958 2780 2047 2844 unde

422 2908 608 2951 mensuram
631 2886 842 2964 adulteravit,
875 2886 907 2951 id
938 2894 989 2951 est
1012 2887 1122 2952 vinum
1154 2895 1187 2951 et
1216 2907 1346 2952 annona
1375 2908 1395 2951 a
1421 2885 1577 2950 ministris
1605 2887 1650 2951 rei
1674 2885 1826 2972 publicae
1850 2885 1982 2950 tollatur
2004 2886 2047 2949 eb

422 3013 476 3066 co;
503 2983 672 3077 ἱιιιιιριιῑ)9
701 2999 734 3056 et
763 2993 904 3058 bannum
933 2997 1096 3064 nostrum,
1128 2991 1159 3055 id
1187 2998 1238 3056 est
1267 2990 1390 3055 solidos
1421 2990 1608 3075 sexaginta,
1641 2997 1825 3076 componat.
1875 2988 1909 3053 Si
1938 2995 2048 3053 autem

422 3096 556 3160 colonus
580 3095 633 3160 vel
657 3117 770 3160 servus
793 3095 870 3160 inde
893 3101 1063 3181 reputatus
1086 3095 1201 3175 luerit,
1229 3100 1286 3159 aut
1307 3094 1425 3160 iudicio
1447 3094 1512 3158 Dei
1536 3115 1571 3158 se
1595 3093 1692 3158 inde¹¹
1715 3095 1896 3171 examinet,
1921 3099 1994 3173 aut,
2019 3094 2046 3156 si
2066 3123 2091 3162 a,

421 3197 496 3262 inde
520 3198 688 3264 convictus
711 3198 818 3279 luerit,
842 3198 913 3278 hoc,
936 3205 973 3263 ut
996 3197 1269 3285 supradiximus,
1293 3196 1379 3262 unde
1402 3218 1588 3264 mensuram
1611 3197 1819 3277 adulteravit,
1843 3196 1974 3284 perdat:
1999 3197 2048 3260 in-

423 3323 522 3388 super
544 3309 578 3367 et
601 3303 699 3387 virgis
722 3301 809 3367 nudo
834 3313 989 3388 corpore⁰
1007 3302 1151 3388 vapulet.
1197 3299 1239 3365 Et
1263 3301 1331 3366 sive
1356 3301 1440 3365 liber
1463 3303 1532 3366 sive
1550 3303 1685 3366 colonus
1710 3301 1762 3365 vel
1786 3322 1899 3365 servus
1924 3299 1964 3364 dc
1987 3300 2048 3364 hoc

424 3407 589 3471 convietus
612 3407 722 3484 luerit,
745 3412 821 3492 post
835 3407 977 3492 legalem
994 3404 1256 3471 emendationem
1273 3405 1459 3490 episcopale
1478 3404 1630 3470 iudicium
1647 3405 1815 3492 suscipiat,
1839 3404 1917 3489 qnia
1935 3411 2048 3468 eontra

422 3511 488 3574 tale
512 3510 720 3576 interdictum
738 3509 869 3574 Domini
892 3511 970 3576 iecit
993 3510 1148 3576 dicentis:
1174 3501 1282 3582 ‘Quiffl
1311 3509 1483 3594 pecuniam
1508 3529 1600 3573 suam
1624 3529 1688 3573 non
1711 3508 1802 3574 dedit
1824 3507 1865 3572 ad
1888 3506 2049 3600 usuram’3

423 3613 509 3678 unde
533 3635 669 3698 regnum
691 3613 755 3679 Dei
785 3614 845 3678 sibi
870 3615 1002 3692 clausit,
1033 3620 1066 3678 et
1089 3613 1250 3678 infernum
1281 3611 1341 3677 sibi
1370 3614 1506 3698 aperuit.
1562 3612 1657 3686 Quod
1686 3619 1856 3697 peccatum
1885 3613 1971 3677 inter
1992 3612 2049 3676 illa
2068 3644 2094 3683 ω

423 3718 605 3782 criminalia
633 3717 793 3803 peccatah
822 3723 1045 3804 computatur,
1080 3717 1121 3782 de
1155 3718 1272 3802 quibus
1305 3716 1383 3780 dicit
1412 3717 1596 3803 apostolus,
1631 3715 1735 3802 qood,
1771 3717 1825 3801 qui
1856 3737 1896 3780 ea
1923 3716 2048 3791 iecerit,

422 3813 539 3885 ‘ouini¹
559 3820 743 3886 huiuamodi
766 3841 826 3887 noo
843 3823 950 3888 cibum
967 3820 1108 3886 sumere'
1126 3821 1301 3885 christiano
1318 3821 1410 3896 licot;
1434 3828 1467 3885 et
1488 3819 1585 3887 inder
1608 3821 1692 3884 sacri
1713 3819 1850 3884 Nicaeni
1868 3840 2010 3885 canones
2020 3811 2049 3856 ⁰²

424 3926 562 3992 clericos
586 3924 727 4011 gradusq
760 3911 899 4013 perdere
922 3925 1045 3992 iubent.
1096 3924 1139 3989 Et
1160 3925 1201 3990 de
1225 3925 1283 3990 tali
1307 3945 1420 4004 causa,
1452 3924 1538 3989 unde
1571 3923 1735 3989 seculares
1766 3923 1914 3988 homines
1946 3923 2047 3986 vitam

422 4030 576 4116 perdunt,
608 4029 684 4094 iude
714 4030 823 4095 clerici
846 4029 1126 4096 ecclesiasticumr
1148 4029 1285 4115 gradum
1315 4030 1477 4093 amittunt.
1525 4027 1664 4092 Ministri
1687 4035 1797 4094 autern
1826 4027 2049 4113 reipublicae

425 4155 461 4197 sc
485 4139 581 4215 caute
606 4132 806 4214 custodiant,
840 4154 881 4198 ne
912 4156 969 4221 pro
1000 4135 1061 4200 hae
1091 4136 1263 4200 occasione
1293 4133 1380 4198 ducti
1414 4131 1592 4220 cupiditate
1621 4153 1679 4219 per
1701 4131 1832 4217 aliquod
1855 4131 1975 4196 molum
1999 4132 2047 4194 in·
2068 4159 2095 4200 rs

423 4237 555 4320 genium
579 4257 598 4298 a
620 4235 735 4301 liberis
758 4236 941 4302 hominibus
966 4239 1019 4302 vel
1047 4237 1169 4302 colonis
1194 4259 1253 4301 seu
1277 4237 1377 4300 servis
1402 4246 1479 4300 sua⁸
1501 4237 1621 4301 iniuste
1644 4236 1791 4310 tollant';
1816 4237 1900 4320 quia,
1924 4237 1950 4298 si
1974 4234 2049 4299 inde

423 4339 464 4402 ad
489 4360 545 4402 nos
565 4341 692 4405 'clamor
714 4341 841 4404 venerit
864 4346 897 4404 et
920 4341 995 4406 inde
1020 4343 1156 4406 convicti
1181 4342 1318 4418 luerint,
1349 4342 1394 4404 sio
1418 4342 1605 4404 iniustitiam
1629 4342 1725 4405 istam
1748 4341 1934 4418 exsolvent,
1966 4340 2050 4404 sicut

422 4444 485 4517 illi,
515 4445 567 4528 qui
596 4446 630 4509 in
661 4465 719 4508 suo
748 4446 926 4510 ministerio
956 4439 1111 4511 tortarii-'³
1140 4448 1272 4512 iaciant.
1330 4445 1368 4510 ln
1400 4446 1464 4509 illis
1496 4452 1606 4509 autern
1636 4445 1840 4529 regionibus,
1873 4444 2048 4528 inquibus

528 4601 555 4664 Ιι)
574 4610 686 4669 temporo
773 4603 852 4668 nostri
870 4621 918 4654 ona.
933 4603 955 4653 6.
1026 4605 1049 4668 c)
1062 4602 1150 4669 quoi).
1220 4603 1247 4666 d)
1260 4603 1314 4653 ullo
1327 4602 1351 4654 6.
1421 4601 1446 4670 ο)
1466 4620 1512 4652 orn.
1525 4601 1549 4655 4.
1621 4603 1646 4666 l)
1665 4603 1700 4652 ita
1714 4602 1904 4654 Belloocccnair
1918 4600 2052 4652 Sir-monili

422 4697 444 4738 et
462 4687 519 4738 rell.
539 4687 629 4749 eodd.,·
649 4689 748 4739 chv.
768 4707 834 4740 corr.
856 4687 885 4754 13
904 4692 953 4756 cfr.
972 4699 1021 4741 not.
1041 4689 1083 4742 53.
1170 4687 1198 4756 g)
1217 4691 1256 4740 Da
1274 4690 1403 4754 nequitate
1421 4705 1468 4740 uec
1481 4691 1608 4741 mansueri
1626 4688 1684 4754 (aio)
1703 4690 1729 4740 in
1747 4689 1827 4738 aridis
1846 4688 1885 4738 vel
1905 4688 2007 4753 liquidis
2024 4695 2051 4740 ot
2069 4701 2097 4738 ιο

423 4777 454 4826 do
474 4776 637 4828 toleratoribus
656 4793 833 4828 mensurarum
853 4777 924 4828 mbr.
943 4777 970 4826 in
989 4777 1013 4826 6.
1103 4775 1239 4841 illocali.
1323 4775 1516 4842 6124116615.
1567 4805 1579 4825 .·
1598 4773 1625 4840 Ιι)
1645 4777 1703 4828 aliie
1716 4774 1738 4826 6.
1828 4775 1848 4842 l)
1867 4777 1935 4842 quod
1953 4777 1983 4840 si,
2001 4793 2050 4827 om.

423 4863 479 4927 lroo,
503 4861 527 4915 3.
620 4863 655 4930 nr)
679 4881 727 4915 noc
749 4862 773 4914 6.
870 4865 898 4926 ιι)
920 4871 965 4914 out
987 4863 1048 4914 aral.
1074 4861 1098 4916 6.
1185 4863 1210 4923 ο)
1234 4864 1303 4914 corio
1321 4861 1346 4914 2.
1364 4862 1418 4926 li(a
1436 4881 1540 4930 corporo
1564 4863 1643 4928 corr.)
1661 4873 1684 4914 ct
1701 4863 1891 4914 chllooooenria
1909 4861 2050 4914 Siramnai.

423 4951 450 5017 ρ)
470 4951 537 5001 undo
555 4947 579 5002 4.
598 4947 622 5000 6.
710 4951 738 5017 q)
756 4950 863 5016 gradum
883 4948 906 5000 6.
995 4949 1018 5015 ι)
1038 4949 1202 5000 ecclesiastici
1221 4947 1245 5000 4.
1265 4949 1288 4999 6.
1376 4949 1399 5014 s)
1418 4966 1467 5001 sua
1486 4950 1643 5022 ...tollant
1661 4967 1709 5000 orn.
1727 4949 1752 5001 6.

526 5087 570 5154 62)
591 5085 647 5152 Ofr.
661 5085 791 5138 Inmane·
810 5086 826 5141 l.
838 5102 859 5138 c.
879 5084 920 5151 ΙΙ,
935 5103 965 5154 ρ.
978 5087 1071 5154 aaran.
1160 5085 1205 5154 63)
1224 5085 1360 5154 Accepi,
1378 5101 1398 5138 c.
1413 5087 1470 5154 139,
1489 5090 1547 5139 lora.
1562 5085 1585 5153 1,
1599 5101 1630 5154 p.
1642 5085 1701 5139 412.
1791 5085 1836 5152 64)
1856 5084 1940 5139 Laod.
1960 5083 2000 5152 19,
2008 5083 2051 5138 36.

422 5193 467 5257 66)
490 5192 589 5260 Aascp.
608 5191 671 5258 ΙΙΙ,
694 5207 714 5245 c.
733 5193 780 5260 96,
806 5192 823 5246 l.
839 5208 861 5247 c.
882 5209 910 5260 p.
929 5193 994 5254 434,·
1024 5193 1072 5259 cfr.
1103 5192 1183 5245 ctiam
1208 5191 1295 5246 Relal.
1312 5191 1375 5258 829,
1405 5206 1490 5260 sama
1509 5206 1539 5258 p.
1557 5191 1600 5257 44,
1623 5205 1643 5244 c,
1661 5189 1702 5242 64.
1809 5190 1853 5256 66)
1880 5188 1934 5254 Osa
1958 5187 2052 5255 Woils,
2070 5205 2097 5243 aa

429 5296 487 5351 VG.
500 5297 568 5364 111²,
584 5313 612 5364 p.
626 5297 667 5350 16.
767 5297 812 5363 67)
833 5294 890 5362 Gsr.
908 5311 992 5364 eterno
1011 5311 1033 5349 o.
1046 5297 1071 5350 8.
1171 5297 1215 5361 68)
1238 5295 1293 5361 Gli:
1312 5310 1396 5362 ramo
1411 5312 1440 5363 p.
1454 5296 1513 5362 266,
1531 5299 1585 5347 aot.
1600 5294 1638 5347 13.
1732 5295 1776 5362 69)
1796 5293 1852 5359 (lsr.
1872 5293 1956 5360 Grrpp.
1975 5293 2052 5362 lcpr‘lr.

423 5400 483 5456 odd.
496 5403 556 5455 818.
575 5401 634 5467 819,
654 5405 713 5454 lom.
726 5401 750 5465 1,
764 5417 794 5468 ρ.
807 5402 866 5466 286,
885 5417 906 5456 o.
921 5401 966 5454 19:
995 5401 1034 5454 De
1047 5398 1283 5454 adulteratoribus
1296 5401 1424 5452 monetae
1443 5399 1550 5466 (Anam.
1566 5398 1616 5463 IV,
1633 5414 1653 5450 c.
1667 5399 1709 5464 31,
1727 5397 1745 5451 l.
1757 5413 1778 5452 c.
1792 5414 1822 5466 p.
1833 5397 1905 5465 441),
1922 5395 1959 5448 cd
1971 5395 2052 5449 caiae

423 5505 571 5572 aoemplanr
592 5519 661 5570 paroc
683 5510 835 5572 reparantur
856 5520 888 5559 ao
906 5510 984 5572 parte
1007 5505 1152 5574 calapodio
1170 5510 1242 5558 mant.
1348 5505 1392 5568 66)
1417 5503 1517 5558 Paalm.
1541 5504 1582 5568 14,
1598 5505 1622 5556 6.
1728 5503 1773 5568 61)
1793 5504 1816 5557 1.
1835 5501 1954 5554 Cariath.
1974 5502 2051 5568 6,]1.

422 5609 467 5674 62)
488 5608 564 5662 Cone.
582 5607 644 5664 Nic.
662 5625 682 5662 o.
696 5610 741 5677 lv,
767 5609 863 5662 Morari
876 5608 924 5676 II,
945 5609 991 5662 col.
1004 5610 1062 5664 682.
1163 5610 1206 5676 63)
1226 5609 1296 5662 La:
1319 5608 1493 5670 iaiareliticnu
1517 5607 1565 5673 cfr.
1590 5607 1639 5660 Dra
1659 5607 1749 5675 Oanpa
1770 5623 1791 5660 e.
1809 5623 1832 5658 o.
1852 5611 1952 5672 torlrrs3
1974 5605 2051 5674 Dira,

431 5713 497 5766 ll'B.
516 5712 540 5767 d.
560 5729 662 5766 roman.
680 5713 740 5780 Spa
757 5713 779 5778 Ι,
798 5729 854 5766 ar.
873 5718 953 5780 lorlo;
970 5713 1044 5779 iasra
1062 5730 1083 5766 c.
1097 5715 1139 5768 26.
2070 5726 2099 5764 aa
