4568 6434
374 455 640 511 ADDITAMEN'I'A
660 458 707 511 AD
726 457 968 513 nlvlvunnnln
990 459 1118 515 REGUM
1139 462 1322 517 renuente
1341 464 1569 521 ORIIINTALIS.
1588 496 1620 504 -
1641 465 1688 520 Nr.
1707 467 1767 522 252.
1820 471 1880 532 247

367 629 460 693 Haec
499 630 695 716 subscriptio
731 643 937 700 sacrosancta
974 634 1151 700 venerabili
1183 637 1386 723 professione
1418 646 1451 703 et
1480 640 1640 726 condigna
1670 643 1880 727 responsione
1908 648 1967 701 895·

259 734 578 800 innummorabilium
603 737 882 803 circumstantium
905 740 1168 825 presbyterorum
1200 749 1233 806 et
1256 743 1463 807 diaconorum
1494 764 1553 807 neo
1578 765 1640 807 non
1672 751 1704 808 et
1727 746 1882 810 nobilium

260 837 415 902 laieorum
449 838 640 904 confirmata
671 849 704 905 ot
734 841 940 906 laudabiliter
971 843 1153 927 approbata
1185 845 1225 908 ad
1262 844 1391 910 laudern
1424 855 1457 910 et
1490 846 1627 930 gloriam
1655 846 1732 911 lesu
1763 848 1883 913 Christi

258 940 393 1005 ‘Domini
409 943 521 1022 nostri,
547 943 597 1007 oui
613 944 653 1007 sit
670 944 781 1021 honor,
805 944 876 1008 laus
901 953 934 1008 et
949 945 1096 1010 iubilatio
1120 968 1180 1031 per
1194 949 1319 1013 infinita
1336 951 1469 1014 saecula
1485 949 1697 1014 saeculorum.
1746 953 1883 1018 Amen¹.

914 1124 1205 1131 ——m--..-.—-
1217 1126 1219 1130 .

227 1292 239 1330 ι
392 1273 631 1340 canonas
650 1272 1107 1340 EXTRAVAGANTES
1129 1274 1377 1342 CONCILIO
1402 1275 1758 1344 TRIBURIENSI

256 1375 259 1384 “
954 1377 1188 1444 ADDIOTI.

367 1495 427 1583 (1.)
462 1498 537 1578 Uo,
562 1499 587 1562 si
612 1500 684 1584 quis
709 1500 862 1564 clericum
886 1499 1110 1564 verberaverit
1132 1500 1184 1565 vel
1209 1499 1430 1566 debilitaverit
1453 1499 1527 1566 velh
1557 1503 1721 1587 quaslibet
1751 1507 1782 1568 in
1808 1528 1879 1570 eum

259 1604 342 1667 tales
364 1604 507 1668 lesiones
530 1605 723 1688 patraverit,
751 1605 803 1694 etb
827 1605 982 1668 canonice
1007 1605 1153 1690 peniteat
1177 1611 1210 1668 et
1233 1603 1273 1668 ad
1295 1606 1402 1690 legem
1426 1605 1592 1686 emendet,
1618 1608 1711 1672 iuxta
1741 1608 1826 1694 quod
1851 1611 1883 1672 in

261 1707 431 1792 capitulari
454 1707 609 1793 seriptum
635 1698 730 1772 est³⁶.

217 1838 242 1876 ro
368 1811 428 1894 (2.)
463 1811 651 1876 Perlatum¹⁸
684 1817 733 1876 est
767 1810 808 1875 ad
836 1818 982 1875 sanctam
1012 1810 1186 1896 synodum,
1219 1812 1305 1898 quod
1347 1812 1478 1897 qnidam
1515 1815 1677 1899 ingenuus
1711 1817 1883 1900 ingenuam

259 1913 445 2000 acceperitb
469 1926 607 1979 uxorem
631 1924 663 1979 et
686 1923 760 2000 post
782 1916 921 1978 filiorum
945 1917 1204 2000 procreationem
1228 1916 1398 1981 occasione
1417 1916 1547 1982 divortii
1563 1918 1730 1983 cuiusdam
1755 1941 1883 1986 servum

260 2043 295 2082 sc
318 2019 444 2096 lecerit,
466 2027 575 2083 utrum
598 2021 788 2084 necessario
812 2020 983 2084 mulierem
1005 2024 1120 2083 tenere
1144 2019 1270 2094 debeat,
1295 2026 1338 2094 et,
1363 2020 1390 2083 si
1413 2022 1565 2099 tenuerit,
1590 2031 1699 2087 utrum
1724 2025 1779 2088 illa
1802 2046 1882 2111 qno-

259 2145 321 2208 que
346 2123 526 2188 secundum
550 2123 731 2188 secularem
758 2124 865 2208 legem
894 2123 1043 2186 servituti
1072 2123 1176 2187 subici
1199 2122 1340 2187 debeat?
1374 2122 1555 2187 iudicatum
1580 2135 1800 2205 estuantem
1824 2129 1883 2190 mi·

260 2229 345 2292 nimo
369 2227 489 2292 debere
513 2227 640 2306 dimitti,
664 2235 860 2292 nontamen
885 2228 926 2291 ob
945 2225 1066 2290 Christi
1089 2228 1197 2312 legem
1213 2227 1384 2291 mulierem
1408 2228 1440 2290 in
1458 2227 1648 2293 servitutem
1672 2229 1783 2316 redigi,
1808 2231 1883 2296 dum

217 2358 241 2396 rs
259 2331 313 2396 ille
337 2354 400 2397 non
425 2355 466 2396 ex
491 2353 653 2396 consensu
676 2333 821 2417 coniugis
845 2354 880 2395 se
905 2352 1035 2397 servum
1058 2331 1145 2409 lecit,
1169 2353 1264 2416 quem
1281 2331 1420 2396 liberum
1439 2333 1530 2417 ipse⁰
1553 2334 1702 2397 maritum
1728 2337 1884 2422 aceepitd.

367 2435 429 2522 (3.)
464 2436 570 2500 Item·
594 2438 827 2521 interrogatum
852 2437 942 2510 luith,
966 2436 993 2500 si
1017 2437 1089 2520 quis
1114 2457 1187 2499 oum
1210 2435 1277 2500 filia
1300 2443 1496 2500 materterae
1521 2457 1600 2502 suae
1627 2439 1676 2503 vel
1699 2441 1883 2516 avunculi⁰,

259 2540 378 2605 amitae
412 2542 463 2606 vel
500 2540 626 2626 patruid
662 2540 889 2618 concubuerit,
925 2541 952 2603 si
987 2539 1179 2623 coniugatus
1215 2539 1328 2618 fuerit,
1371 2538 1530 2603 liceatue⁰
1565 2541 1611 2604 illi
1648 2543 1806 2607 ulteriuss
1838 2545 1884 2608 nti

260 2645 409 2730 coniugio
440 2653 497 2708 aut
527 2666 591 2708 non
624 2646 796 2730 coniugato
823 2664 957 2709 uxorem
982 2643 1153 2729 accipere?
1185 2642 1310 2706 Iustum
1334 2649 1432 2718 esset,
1458 2643 1563 2707 sicut⁸
1586 2644 1695 2728 aliqua
1718 2647 1882 2732 priorumh

261 2755 384 2813 statuta
406 2749 582 2826 habentur,
614 2749 703 2813 utin
727 2753 919 2833 perpetuum
945 2769 964 2811 a
987 2747 1136 2831 coniugio
1164 2746 1247 2810 tales
1270 2745 1466 2810 obstineant.
1514 2746 1626 2811 Visum
1651 2754 1701 2812 est
1724 2749 1884 2814 humanae

216 2853 446 2938 miragilitatis
481 2841 613 2932 intuitu,
649 2858 684 2916 ut
720 2860 793 2937 post
827 2851 1040 2938 penitentiam
1074 2849 1151 2914 noni
1185 2848 1315 2934 quidem
1351 2851 1482 2936 penitus
1517 2852 1686 2936 priventur
1722 2855 1883 2940 coniugio,

258 2957 456 3022 durissimek
478 2964 587 3022 tamen
611 2962 677 3020 tam
694 2956 834 3019 inmanis
850 2955 1021 3018 fornicatio
1039 2952 1228 3030 vindicetur,
1253 2953 1336 3017 siout
1360 2961 1492 3017 sanetus
1516 2975 1601 3039 papa
1615 2949 1827 3021 Nioholaus37
1852 2965 1884 3023 et

259 3061 313 3126 alii
336 3061 474 3126 Romani
497 3060 669 3146 pontifices
694 3064 888 3136 statuerunt,
913 3078 953 3121 ne
977 3056 1060 3119 forte
1085 3054 1272 3140 desperata¹
1294 3057 1493 3122 conscientia
1509 3058 1717 3144 multiplicius
1733 3069 1883 3147 peccent.

368 3165 426 3250 (4.)
464 3155 552 3228 Si*38
582 3165 654 3250 quis
678 3185 752 3228 cnm
775 3161 901 3226 duabus
925 3160 1089 3224 sororibus
1113 3157 1234 3223 ineritb
1265 3159 1441 3223 lomieatus
1475 3169 1508 3224 et
1540 3183 1631 3227 soror
1666 3184 1812 3230 sororem
1843 3166 1885 3230 ab

262 3268 375 3333 eodem
399 3275 497 3334 antea
520 3275 699 3354 stupratam
723 3266 885 3344 nescierit,
909 3266 961 3328 vel
985 3263 1013 3327 si
1036 3264 1106 3349 ipse
1124 3283 1267 3327 sororem
1292 3263 1374 3342 eius,
1399 3284 1495 3349 quam
1512 3272 1609 3330 antea
1626 3269 1795 3353 stupravit,
1819 3289 1883 3332 non

217 3408 242 3447 ρ,
261 3372 472 3448 intellexerit,
490 3372 518 3434 si
534 3371 630 3456 digne
647 3371 847 3457 penituerint
864 3377 897 3434 et
912 3391 947 3434 se
965 3370 1129 3433 continere
1154 3389 1217 3431 non
1241 3369 1414 3450 valuerint,
1437 3377 1513 3456 post
1535 3393 1636 3435 annos
1650 3371 1714 3435 VH
1736 3374 1886 3458 coniugia

259 3476 324 3539 illis
348 3497 412 3540 nou
429 3463 599 3559 negentur.
645 3473 678 3538 Si
702 3481 810 3539 autern
836 3495 900 3537 nou
918 3474 1166 3557 ignoraverint&
1191 3471 1352 3536 adfinem
1376 3494 1480 3558 usquo
1497 3475 1647 3560 coniugio
1663 3477 1850 3542 abstineant
1859 3479 1885 3538 *.

369 3579 428 3665 (5.)
464 3577 604 3644 Delata⁸
628 3586 678 3644 est
702 3600 809 3643 coram
835 3587 949 3642 sancta
965 3577 1087 3663 synodo
1105 3577 1305 3661 querimonia
1329 3576 1467 3662 plebisb,
1491 3598 1530 3641 eo
1553 3579 1638 3663 quod
1655 3581 1719 3644 sint
1735 3581 1886 3666 qnidam⁰

260 3684 401 3771 episcopi
441 3683 590 3748 uolentes
629 3683 670 3746 ad
711 3682 953 3770 predicandum,
984 3682 1058 3747 veld
1097 3681 1295 3746 firmandum
1326 3703 1402 3746 suas
1442 3703 1501 3766 per
1540 3704 1659 3748 aunum
1698 3687 1884 3770 parrochias

363 3858 388 3924 *l
409 3855 465 3910 eat.
478 3854 555 3908 addit
567 3855 656 3908 micros
668 3855 774 3907 recteest:
793 3853 847 3908 niei
865 3854 937 3908 forte
950 3852 1095 3923 episcopus
1107 3869 1191 3921 super
1209 3852 1248 3906 sis
1266 3852 1363 3907 mitius
1376 3853 1516 3922 agendum
1529 3855 1709 3924 perpenderit
1727 3856 1766 3910 sic
1779 3857 1885 3926 utique,

218 3963 245 4002 sc
262 3946 295 3999 ut
312 3960 385 4013 pena
402 3942 441 3995 sit
458 3941 622 4003 salvificans,
642 3957 697 3995 non
717 3941 894 4004 mortificans,
912 3939 1004 4010 pietas
1022 3939 1070 3993 sed
1089 3956 1143 3992 non
1163 3938 1285 3994 remissa.

364 4101 405 4152 58.
440 4102 468 4166 a)
488 4101 522 4151 In
542 4097 615 4151 1-3.
636 4099 748 4165 seqnitur
766 4115 851 4150 nunc:
879 4101 918 4150 De
936 4100 1053 4162 decimis;
1067 4101 1122 4164 cfr.
1139 4106 1191 4147 not.
1203 4115 1228 4162 q.

365 4187 387 4239 l.
424 4189 479 4256 cyr.
504 4187 565 4238 Tae.
580 4185 630 4250 IV,
653 4204 695 4236 nr.
713 4185 736 4237 1.
777 4185 804 4244 a)
828 4185 934 4251 Siquis
957 4185 1079 4235 clericum
1103 4184 1285 4234 verberaverit.
1329 4187 1369 4235 Ex
1387 4186 1475 4237 eodem
1498 4185 1543 4250 (nc.
1567 4186 1744 4254 Triburienci).
1779 4191 1805 4241 si
1824 4191 1885 4258 Κεφ.

262 4277 289 4336 1))
307 4284 354 4327 ant
371 4276 398 4326 in
416 4275 503 4339 aliquo
515 4273 619 4325 laeserit
635 4282 661 4323 et
677 4272 713 4322 id.

363 4359 388 4413 2.
425 4361 480 4428 cfr.
497 4359 558 4410 Tac.
572 4357 623 4422 IV,
642 4375 684 4408 nr.
698 4354 722 4409 2.
759 4357 786 4418 ιι)
806 4358 844 4407 De
862 4355 913 4418 illo,
931 4357 976 4422 qni
989 4372 1092 4407 servum
1110 4372 1137 4405 so
1150 4356 1246 4406 fecerit.
1283 4357 1323 4407 Ex
1335 4358 1443 4410 concilio
1455 4359 1615 4411 Triburisnei
1632 4377 1687 4427 cap.
1701 4363 1745 4412 XI.
1758 4362 1828 4413 ηιὸτ.
1842 4381 1885 4430 ap.

218 4467 243 4506 as
261 4449 338 4516 Repe
363 4449 403 4499 De
414 4448 535 4514 ingenuo,
553 4445 576 4496 si
594 4445 734 4511 ingenuam
745 4444 871 4509 acceperit
887 4460 993 4493 uxorem
1012 4450 1037 4493 et
1049 4449 1137 4509 postes
1154 4459 1182 4494 so
1193 4459 1297 4494 servum
1310 4461 1366 4496 esse
1380 4446 1519 4512 profitetur.
1555 4447 1886 4500 ExconcilioTribnriensi

259 4555 314 4604 cap.
328 4537 397 4600 VIII,
415 4535 458 4586 cui
475 4534 592 4585 interluit
611 4549 656 4582 rex
674 4532 798 4582 Aruollns
816 4531 886 4582 rubr.
905 4547 947 4596 ap.
967 4529 1064 4581 Barch.
1136 4528 1162 4593 1))
1182 4530 1346 4596 accepithl.
1417 4529 1441 4592 c)
1460 4549 1508 4582 om.
1526 4531 1588 4598 leq.
1659 4533 1685 4596 (1)
1703 4536 1886 4601 acceperatid.

361 4621 385 4673 3.
424 4621 480 4688 Csr.
496 4619 556 4670 Tob.
573 4617 624 4683 IV,
643 4636 684 4669 ar.
697 4617 722 4669 3.
757 4617 783 4682 a)
801 4618 828 4668 si
846 4617 904 4683 quis
926 4634 985 4668 curn
1010 4617 1063 4667 filia
1085 4623 1239 4668 materterae
1261 4633 1324 4668 snae
1350 4625 1375 4667 et
1400 4625 1448 4670 cst.
1467 4621 1641 4672 concubuerit.
1678 4621 1716 4671 Ex
1735 4623 1823 4672 eodem
1840 4621 1886 4686 (sc.

266 4708 434 4773 Ilibarieaoi)
452 4707 521 4757 rubr.
541 4722 584 4771 op.
604 4705 680 4771 Iisp.;
710 4706 749 4755 De
767 4703 811 4754 illo
829 4704 973 4770 coniugato,
992 4704 1036 4770 qui
1055 4719 1114 4754 cum
1133 4703 1186 4754 filia
1204 4711 1355 4755 materteras
1372 4720 1435 4756 suaa
1453 4705 1494 4754 vel
1512 4706 1636 4756 avunculi
1661 4708 1701 4758 vel
1729 4711 1820 4760 amitae
1845 4711 1886 4761 vel

262 4797 346 4864 patrui
369 4796 409 4846 nui
432 4795 572 4845 fornicatus
592 4793 677 4842 fuerit.
712 4793 752 4840 Ex
771 4790 879 4841 concilio
900 4789 1060 4841 'l‘rihuriensi
1079 4805 1135 4856 cap.
1149 4791 1167 4840 I.
1187 4789 1258 4839 rubr.
1277 4806 1319 4854 op.
1338 4789 1448 4851 Βανά),
1471 4793 1534 4842 Item
1552 4809 1602 4843 ora.
1620 4792 1657 4843 id.
1746 4795 1774 4860 b)
1793 4805 1832 4847 est
1849 4797 1883 4847 id.

218 4906 244 4945 40
262 4883 287 4947 c)
305 4883 400 4934 amitae
424 4883 464 4932 vel
483 4895 576 4930 avune.
595 4879 630 4928 td.
718 4877 745 4941 d)
769 4877 847 4944 patris
871 4875 925 4926 Cot.
1030 4872 1127 4939 elnon
1151 4875 1228 4926 liceat
1250 4875 1286 4926 id.
1385 4879 1405 4932 ll
1429 4878 1533 4928 alterius
1555 4878 1591 4929 id.
1690 4879 1718 4948 g)
1742 4898 1773 4933 ae
1796 4883 1832 4934 sic
1850 4883 1887 4934 id.

260 4970 289 5030 1))
308 4975 366 5020 stat
386 4970 462 5036 prior.
481 4967 579 5018 Barch.
667 4966 685 5030 i)
703 4983 751 5015 ena.
771 4963 831 5030 Rep.
914 4963 942 5028 k)
961 4963 1085 5014 dirissime
1103 4971 1189 5014 autern
1209 4963 1263 5014 Oct.
1348 4964 1367 5024 1)
1384 4965 1518 5031 desperati,
1537 4983 1585 5016 orn.
1603 4969 1769 5033 conscientia,
1788 4969 1885 5022 Rae-ch.

364 5055 387 5107 4.
426 5055 481 5123 Cfr.
505 5054 566 5105 Tae.
580 5054 600 5104 I
603 5053 630 5118 V,
649 5071 689 5104 nr.
703 5050 728 5105 4.
764 5056 790 5116 a)
807 5053 847 5102 De
865 5051 954 5102 cedern
972 5068 1007 5102 re.
1050 5053 1088 5102 Ex
1112 5051 1200 5101 eodem
1223 5049 1269 5114 (sc.
1292 5051 1887 5120 &eremmonap.1ny.,Barst.,qui

262 5144 347 5196 addit:
364 5160 419 5210 cap.
433 5144 478 5194 IX.
560 5142 588 5198 bl
607 5142 697 5191 fornic.
716 5141 781 5191 iuer.
799 5139 845 5190 iid.
926 5139 951 5202 e)
970 5139 1160 5205 ignoraverunt,
1187 5153 1269 5202 usqne
1296 5138 1328 5187 ad
1352 5145 1456 5189 mortem
1480 5139 1634 5206 aconiugio
1651 5141 1696 5191 ita.

365 5229 389 5282 5.
428 5229 482 5297 cyr.
506 5228 566 5279 Tela
580 5227 631 5292 JV,
650 5246 691 5279 nr.
704 5227 730 5279 5.
769 5228 797 5290 a)
817 5229 855 5276 Dc
873 5226 1011 5292 episcopis,
1029 5226 1073 5292 qni
1097 5243 1149 5276 non
1174 5225 1284 5276 visitatis
1308 5224 1434 5291 parochiis
1459 5225 1572 5291 precium
1597 5227 1726 5278 servitutis
1745 5228 1886 5292 requirunt.

218 5337 243 5376 4⁵
262 5320 302 5369 Ex
313 5318 421 5370 concilio
433 5317 502 5384 apud
514 5315 649 5367 Triburias
661 5315 750 5364 habito
762 5313 919 5380 temporibus
932 5312 1059 5377 hrnnlphi
1070 5313 1138 5378 regis
1156 5327 1213 5378 cap.
1222 5311 1317 5362 XXVI.
1335 5311 1406 5361 mehr.
1420 5329 1462 5377 op.
1476 5311 1547 5378 Κεφ,
1565 5311 1662 5363 Burclr.
1732 5313 1760 5377 1))
1773 5315 1885 5380 plebium

260 5405 331 5472 Bep,
351 5403 455 5468 natiso,
473 5402 569 5454 Bacch.
655 5401 679 5464 c)
699 5402 812 5469 episcopi
830 5400 933 5466 quidam
947 5397 1016 5464 Bep,
1030 5397 1125 5449 Satist.
1204 5398 1232 5464 d)
1250 5399 1291 5448 vel
1309 5398 1340 5448 ed
1360 5399 1563 5450 continuandum
1577 5397 1646 5466 neq,
1666 5399 1770 5463 satiro,
1789 5399 1886 5453 Borch.

364 5557 409 5626 36)
429 5555 484 5623 Ost.
504 5571 588 5623 aspro
607 5571 628 5608 c.
641 5555 684 5608 lc.
782 5553 826 5620 31)
848 5549 1063 5617 cranmere
1082 5551 1157 5619 epist.
1175 5549 1213 5604 ed
1225 5549 1378 5604 Artemam
1395 5567 1418 5604 c.
1433 5551 1458 5618 2,
1478 5550 1576 5604 Mane
1591 5550 1658 5618 XV,
1675 5554 1722 5608 ool.
1734 5553 1794 5619 461,
1814 5553 1887 5620 Jaffe

261 5661 314 5717 tc.
333 5659 374 5728 1²,
395 5675 437 5713 ar.
450 5659 530 5721 17ῧῆ
559 5657 634 5728 optet.
656 5657 692 5711 ed
718 5655 860 5722 Indenea,
892 5653 996 5722 Mipne,
1025 5653 1128 5709 Patrol.
1154 5655 1197 5709 lot.
1219 5653 1332 5720 CXIX,
1355 5655 1498 5720 collidi,
1522 5653 1594 5720 Jofft
1616 5655 1666 5710 tc.
1687 5657 1727 5724 1²,
1750 5673 1792 5710 ar.
1810 5657 1886 5711 2865.

263 5766 306 5836 38)
326 5763 380 5831 Ost.
398 5779 483 5834 supro
500 5778 519 5817 c
533 5763 575 5818 45.
