4590 6420
423 437 485 502 380
579 433 826 490 ChPl'PULdltlA
844 432 975 489 REGUM
994 431 1178 488 Faesulas
1200 429 1461 488 OCClllEN'l’AlrlS
1481 429 1630 498 (KAROLI
1645 431 1704 500 lll).
1724 461 1755 468 -
1775 429 1894 490 Nrtoo

333 615 398 670 920:
421 609 625 694 iniquitatem
657 616 826 695 operatur,
855 610 907 694 qui
938 615 1047 674 autem
1074 607 1244 694 pecuniam
1274 606 1326 672 vel
1353 627 1407 671 res
1437 605 1599 672 eeclesiae
1623 605 1811 684 abstulerit,
1841 604 2049 691 sacrilegium

420 714 508 794 facit,
533 719 567 777 et
589 720 625 776 ut
650 713 830 798 sacrilegus
855 711 1046 777 iudicandus
1069 707 1163 778 est.‘''
1880 733 1881 738 ¹

529 838 557 896 4.
593 834 766 899 Praefatus
791 833 932 918 denique
955 833 1133 898 Hilduinus
1164 831 1335 896 thesauros
1362 831 1520 896 ecclcsiae
1549 831 1751 916 Tungrensis
1782 836 1815 896 et
1847 831 2047 918 Aquisgraui

421 939 533 1023 palatii
558 939 649 1004 iuxta
672 939 760 1003 beati
784 939 949 1002 Lamberti
975 960 1091 1025 corpus
1108 938 1260 1023 martyris
1283 937 1315 1000 in
1340 934 1479 1022 quadam
1502 955 1578 999 arca
1600 936 1724 1022 positos
1748 935 1844 999 arida
1868 936 2046 1022 cupiditate

420 1043 528 1129 rapuit
552 1064 674 1128 eosque
697 1044 837 1108 inimicis
860 1043 991 1122 nostris,
1016 1043 1084 1105 suis
1101 1039 1256 1106 videlicet
1271 1039 1470 1118 fautoribus,
1500 1039 1636 1102 contulit
1659 1044 1693 1102 et
1716 1039 1878 1104 ecclcsiae
1902 1034 2046 1106 abstulit.
2079 1079 2091 1116 5

421 1145 471 1209 llo
488 1168 552 1231 quo
569 1148 753 1232 quibusque
771 1146 994 1211 huiuscemodi
1019 1147 1103 1210 sacri
1127 1165 1270 1210 canones
1294 1145 1340 1208 ita
1353 1142 1548 1216 decernunt:
1574 1133 1749 1228 ‘Si12quis
1773 1144 1925 1208 inventus
1949 1143 2049 1209 fuerit

420 1249 543 1334 aliquid
578 1250 619 1315 de
659 1251 849 1316 ministeriis
888 1250 1048 1315 ecclesiae
1083 1248 1271 1314 vendidisse
1306 1247 1357 1311 vel
1392 1245 1595 1326 abstulisse‘,
1628 1245 1837 1332 sacrilegium
1873 1251 2048 1314 commisit.

420 1353 549 1417 Placuit
573 1376 646 1419 eum
673 1356 705 1418 in
730 1354 842 1419 ordine
868 1355 1092 1420 ecclesiastico
1118 1375 1181 1417 non
1206 1349 1339 1416 haberi'
1384 1350 1479 1415 Unde
1503 1358 1536 1414 et
1551 1351 1669 1416 beatus
1685 1350 1893 1436 Augustinus
1909 1351 2047 1419 XLVIl.

420 1459 582 1542 evangelii
608 1459 740 1523 homilia
765 1459 920 1524 Iohannis
945 1459 1038 1524 dicit:
1063 1450 1198 1523 ‘Eece13
1222 1459 1307 1521 inter
1328 1461 1457 1521 sanctos
1482 1461 1533 1519 est
1552 1454 1664 1534 Iudas,
1689 1476 1765 1520 ecce
1782 1455 1833 1519 fur
1856 1464 1908 1521 est
1930 1456 2046 1530 Iudas;

420 1571 453 1624 et
476 1583 517 1626 ne
541 1569 749 1640 contemnas,
779 1555 864 1626 ιιιι14
894 1564 945 1628 hic
975 1565 1154 1649 sacrilegus
1177 1570 1242 1642 est,
1276 1581 1341 1626 non
1372 1559 1655 1646 qualiumcumque
1685 1559 1735 1623 fur
1761 1559 1923 1638 locorum,
1953 1551 2046 1625 scd¹⁴
2067 1600 2092 1638 10

419 1664 670 1740 dominicorum;
706 1668 917 1744 loculorumss,
955 1668 1013 1733 sed
1049 1663 1238 1740 sacrorum’;
1274 1674 1308 1730 et
1339 1671 1414 1752 post
1442 1684 1565 1749 pauca:
1601 1663 1816 1750 ‘Quicumque
1853 1665 1974 1750 aliquid
2006 1665 2047 1730 de

420 1769 561 1834 ecelesia
584 1763 728 1834 ιιιιιειιι15
752 1770 804 1835 rel
827 1770 1027 1851 fraudatur⁰,
1053 1771 1155 1835 Iudae
1181 1769 1338 1857 proditori
1362 1764 1591 1854 comparatur?

527 1896 555 1955 5.
591 1890 662 1954 Hos
685 1891 845 1956 ecclesiae
868 1893 1041 1956 thesauros
1065 1889 1227 1977 episcopis
1252 1895 1284 1952 et
1307 1887 1480 1952 comitibus
1504 1895 1537 1952 et
1553 1888 1735 1953 fautoribus
1758 1911 1821 1975 pro
1841 1911 1901 1955 sua
1918 1889 2046 1956 ordina-

418 1995 505 2058 tione
529 1993 619 2058 dedit
643 2017 705 2060 non
730 2018 809 2082 prae
841 1996 944 2061 oculis
974 1997 1101 2061 habens
1133 1999 1257 2060 statuta
1281 1993 1427 2058 Africani
1450 1993 1593 2073 concilii,
1621 1994 1737 2079 quibus
1766 1995 1982 2081 praecipitur,
2011 2001 2048 2059 ut

419 2099 526 2162 nullus
550 2121 608 2186 per
636 2101 790 2187 pecunias
820 2099 1003 2179 ordinetur,
1034 2101 1080 2163 ita
1107 2099 1270 2184 inquiens:
1308 2089 1391 2160 ‘Si16
1415 2096 1487 2181 quis
1519 2097 1694 2182 episeopus
1724 2117 1783 2182 per
1805 2099 1963 2184 pecunias
1987 2099 2046 2163 ob·
2068 2122 2091 2160 rs

418 2201 551 2266 tinuerit
565 2201 768 2286 dignitatem,
791 2202 961 2278 deiciatur,
984 2203 1087 2267 modis
1104 2201 1254 2266 omnibus
1271 2197 1490 2278 abscidaturl,
1514 2198 1600 2262 sicut
1618 2197 1735 2264 Simon⁴
1746 2221 1862 2286 magus
1880 2200 2047 2266 abscissus

419 2312 513 2368 esta
542 2304 670 2380 Petro’;
710 2308 787 2370 item
818 2308 850 2370 in
879 2307 1015 2371 concilio
1046 2303 1320 2370 Chalcedonensi:
1350 2295 1433 2367 ‘Si17
1465 2303 1537 2387 quis
1566 2303 1757 2390 episcopus,
1790 2306 1963 2392 presbyter
1991 2313 2048 2370 aut

420 2407 578 2473 diaconus
603 2410 662 2475 sub
685 2413 790 2497 pretio
815 2409 956 2497 Spiritus
981 2411 1087 2476 sancti
1111 2411 1251 2496 gratiam
1267 2408 1416 2473 obtinere
1440 2407 1590 2486 voluerit,
1615 2408 1737 2492 proprii
1761 2407 1881 2494 gradus
1903 2409 2047 2497 periculo

418 2513 618 2588 subiacebit;
643 2521 676 2579 et
699 2514 779 2578 nihil
802 2535 845 2578 ex
868 2514 928 2579 hac
953 2514 1157 2579 ordinatione
1182 2514 1234 2578 vel
1258 2512 1478 2599 promotione,
1510 2531 1594 2596 quae
1626 2520 1675 2576 est
1703 2532 1762 2598 per
1785 2515 2046 2598 negotiationem

420 2616 519 2696 facta,
542 2617 701 2702 proficiat,
727 2617 785 2684 sed
809 2616 1125 2684 anathematizetur.’
2066 2641 2093 2681 ιο

527 2742 555 2803 6.
590 2738 660 2804 Iam
684 2741 790 2804 dietus
814 2740 990 2805 Hilduinus
1014 2740 1055 2804 ad
1080 2739 1243 2804 cumulum
1273 2759 1353 2804 suae
1385 2737 1604 2803 damnationis
1628 2745 1705 2802 ante
1729 2737 1925 2803 venerabilis
1946 2736 2047 2802 Heri-

418 2844 527 2907 msnni
557 2847 776 2932 praesentiam
798 2847 932 2910 veniens
961 2867 1061 2932 super
1090 2867 1184 2910 sacra
1206 2843 1348 2909 nefanda
1375 2844 1508 2921 iurarit,
1539 2841 1626 2927 quod
1656 2861 1717 2926 ego
1745 2841 1889 2906 Karolus
1917 2842 2045 2928 episco-

420 2947 507 3030 pium
532 2947 725 3033 Tungrense
749 2943 943 3030 dederimffl,
973 2959 1007 3016 et
1029 2949 1187 3036 quosdam
1211 2971 1253 3015 ex
1276 2949 1405 3014 clericis
1434 2955 1468 3012 et
1491 2947 1584 3012 laicis
1608 2948 1715 3012 iurare
1740 2948 1904 3034 compulit.
1951 2945 2047 3021 Quod

420 3053 581 3134 quamsit
611 3053 785 3118 absurdum
810 3075 972 3140 quamque
997 3054 1180 3134 vitandum,
1211 3054 1350 3140 sparsim
1380 3059 1567 3117 sanctarum
1596 3051 1828 3137 scripturarum
1860 3052 2049 3116 testimonia

421 3155 613 3240 approbant.
1652 3173 1654 3178 ’
2066 3179 2092 3219 a.

529 3280 558 3340 7.
593 3277 793 3343 Memoratus
820 3285 994 3364 praeterea
1016 3278 1195 3344 Hilduinus
1219 3301 1277 3366 per
1301 3279 1452 3344 domnum
1476 3277 1715 3342 Herimannum
1739 3278 1927 3364 episcopum
1952 3277 2047 3341 tertio

422 3387 556 3444 vocatus
581 3382 622 3445 ad
646 3383 819 3467 synodum,
849 3390 885 3446 ut
916 3390 1030 3448 contra
1059 3383 1155 3462 haec,
1187 3403 1270 3468 quae
1298 3383 1359 3447 sibi
1382 3382 1583 3460 obiciuntur,
1612 3381 1841 3467 responderet,
1872 3382 1898 3445 si
1927 3382 2048 3446 instem

421 3504 554 3547 causam
578 3483 726 3566 haberet,
751 3494 808 3551 aut
833 3487 861 3550 si
884 3508 948 3550 non
971 3494 1097 3572 posset,
1122 3507 1280 3551 canonum
1304 3485 1458 3550 feriretur
1481 3485 1626 3572 spiculis,
1652 3487 1715 3570 qui,
1739 3485 1893 3570 quoniam
1917 3485 2047 3572 quidem

421 3588 532 3652 venire
557 3588 699 3668 distulit,
728 3589 841 3654 incidit
865 3590 1060 3654 senteutiam
1089 3589 1248 3653 Bonifacii
1279 3610 1385 3676 papae
1417 3590 1463 3654 ita
1493 3587 1647 3654 dicentis:
1678 3581 1848 3652 ιΡιοιιιιι19
1872 3609 1950 3653 vera
1973 3610 2047 3654 esse

421 3691 489 3766 illa,
513 3713 597 3777 quae
622 3693 777 3757 adversus
801 3716 836 3757 se
861 3693 948 3757 dicta
972 3701 1057 3772 sunt,
1082 3695 1136 3779 qui
1159 3693 1200 3757 ad
1225 3714 1264 3756 ea
1294 3691 1492 3756 confutanda
1516 3691 1634 3758 adesse
1658 3691 1790 3756 minime
1814 3692 1891 3756 vult.
1937 3691 1979 3757 Et
2003 3714 2044 3757 ne
2066 3723 2093 3764 a

421 3794 562 3874 dubitet,
586 3795 670 3881 quod
695 3798 740 3861 ita
762 3797 915 3862 iudicium
940 3819 1061 3862 nocens
1086 3798 1296 3882 subterfugit,
1327 3796 1599 3882 quemadmodum
1622 3804 1658 3861 ut
1681 3797 1887 3872 absolvatur,
1917 3798 1971 3883 qui
1996 3804 2047 3861 cst

429 3920 583 3978 nnocerrs,
608 3897 763 3984 quaerit';
789 3906 916 3989 etpost
940 3923 1057 3988 pauca:
1082 3901 1276 3965 ‘Confitetur
1299 3901 1385 3964 enim
1409 3901 1450 3966 de
1468 3901 1628 3982 omnibus,
1653 3902 1800 3987 quisquis
1817 3902 2046 3988 subterfugere

422 4003 575 4068 iudicium
600 4027 695 4090 posse
724 4005 935 4070 dilationibus
959 4005 1071 4092 putat':
1097 4007 1173 4070 item
1197 4008 1282 4092 ipse:
1316 4005 1361 4070 ‘Si
1388 4005 1504 4069 adesse
1528 4005 1685 4081 voluerit,
1717 4026 1892 4091 praeseus,
1921 4008 1948 4070 si
1970 4011 2048 4070 'eon-

421 4107 500 4186 tidit,
524 4109 565 4172 ad
589 4109 719 4174 obiecta
742 4110 948 4196 respondeat.
994 4109 1118 4185 Quodsi
1143 4111 1261 4178 adesse
1286 4111 1482 4196 neglexerit,
1505 4110 1694 4175 dilationem
1718 4107 1901 4175 sententiae
1926 4110 1966 4175 de
1990 4109 2047 4174 ab·

421 4212 528 4276 sentia
551 4234 615 4277 non
640 4213 805 4281 lucretur!
1395 4223 1405 4244 ·
2065 4219 2090 4275 ἰι

524 4449 548 4514 f)
567 4449 612 4518 qui
631 4449 693 4502 mid.
711 4446 736 4502 2.
822 4450 851 4519 g)
868 4451 982 4506 locorum
1002 4449 1024 4506 1.
1112 4451 1139 4514 Ιι)
1156 4451 1287 4506 abiciatur
1310 4449 1382 4538 1.Ἰ

525 4665 567 4731 12)
589 4662 644 4731 (lsr.
661 4680 746 4734 utapro
759 4681 790 4734 p.
802 4666 860 4721 289.
950 4669 993 4735 13)
1011 4666 1101 4736 &epra
1115 4685 1144 4737 p.
1156 4668 1217 4736 289,
1233 4673 1287 4724 ιιοι.
1300 4669 1342 4725 36.
1430 4669 1475 4736 14)
1493 4665 1538 4724 fur
1556 4670 1585 4722 et
1597 4665 1749 4740 sacrilegus
1762 4683 1817 4724 uon
1832 4663 2047 4746 qualiscumque

421 4767 476 4824 fur:
502 4769 546 4824 fur
564 4769 730 4836 loculorum,
749 4771 797 4826 sed
815 4771 961 4844 Augeat-ia.
1051 4775 1094 4840 lb)
1114 4772 1223 4828 furatur
1241 4773 1327 4828 iudae
1345 4773 1456 4844 perdito
1475 4773 1622 4842 Amastra.
1711 4775 1755 4842 16)
1775 4773 1859 4828 Immo
1878 4773 1945 4828 Gara.
1963 4779 2047 4842 oport.

420 4888 441 4928 c.
454 4874 497 4941 30,
517 4873 649 4942 Marcell,
666 4875 712 4930 ool.
724 4877 773 4930 53:
796 4875 824 4930 Si
844 4876 907 4945 quis
927 4877 1072 4948 episcopus
1090 4880 1141 4931 ant
1159 4877 1304 4947 presbyter
1321 4883 1371 4932 aut
1389 4877 1523 4932 diaconus
1542 4893 1591 4948 per
1609 4877 1741 4947 pecunias
1759 4882 1804 4934 alc.
1907 4878 1949 4946 ll)
1970 4877 2048 4934 Oeae.

423 4975 542 5030 tlaolcal.
560 4993 581 5030 c.
594 4978 619 5044 2,
640 4977 736 5031 Marcei
752 4977 814 5046 Vll,
830 4979 951 5034 ool.3l3:
975 4979 1003 5033 Si
1024 4979 1086 5049 quis
1105 4979 1251 5050 episcopus
1269 4996 1320 5049 per
1338 4981 1484 5049 pecuniam
1504 4980 1601 5035 fecerit
1618 4981 1823 5035 ordinationem
1842 4984 1871 5036 et
1889 4983 1940 5036 rub
1958 4982 2049 5052 pretio
2066 5003 2092 5042 ιο

421 5079 561 5150 redegerit
578 5082 712 5150 gratiam,
731 5099 803 5150 quac
821 5099 877 5137 nou
896 5086 990 5152 potest
1007 5085 1104 5148 vendi,
1123 5083 1351 5154 ordinaveritque
1368 5102 1418 5154 per
1436 5086 1568 5155 pecunias
1587 5085 1749 5156 episcopum
1766 5087 1983 5148 untdiaconum
2003 5087 2047 5140 vcl

421 5184 577 5251 quemlibet
599 5203 632 5239 ex
657 5185 712 5256 his,
735 5187 784 5256 qui
803 5191 1039 5243 connumerantur
1056 5189 1085 5242 in
1109 5189 1195 5254 clero,
1289 5189 1327 5254 is,
1349 5189 1393 5243 cui
1417 5189 1469 5244 hoe
1490 5190 1644 5245 attentanti
1663 5190 1811 5260 probatum
1830 5192 1924 5258 fuerit,
1943 5192 2047 5262 proprii

421 5288 524 5358 gradus
548 5290 672 5360 periculo
696 5291 860 5348 subiacebit.
907 5292 942 5347 Et
964 5292 1012 5362 qui
1037 5291 1182 5347 ordinatus
1206 5295 1260 5358 est,
1286 5293 1356 5347 nihil
1383 5310 1416 5348 ex
1439 5293 1691 5349 hacordinationc
1713 5295 1921 5364 '...prof1ciat,
1946 5296 1993 5350 sed
2011 5296 2048 5350 sit

421 5393 530 5448 alienus
548 5412 565 5448 a
584 5395 725 5464 dignitate
743 5397 787 5450 vel
805 5397 1008 5462 sollicitudine,
1027 5415 1112 5467 quam
1135 5398 1261 5468 pecuniis
1279 5398 1427 5468 quaesivit.
1463 5397 1491 5452 si
1510 5398 1572 5467 quis
1591 5415 1656 5453 vcro
1678 5399 1817 5454 mediator
1840 5403 1898 5454 tarn
1918 5399 2047 5470 turpibus
2081 5417 2083 5426 ¹

422 5500 451 5550 et
469 5498 597 5552 nefandis
621 5499 695 5554 datis
719 5501 762 5555 vel
786 5501 909 5572 acceptis
934 5502 1087 5565 exstiterit,
1112 5502 1250 5571 siqnidem
1278 5502 1394 5558 clericus
1417 5501 1515 5566 fuerit,
1538 5503 1651 5574 proprio
1676 5504 1766 5574 gradu
1792 5505 1916 5568 decidatr
1941 5505 1964 5558 si
1982 5520 2047 5558 vero
2065 5523 2090 5562 ιι

422 5603 510 5658 laicus
529 5608 580 5658 aut
599 5607 759 5674 nronachns,
777 5607 1039 5663 anathematizetur.
1111 5611 1154 5676 18)
1175 5608 1231 5676 Ofr.
1249 5623 1334 5677 arpeo
1348 5625 1377 5677 p.
1391 5606 1450 5674 378,
1468 5607 1515 5661 lia.
1530 5607 1568 5661 10.
1589 5607 1629 5663 17.
1703 5609 1744 5676 19)
1764 5609 1906 5676 Bonifuclr‘
1918 5609 1991 5678 epist.
2011 5607 2048 5662 cal

423 5711 579 5766 Patroclum
597 5715 653 5780 etc,
675 5710 768 5764 Meae
780 5712 830 5779 IV,
847 5713 893 5768 col.
905 5713 956 5767 394
971 5729 1017 5782 sq,
1035 5710 1108 5780 Jafft
1124 5713 1140 5767 l.
1154 5728 1175 5768 c.
1195 5711 1235 5781 1¹,
1253 5727 1294 5768 ar.
1309 5713 1374 5782 349,-
1395 5711 1513 5766 hocloco
1531 5711 1630 5769 abbrev.
