4568 6420
380 447 442 510 456
496 441 764 496 ADDITAMENTA
784 443 831 495 AD
850 441 965 496 CAPIT.
986 441 1065 496 ΒΕΘ.
1087 440 1270 494 ramsolas
1288 437 1480 493 OCGIDEN'F.
1499 437 1648 506 (annom
1662 438 1709 507 ll).
1727 469 1758 476 —
1777 437 1827 492 Nr.
1841 437 1899 491 302.

455 975 555 1078 eor.
604 969 827 1080 onon
867 966 1466 1079 coaonrrronrs
1507 966 1832 1077 annom
1863 969 1938 1076 n.

507 1124 597 1234 ΙΝ
630 1123 912 1234 REGNO
949 1122 1415 1233 HLOTHARH
1447 1121 1522 1232 ΙΙ.
1561 1120 1885 1231 FACTAE.

1056 1301 1152 1385 Sco.
1180 1313 1281 1403 sepo.
1301 1312 1335 1383 o.

415 1555 420 1564 .
491 1477 656 1560 Ordinem
672 1497 884 1562 coronationis
899 1495 1041 1560 debemus
1056 1495 1232 1574 Sirrnondo,
1252 1496 1360 1561 Caroli
1378 1497 1469 1562 mter
1488 1494 1589 1576 Currit.
1606 1517 1641 1576 p.
1659 1497 1730 1572 486,
1755 1495 1811 1575 cni
1826 1495 1860 1558 in
1877 1495 2011 1558 editione

376 1599 528 1679 parendo
550 1600 649 1664 codice
671 1601 704 1666 S.
722 1600 892 1665 Lenrentii
914 1599 1097 1663 Lcodiensis
1110 1599 1207 1696 'trodio
1229 1619 1293 1662 non
1316 1600 1382 1663 inm
1406 1603 1548 1664 exstante
1571 1618 1647 1663 osne
1669 1603 1723 1664 est.
2042 1611 2054 1649 ⁵

489 1702 539 1768 De
561 1725 657 1768 crosa
680 1708 708 1768 et
731 1709 864 1786 tompore
887 1703 1004 1768 Karcli
1026 1703 1236 1768 connectionis
1259 1701 1315 1782 cfr.
1339 1723 1438 1783 snpra
1462 1723 1511 1768 nr.
1530 1706 1602 1767 276.

1508 1807 1566 1888 (Β.
1589 1807 1638 1882 ΙΙ,
1656 1809 1713 1869 301
1724 1827 1734 1882 ;
1758 1805 1795 1870 P.
1813 1807 1901 1885 514.)

528 2032 841 2097 Benedictiones
866 2053 981 2116 super
1005 2053 1136 2116 regem
1159 2031 1346 2096 Karolum
1369 2040 1461 2097 ante
1486 2033 1644 2096 missam
1668 2040 1707 2095 et
1732 2031 1862 2095 altare

1018 2135 1147 2198 sancti
1170 2134 1374 2219 Stephani.

494 2224 722 2335 Adventius
747 2273 958 2357 episcopus
983 2271 1209 2336 Mettensis:
1247 2271 1356 2352 Deus,
1387 2273 1439 2356 qui
1464 2274 1592 2357 populis
1617 2273 1680 2336 tuis
1703 2272 1908 2358 indulgentia
1931 2295 2006 2336 con·
2029 2297 2053 2334 re

381 2376 460 2438 solis
484 2381 516 2438 et
540 2396 649 2439 amore
675 2374 863 2456 dominaris,
889 2375 930 2437 da
954 2375 1029 2438 lruio
1054 2374 1173 2438 farnulo
1197 2381 1252 2438 tun
1277 2376 1426 2459 spiritum
1443 2376 1635 2460 sapientiae,
1661 2376 1711 2439 oui
1729 2376 1848 2440 dedisti
1864 2377 2009 2461 regimen

381 2478 582 2563 disciplinae,
606 2485 641 2543 ut
666 2479 723 2542 tibi
745 2485 813 2542 toto
838 2478 935 2542 corde
959 2477 1094 2559 devotus
1119 2480 1207 2542 etin
1233 2479 1323 2562 regni
1347 2479 1502 2562 regimine
1519 2485 1651 2543 maneat
1667 2502 1798 2564 semper
1816 2480 1952 2544 idoneus
1977 2485 2011 2543 et

382 2583 415 2645 in
438 2582 532 2646 bonis
557 2583 709 2667 operibus
733 2603 948 2668 perseverans
980 2581 1020 2645 ad
1051 2589 1221 2646 aeternum
1252 2601 1388 2666 regnum
1417 2586 1449 2644 to
1473 2581 1556 2646 duce
1584 2582 1690 2646 valeat
1714 2582 1896 2667 pervenire.
1944 2583 2010 2647 Per

382 2686 559 2750 Dominum
582 2694 644 2752 etc.

491 2807 614 2870 Hatto
637 2806 921 2870 virdunensis:
961 2803 1094 2868 Gratiae
1125 2810 1217 2884 tuae,
1253 2827 1468 2891 quaesumus,
1506 2806 1661 2884 Domine,
1692 2805 1768 2869 buie
1800 2806 1922 2870 famulo
1954 2813 2008 2871 tuo
2028 2828 2051 2865 rs

383 2911 489 2975 tribue
520 2911 721 2996 largitatem,
755 2919 790 2975 ut
818 2910 971 2974 mandata
1004 2916 1060 2972 tua
1098 2916 1130 2972 te
1162 2915 1318 2993 operante
1348 2909 1502 2974 sectando
1537 2910 1792 2974 consolationem
1824 2911 2008 2994 praesentis

383 3015 468 3078 vitae
492 3017 652 3100 percipiat
676 3021 709 3080 et
733 3015 871 3078 loturae.
918 3013 981 3077 Per
1004 3011 1180 3075 Dominum
1206 3021 1265 3077 etc.

492 3134 683 3199 Arnullus
707 3135 925 3199 'l'ullensisz
958 3133 1095 3211 Nostris,
1120 3155 1334 3218 quaesumus,
1360 3134 1512 3210 Domine,
1536 3135 1568 3197 in
1592 3135 1751 3219 regimine
1776 3135 1870 3199 istius
1895 3137 2008 3200 tamuli

382 3240 427 3302 tui
453 3240 627 3324 propitiare
657 3239 875 3324 temporibus,
906 3245 942 3300 ut
972 3244 1027 3302 tuo
1058 3259 1192 3302 munere
1226 3238 1384 3324 dirigatur
1417 3247 1449 3302 ot
1478 3241 1776 3326 nostrasecuritas
1808 3247 1842 3305 et
1873 3240 2005 3304 devotio

384 3343 568 3407 christiana.
615 3343 677 3406 Per
700 3343 886 3409 Dominum.
1635 3351 1637 3354 ·
2027 3356 2052 3394 m

490 3462 639 3527 Franco
663 3462 921 3546 Tungrensis:
957 3461 1018 3540 Da,
1035 3482 1243 3545 quaesumus,
1260 3461 1411 3544 Domina,
1435 3463 1509 3528 huic
1527 3463 1648 3528 lamule
1667 3470 1722 3528 tuo
1740 3465 1879 3530 salutem
1895 3466 2012 3528 mentis

384 3573 416 3630 et
441 3568 598 3652 eorporis,
616 3575 652 3630 ut
676 3568 770 3632 bonis
794 3567 949 3651 operibus
974 3566 1173 3630 inhaerendo
1199 3573 1254 3630 tua
1279 3589 1410 3652 semper
1433 3574 1599 3632 mereatur
1616 3569 1734 3632 virtute
1759 3568 1903 3634 delendi.
1948 3568 2014 3632 Per

386 3669 573 3736 Dominum.
1111 3667 1115 3676 ’

490 3793 738 3857 Hincmarus
762 3791 1060 3870 Laudunensis:
1096 3789 1366 3855 Benedictionem
1391 3800 1495 3872 tuam,
1521 3791 1671 3872 Domine,
1697 3792 1747 3856 lric
1771 3793 1913 3856 famulus
1938 3801 2013 3857 tuus

383 3897 536 3982 accipiat,
567 3917 631 3980 qua
663 3917 796 3980 corpore
828 3896 971 3958 salvatus
1003 3901 1035 3957 et
1067 3900 1174 3957 mente
1198 3902 1230 3958 et
1253 3902 1381 3978 gratam
1407 3896 1463 3959 tibi
1489 3917 1615 3980 semper
1640 3895 1798 3959 exhibeat
1821 3898 2011 3960 servitutem
2031 3920 2056 3959 rs

385 4007 418 4063 et
442 4001 681 4086 propitiationis
706 4007 782 4063 tuae
806 3998 968 4062 beneficia
992 4019 1122 4082 semper
1145 3999 1300 4063 inveniat.
1345 3998 1410 4063 Per
1433 3999 1622 4064 Dominum.

493 4120 572 4184 Ode
595 4119 917 4184 Bellovacensis:
953 4115 1134 4194 Conservis,
1158 4139 1373 4202 quaesumus,
1397 4118 1549 4197 Domine,
1574 4120 1659 4183 hunc
1685 4121 1842 4184 famulum
1866 4125 1956 4183 tuum
1981 4126 2015 4184 et

384 4224 648 4287 benedictionum
673 4229 801 4285 tuarum
824 4219 984 4306 propitius
1008 4220 1162 4285 ubertate
1186 4222 1337 4306 purifica,
1361 4229 1398 4284 ut
1422 4223 1660 4287 eruditionibus
1685 4225 1750 4288 tuis
1775 4246 1906 4310 semper
1929 4225 2013 4287 mul-

384 4328 549 4412 tiplicetur
572 4333 605 4390 et
627 4325 730 4389 donis.
777 4325 841 4388 Per
863 4323 1051 4387 Dominum.

492 4446 729 4511 Benedictio
747 4445 952 4509 Hincmari
975 4444 1287 4531 archiepiscopi:
1313 4445 1482 4510 Extendat
1498 4449 1703 4532 omnipotens
1719 4448 1881 4512 Dominus
1898 4449 2011 4515 dexte·
2033 4468 2058 4506 ³⁰

385 4574 451 4614 ram
477 4572 555 4614 suae
579 4549 817 4614 benedictionis
842 4555 875 4612 et
898 4548 1045 4612 effundat
1070 4570 1166 4634 super
1196 4557 1227 4613 ta
1251 4550 1370 4613 donum
1402 4573 1481 4614 suae
1516 4552 1753 4636 propitiationis
1778 4559 1811 4616 et
1836 4553 2017 4618 circumdet

386 4663 417 4718 te
446 4655 534 4718 felici
563 4675 655 4718 muro
688 4652 856 4716 custodiae
891 4673 970 4716 suae
1002 4654 1231 4736 protectionis,
1267 4660 1400 4718 sanctae
1436 4655 1558 4720 Mariae
1590 4662 1623 4718 et
1653 4657 1795 4719 omnium
1828 4664 2015 4721 sanctorum

384 4757 662 4822 intercedentibus
685 4757 824 4821 meritis.
869 4756 990 4822 Amen.

471 4860 647 4944 Indulgent
670 4859 727 4922 tibi
751 4860 838 4922 mala
862 4860 985 4936 omnia,
1015 4879 1098 4944 quac
1122 4861 1272 4944 gessisti,
1303 4868 1336 4925 et
1366 4863 1489 4927 tribuat
1521 4863 1579 4926 tibi
1612 4865 1751 4947 gratiam
1776 4871 1808 4928 et
1831 4865 2014 4930 misericor·

386 4964 489 5042 diam,
519 4986 616 5048 quam
640 4964 806 5028 humiliter
827 4963 869 5026 ab
893 4984 932 5026 eo
957 4961 1122 5048 deposcis;
1155 4964 1336 5049 liberetque
1371 4973 1403 5029 to
1427 4966 1468 5029 ab
1493 4965 1744 5030 adversitatibus
1768 4968 1893 5031 cunctis
1917 4976 1949 5033 et
1973 4969 2013 5032 ab
2032 4980 2057 5018 ³⁵

386 5069 535 5131 omnibus
560 5068 735 5131 visibilium
759 5073 792 5130 et
814 5066 1023 5130 invisibilium
1048 5067 1253 5131 inimicorum
1277 5069 1411 5133 insidiis.
1458 5071 1576 5134 Amen.

491 5171 638 5256 Angelos
663 5190 739 5233 suos
764 5169 865 5234 bonos
890 5191 1021 5254 semper
1044 5179 1077 5234 et
1099 5171 1231 5256 ubique,
1255 5174 1309 5257 qui
1333 5180 1364 5237 te
1388 5173 1597 5258 praecedant,
1623 5176 1819 5238 comitentur
1842 5183 1875 5240 et
1899 5177 2013 5240 subse-

385 5283 534 5362 quantur,
558 5275 598 5339 ad
624 5274 804 5339 custodiam
828 5276 875 5339 tui
900 5283 1017 5370 penam
1042 5281 1074 5340 et
1097 5297 1117 5338 a
1140 5284 1277 5362 peccato
1295 5299 1354 5341 seu
1373 5277 1481 5363 gladio
1506 5285 1539 5342 et
1563 5277 1603 5341 ob
1628 5278 1771 5341 omnium
1794 5280 2014 5364 periculorum

385 5379 570 5444 discrimine
594 5387 626 5443 te
651 5399 711 5442 sua
735 5378 880 5463 potentia
903 5378 1030 5442 liberet.
1077 5379 1194 5444 Arnen.

493 5481 646 5546 Inimicus
669 5488 742 5544 tuos
767 5481 806 5545 ad
830 5482 921 5566 pacis
945 5483 1155 5567 caritatisque
1179 5485 1414 5570 benignitatem
1436 5491 1616 5564 convertat,
1641 5492 1673 5549 et
1698 5485 1784 5572 apud
1809 5486 1959 5551 odientes
1981 5494 2014 5552 te
2033 5498 2059 5538 ⁴⁰

385 5586 563 5670 gratiosum
588 5591 621 5648 et
644 5583 818 5648 amabilem
849 5585 959 5649 faciat.
1015 5585 1202 5650 Pertinaces
1238 5610 1368 5673 quoque
1398 5589 1430 5652 in
1461 5591 1507 5653 tui
1538 5590 1755 5654 insectatione
1780 5597 1813 5653 et
1837 5589 1911 5654 odio
1936 5611 2014 5654 con-

385 5692 512 5754 fusione
538 5688 672 5752 salutari
696 5687 817 5750 induat.
865 5687 973 5775 Super
996 5697 1027 5753 te
1052 5698 1161 5754 autern
1186 5693 1401 5756 sanctificatio
1426 5695 1626 5780 sempiterna
1649 5693 1806 5757 effloreat.
1851 5693 1970 5758 Amen.
