4560 6426
394 440 639 496 carralitanus
658 441 785 497 ababa
804 441 987 496 FRANCIAE
1005 441 1268 499 occmaaraurs
1287 445 1493 516 (Kanotala.
1512 474 1543 483 -
1562 444 1611 500 Nr.
1626 445 1685 500 274.
1783 447 1843 511 331

338 617 367 678 8.
401 613 446 678 Ut
470 615 557 678 missi
582 616 684 678 nostri
708 613 748 678 dc
772 615 922 679 omnibus
938 609 1109 682 censibus⁸
1132 619 1183 682 vel
1200 619 1406 704 paraveredis
1417 613 1441 701 9,
1465 641 1544 705 quos
1560 618 1678 684 Franci
1694 620 1841 684 homines
1860 637 1917 690 867».

231 719 272 784 ad
296 718 419 802 regiam
442 724 635 803 potestatem
661 717 830 782 exsolvere
855 718 991 796 debent,
1022 721 1185 805 inquirant
1208 731 1256 795 ct,
1288 724 1342 788 ubi
1376 745 1433 810 per
1460 725 1644 810 neglectum
1676 724 1845 788 dimissum

232 831 297 899 est,
328 822 453 886 cxsolvi
477 821 598 885 faciant
621 829 653 883 ct
676 819 852 904 diligenter
875 821 915 884 ‹lc
940 823 1077 906 singulis
1107 825 1314 889 comitatibus
1344 834 1461 891 cuncta
1488 827 1674 892 describant
1696 832 1730 891 et
1752 827 1847 890 nobie

231 928 428 992 renuntient.
474 925 629 990 Similiter
652 933 684 988 et
707 924 748 989 da
771 925 890 990 terrisd
915 926 1098 991 censalibus
1122 935 1155 990 et
1178 928 1330 994 derebus
1353 929 1394 993 ad
1411 950 1502 994 casas
1518 930 1582 995 Dei
1599 930 1737 1010 traditis,
1761 917 1846 993 unde

201 1053 348 1097 scensas
372 1029 412 1094 ad
436 1037 561 1115 partem
585 1029 671 1112 ragis
695 1028 797 1092 cxivit
812 1021 1037 1113 antiquitusffl.
1083 1029 1126 1093 Et
1149 1031 1174 1094 si
1192 1031 1307 1116 aliquis
1324 1033 1464 1117 aliquam
1481 1035 1706 1098 auctoritatem
1723 1033 1846 1116 regiam

231 1135 307 1200 inde
331 1133 519 1210 ostenderit,
543 1132 583 1197 ad
607 1139 752 1196 nostram
775 1135 993 1218 praesentiam
1018 1134 1121 1219 ipsam
1145 1137 1371 1200 auctoritatem
1395 1135 1512 1200 deferri
1537 1136 1664 1201 faciant.

339 1243 368 1304 9.
404 1236 449 1300 Ut
472 1238 561 1301 missi
583 1236 683 1300 nostri
707 1236 747 1301 da
770 1236 848 1300 locis
878 1236 919 1300 ad
943 1238 1085 1302 claustra
1107 1239 1335 1302 canonicorum
1357 1241 1406 1304 vel
1432 1239 1676 1319 monachorum,
1705 1239 1760 1304 ubi
1789 1260 1845 1304 nc-

232 1365 324 1410 caase
347 1343 455 1423 fucrit,
478 1347 590 1406 nostra
613 1341 806 1406 auctoritate
830 1350 1060 1426 exsequantur,
1084 1343 1168 1406 siout
1190 1344 1223 1406 in
1247 1343 1480 1428 capitularibus
1497 1345 1549 1409 avi
1573 1353 1606 1408 ct
1627 1343 1728 1429 patris
1745 1343 1846 1407 nostri

232 1439 460 1513 continetur¹¹.

189 1579 214 1616 ro
345 1555 391 1617 10.
419 1549 461 1614 Ut
485 1551 525 1614 dc
549 1550 643 1614 nonis
676 1557 708 1614 ct
736 1549 940 1614 docimis'ad
964 1572 1056 1615 casas
1087 1550 1150 1616 Dei
1173 1551 1346 1618 reddendis
1375 1553 1463 1617 missi
1492 1554 1593 1617 nostri
1618 1557 1849 1637 exsequantur,

233 1657 317 1722 sicut
340 1658 373 1720 in
395 1654 551 1740 praelatis
574 1653 809 1738 capitularibus
834 1645 1062 1718 continetur12'.

344 1763 389 1822 ll.
424 1755 469 1821 Ut
492 1756 532 1821 dc
556 1775 621 1819 uno
644 1776 757 1819 manso
780 1756 821 1821 ad
845 1756 1018 1820 ecclesiam
1043 1756 1118 1820 dato
1142 1757 1249 1822 nullus
1279 1779 1396 1822 census
1420 1780 1527 1845 nequa
1551 1759 1668 1823 caballi
1693 1765 1806 1844 pastus
1830 1779 1849 1821 a

233 1862 414 1928 sanioribus
443 1859 484 1924 de
515 1857 714 1945 presbyteris
747 1859 946 1944 requiratur,
976 1860 1059 1924 sicut
1087 1861 1119 1924 in
1147 1861 1295 1946 praefato
1327 1863 1499 1949 capitulari
1523 1854 1757 1928 contineturll:
1792 1860 1849 1926 sed

232 1989 337 2054 nequa
361 1965 401 2030 de
424 1964 555 2030 tcrrulis
578 1984 617 2027 ac
640 1963 776 2028 vineolis
799 1984 858 2048 pro
886 1964 958 2027 loco
992 1965 1180 2049 sepulturae
1209 1964 1250 2027 ad
1279 1964 1411 2029 easdem
1440 1967 1597 2031 ccclesias
1627 1965 1711 2030 datis
1744 1985 1849 2049 neque

191 2101 214 2138 n.
233 2071 273 2136 dc
297 2069 449 2148 decimis,
477 2068 560 2131 sicut
588 2066 621 2130 in
652 2066 832 2131 canonibus
862 2073 895 2128 et
924 2068 957 2130 in
980 2067 1135 2152 praefatis
1159 2067 1393 2153 capitularibus
1416 2069 1608 2136 continetur.
1654 2067 1698 2132 Et
1722 2068 1777 2132 ubi
1800 2068 1849 2131 iu-

233 2182 365 2240 ventum
401 2173 498 2237 fuerit
532 2181 582 2234 ate
617 2193 636 2234 a
671 2172 778 2235 missis
812 2173 947 2250 nostris,
983 2171 1069 2257 quod
1106 2172 1252 2236 seniores
1287 2173 1357 2236 sine
1393 2173 1591 2236 conscientia
1625 2172 1849 2258 episcoporum

233 2279 441 2367 presbyteros
465 2275 505 2340 de
529 2275 676 2338 ecclesiis
701 2274 822 2338 eiciunt
845 2276 896 2340 vel
920 2276 952 2338 in
976 2276 1124 2340 ecclesiis
1148 2283 1307 2350 statuunt,
1339 2277 1430 2340 missi
1453 2277 1570 2358 nostri,
1595 2277 1678 2340 sicut
1700 2276 1732 2339 in
1756 2296 1849 2360 prac-

233 2384 309 2449 fatis
334 2378 566 2467 capitularibus
590 2368 819 2456 contineturtt,
843 2377 917 2442 inde
941 2379 1072 2443 faciant.
1120 2378 1162 2443 Et
1178 2380 1323 2465 episcopi
1339 2378 1379 2442 de
1397 2379 1523 2444 clericis
1540 2380 1703 2444 hominum
1722 2385 1850 2443 nostro-

233 2509 304 2553 rum
327 2487 374 2550 ita
396 2484 526 2561 faciant,
550 2482 633 2546 sicut
655 2482 687 2545 ia
711 2480 835 2545 eisdem
859 2481 1093 2567 capitularibus
1117 2474 1344 2546 contineturll.

190 2619 216 2657 ao
345 2593 392 2652 12.
428 2587 473 2651 Ut
495 2586 587 2649 missi
618 2585 719 2650 nostri
747 2584 900 2663 iustitias,
932 2592 1087 2670 quantum
1119 2587 1272 2671 temporis
1301 2585 1440 2670 qualitas
1470 2587 1668 2671 permiserit,
1700 2585 1851 2650 omnibus

235 2692 456 2779 indigentibus
480 2689 610 2768 faciant,
636 2696 669 2753 et
692 2688 777 2774 quod
803 2688 896 2752 modo
920 2710 978 2774 pro
1007 2691 1163 2774 qualitate
1186 2691 1239 2753 vel
1270 2689 1430 2754 brevitate
1463 2691 1619 2776 temporis
1648 2690 1758 2754 facere
1787 2710 1852 2753 aon

233 2798 408 2885 potuerint,
433 2792 605 2858 comitibus
630 2791 866 2870 commendent,
890 2800 925 2855 ut
949 2799 1096 2878 tempore
1121 2813 1264 2876 congruo
1289 2794 1335 2856 eia
1358 2794 1465 2877 legem
1490 2800 1524 2858 et
1547 2794 1705 2858 iustitiam
1722 2793 1850 2858 faciant.

235 2901 277 2967 dt
299 2902 332 2965 ia
356 2899 423 2964 suis
445 2895 686 2961 memorialibus
710 2895 875 2976 adnotent,
900 2895 941 2960 dc
958 2896 1074 2981 quibus
1091 2897 1262 2960 comitibus
1279 2896 1596 2977 commendaverunt,
1620 2905 1665 2976 ut,
1690 2899 1717 2962 si
1734 2898 1851 2962 iterum

234 3006 280 3071 illi
303 3005 450 3070 homines
475 3022 510 3066 se
528 3001 788 3078 reclamaverint,
812 3000 896 3085 quod
913 3001 1068 3064 iustitiam
1085 3000 1207 3065 haberc
1223 3021 1288 3065 non
1306 3006 1489 3086 potuerunt,
1513 3023 1571 3064 nos
1595 3001 1657 3088 ipsi
1675 3001 1851 3086 investige-

191 3133 215 3172 ιι
234 3130 305 3174 mus
328 3115 361 3173 ct
383 3107 606 3196 decernamus,
630 3125 730 3189 quare
754 3104 815 3168 hoc
839 3104 901 3189 ipsi
925 3105 1059 3169 comites
1083 3103 1285 3169 dimiserunt.

344 3213 392 3275 13.
426 3208 481 3287 Ut,
506 3209 533 3270 si
558 3206 706 3273 infideles
729 3207 828 3271 nostri
852 3228 886 3271 se
910 3206 1125 3271 adunaverint
1148 3207 1189 3272 ad
1206 3207 1463 3273 devastationem
1486 3209 1577 3293 regni
1602 3209 1715 3289 nostri,
1739 3207 1853 3273 fideles

233 3317 347 3396 nostri,
370 3319 438 3378 tam
462 3311 618 3398 episcopi,
638 3332 740 3396 quam
764 3310 900 3375 abbates
924 3318 957 3376 et
980 3313 1115 3376 comites
1139 3321 1173 3378 et
1194 3311 1431 3376 abbatissarum
1454 3312 1621 3392 homines,
1656 3313 1714 3377 aad
1738 3319 1770 3376 at
1792 3313 1854 3398 ipsi

234 3421 368 3485 comites
391 3439 429 3482 ac
453 3415 539 3480 vassi
562 3417 663 3479 nostri
688 3435 746 3480 seu
771 3415 870 3478 ceteri
894 3415 1013 3499 quique
1036 3414 1151 3480 fideles
1175 3414 1238 3480 Dei
1269 3436 1306 3479 ac
1338 3415 1437 3478 nostri
1468 3415 1508 3481 de
1540 3437 1604 3479 uno
1629 3416 1796 3481 missatico
1818 3437 1853 3480 so

232 3525 266 3589 in
289 3543 387 3587 unum
412 3519 555 3585 adunare
578 3525 762 3603 procurent.
807 3515 851 3581 Et
873 3519 963 3582 missi
987 3520 1088 3583 nostri
1111 3518 1151 3583 de
1169 3520 1241 3605 ipso
1262 3519 1428 3584 missatico
1444 3519 1683 3605 providentiam
1700 3519 1854 3596 habeant,

190 3651 216 3690 ao
234 3627 372 3713 qualiter
401 3623 625 3708 unusquisque
654 3622 828 3707 episcopus
859 3621 912 3686 vel
943 3621 1045 3686 abbas
1076 3642 1135 3686 seu
1170 3621 1336 3687 abbatissa
1363 3645 1435 3688 cum
1469 3624 1556 3687 omui
1588 3622 1789 3708 plenitudine
1822 3629 1855 3686 et

236 3728 422 3796 necessario
446 3725 556 3791 hostili
579 3734 739 3812 apparatu
763 3731 796 3788 et
817 3724 859 3789 ad
883 3733 1011 3810 tempus
1041 3744 1117 3789 suos
1150 3724 1296 3790 homines
1320 3726 1397 3791 illuc
1421 3725 1639 3790 transmiserit
1662 3745 1734 3789 cum
1758 3732 1853 3810 gunt-

237 3822 452 3910 fanonario¹⁶,
482 3831 537 3915 qui
568 3829 609 3894 de
643 3829 711 3894 suis
740 3826 892 3913 paribus‘
923 3847 995 3890 cum
1023 3827 1133 3892 missis
1162 3829 1280 3893 nostris
1305 3831 1462 3894 rationem
1486 3829 1624 3903 habeat;
1659 3836 1691 3892 et
1714 3828 1856 3914 qualiter

235 3937 296 4023 ipsi
319 3936 452 4000 comites
477 3941 510 3999 et
531 3935 619 3998 vassi
642 3933 741 3997 nostri
765 3953 824 3996 seu
852 3932 953 3996 ceteri
982 3933 1100 4017 quique
1123 3931 1188 3997 Dei
1214 3932 1328 3998 fideles
1356 3933 1397 3998 ad
1429 3934 1489 3998 hoc
1519 3933 1733 4009 occurrerint,
1762 3931 1855 3996 nobis

237 4042 356 4128 scripto
372 4040 564 4105 renuntiant.
609 4037 705 4102 Etsi
729 4037 769 4102 dc
793 4058 856 4101 uno
872 4038 1037 4101 missatico
1062 4035 1102 4101 ad
1126 4037 1186 4101 hoc
1203 4037 1392 4122 praevalere
1416 4057 1478 4101 non
1495 4037 1668 4122 potuerint,
1692 4035 1732 4099 ad
1756 4037 1854 4100 alium

193 4163 218 4202 a
236 4145 436 4209 missaticum
459 4143 608 4207 celeriter
631 4142 747 4206 missos
772 4163 848 4206 suos
871 4141 1025 4226 dirigant,
1054 4151 1088 4206 at
1110 4163 1237 4222 omnes,
1262 4143 1346 4206 siout
1368 4142 1603 4228 praediximus,
1626 4141 1665 4205 da
1688 4141 1752 4205 alio
1775 4141 1853 4204 mis-

237 4248 336 4312 satico
360 4246 401 4312 ad
424 4248 509 4325 illos,
533 4247 587 4331 qui
612 4244 774 4331 indigent,
806 4246 990 4332 praeparati
1013 4252 1194 4310 occurrant.
1244 4245 1286 4308 Et
1314 4246 1341 4309 si
1372 4246 1420 4309 illi
1447 4245 1511 4309 duo
1543 4243 1698 4309 missatici
1729 4243 1855 4308 adhoc

237 4372 301 4416 non
325 4350 527 4428 suffecerint,
556 4349 651 4413 nobis
675 4348 714 4412 ad
744 4356 873 4434 tempus
902 4349 962 4412 hoc
986 4347 1154 4428 mandent,
1186 4349 1326 4434 qualiter
1349 4355 1406 4413 aut
1427 4370 1487 4435 per
1509 4371 1570 4413 nos
1593 4356 1650 4412 aut
1671 4368 1730 4433 per
1753 4347 1854 4410 filium

237 4461 381 4519 nostrum
404 4461 477 4533 aut,
508 4454 593 4519 sicut
618 4452 813 4530 viderimus,
843 4453 891 4516 eis
920 4453 1142 4517 necessarium
1174 4452 1324 4516 solatium
1351 4454 1608 4532 tansmittamus,
1640 4458 1800 4536 quatenus
1824 4451 1854 4513 in

236 4579 337 4643 ragno
361 4564 472 4622 nostro
496 4557 602 4621 nullus
626 4562 740 4620 noster
763 4555 902 4621 infidelis
927 4557 977 4620 vel
1002 4557 1183 4621 contrarius
1208 4557 1316 4620 locum
1340 4557 1478 4622 nocendi
1501 4556 1633 4622 babeat.

195 4681 221 4720 rc
349 4667 397 4726 14.
431 4661 507 4739 Utss,
539 4661 630 4746 quia,
667 4661 753 4724 sicut
780 4659 979 4740 audivimus,
1011 4659 1141 4745 quidam
1172 4661 1204 4725 in
1233 4659 1382 4724 domibus
1413 4661 1479 4724 suis
1509 4659 1669 4736 resident,
1702 4656 1856 4742 quamdiu

238 4785 351 4851 pacem
381 4764 504 4829 babere
534 4769 668 4850 possunt
695 4769 744 4840 et,
778 4783 850 4826 cum
883 4763 1063 4827 necessitas
1088 4764 1194 4841 vonit,
1223 4763 1335 4828 dicunt
1362 4784 1398 4827 se
1428 4764 1459 4827 in
1483 4769 1627 4828 nostrum
1651 4762 1763 4827 venire
1788 4782 1855 4826 scr-

239 4869 363 4948 vitium,
386 4868 546 4948 nolumus,
568 4873 605 4930 ut
626 4865 743 4949 aliquia
767 4864 807 4929 de
830 4865 893 4946 his,
917 4867 971 4951 qui
995 4867 1028 4929 in
1050 4867 1107 4931 illa
1136 4873 1224 4932 terra
1251 4874 1385 4931 manent
1413 4876 1446 4932 ct
1475 4889 1548 4932 eam
1572 4873 1684 4932 contra
1707 4867 1854 4930 inimicos

341 5057 368 5125 d)
390 5061 480 5112 raterio
502 5057 527 5111 2.
544 5055 568 5109 3.
672 5056 698 5122 s)
720 5075 769 5109 oar.
792 5055 817 5110 3.
927 5057 952 5120 f)
972 5058 1088 5125 partibus
1109 5052 1139 5122 ἒς
1167 5074 1233 5110 corr.
1257 5059 1364 5125 paribus
1390 5059 1410 5111 l.
1516 5059 1544 5126 g)
1568 5059 1606 5109 ita
1628 5059 1717 5124 codd.‚·
1741 5061 1859 5125 sortasse

238 5148 331 5214 συνῆς.
350 5155 399 5198 cat:
416 5149 456 5199 Et.

195 5331 221 5371 4,
341 5300 369 5368 8)
389 5298 444 5366 Ost.
464 5297 530 5366 Gap.
552 5297 584 5351 dc
600 5297 662 5352 icat.
679 5298 733 5364 soc.
753 5298 913 5366 811-813,
936 5304 996 5353 tom.
1015 5298 1045 5366 1,
1064 5315 1094 5367 p.
1113 5299 1171 5364 177,
1192 5299 1268 5355 c.10.
1356 5299 1384 5366 9)
1409 5297 1465 5364 tYr.
1489 5296 1578 5352 Ecca.
1603 5297 1668 5354 Pia
1687 5299 1752 5364 864,
1772 5314 1860 5368 supra

235 5420 265 5472 p.
282 5403 346 5471 321,
370 5418 391 5456 c.
406 5403 449 5458 26.
554 5401 596 5466 10)
622 5400 690 5470 Gap.
708 5401 864 5469 811-813,
888 5407 948 5456 tom.
962 5401 990 5468 Ι,
1007 5418 1037 5470 p.
1056 5401 1119 5466 177,
1140 5411 1162 5455 c.
1178 5404 1216 5455 ll.
1322 5403 1365 5468 11)
1388 5402 1486 5466 Arcaea
1504 5399 1556 5466 IV,
1579 5402 1661 5469 aaa,
1687 5401 1705 5456 1.
1716 5417 1737 5455 a
1756 5404 1858 5470 arra.

241 5505 806 5574 12)1oid.c.3a,p.442.·c.4t,p.443.
916 5505 1378 5576 13)1oia.1,a85,1.0.p.407.
1484 5503 1862 5572 14)Bsned.Lca.I,a98

239 5610 320 5678 (Cup.
336 5609 460 5664 Wonnut.
473 5610 533 5678 819,
551 5625 637 5678 aspra
651 5624 680 5678 p.
695 5609 736 5676 la,
753 5625 775 5662 c.
793 5611 827 5678 1).
915 5611 957 5677 11))
976 5609 1106 5680 dccccl,
1124 5610 1197 5678 assd,
1214 5609 1231 5664 l.
1242 5625 1263 5664 c.
1279 5625 1308 5678 p.
1319 5609 1378 5664 107.
1460 5610 1504 5676 16)
1519 5607 1668 5676 Vazilliscr,·
1685 5607 1735 5674 cfr.
1750 5607 1862 5675 Sclrade,

241 5712 314 5766 Arar.
332 5712 401 5767 WB.
415 5713 454 5780 1²,
472 5729 493 5767 a.
506 5729 527 5766 o.
542 5710 699 5780 prrndfana·
718 5709 795 5774 Dies,
819 5711 888 5766 WB.
906 5711 932 5764 d.
951 5727 1052 5766 corma.
1072 5711 1132 5780 Spa.
1148 5712 1171 5780 I,
1187 5727 1208 5766 a.
1221 5729 1242 5765 r.
1258 5710 1419 5779 yoafaloaer
1437 5709 1574 5778 Brrmncr,
1593 5709 1656 5765 Ro.
1670 5711 1709 5778 Π,
1724 5728 1753 5778 p.
1767 5712 1826 5765 213.

937 5826 944 5842 .
1599 5805 1654 5860 42*
