4568 6420
393 478 660 533 ADDITAMEN'I'A
680 479 728 532 AD
747 439 863 533 cartu.
881 479 962 534 REG.
980 481 1163 536 FRANCIAE
1182 481 1370 536 OCCIDEN'I'.
1390 481 1538 551 (uenosi
1551 483 1598 550 ll.)
1617 511 1649 522 —
1668 483 1716 536 Nr.
1729 483 1790 537 300.
1838 489 1898 547 451,

275 655 349 740 piae
380 654 554 718 memoriae
577 652 770 716 Hludowico
794 659 934 738 augusto
958 675 1034 739 pars
1057 655 1150 738 regni
1174 655 1258 719 inter
1285 655 1402 720 iratres
1425 676 1518 719 meos
1542 677 1638 738 reges
1662 655 1770 720 divina
1792 655 1899 742 dispo·
1919 661 1979 715 859.

276 759 393 822 sitione
427 764 478 821 est
509 756 636 820 tradita.
682 755 729 819 .In
759 777 823 840 qua
852 763 944 842 parte
967 757 1059 842 regni
1083 758 1220 822 vacabat
1242 764 1319 822 tunc
1343 764 1475 844 pastore
1500 760 1689 843 metropolis
1722 757 1900 838 Senonum,

276 882 371 946 quam
395 861 487 924 iuxta
511 859 781 924 consuetudinem
805 859 1095 944 praedecessorum
1119 883 1265 926 meorum
1284 883 1395 946 regum
1413 861 1578 926 Weniloni
1600 870 1677 925 tunc
1694 863 1812 926 clerico
1828 884 1900 926 meo

277 967 307 1028 in
332 965 458 1049 capella
481 985 555 1028 maa
577 964 655 1028 mihi
678 965 842 1043 servienti,
867 965 921 1050 qui
944 985 1033 1028 more
1057 965 1150 1029 liberi
1167 967 1275 1030 elerici
1292 987 1326 1030 se
1346 966 1426 1029 mihi
1443 965 1730 1030 commendaverat
1746 973 1779 1030 st
1795 966 1900 1030 tideli-

243 1075 376 1134 ctatem
400 1075 606 1132 sacramento
629 1069 838 1153 promiserat,
871 1088 1032 1131 consensu
1063 1088 1227 1132 sacrorum
1261 1069 1484 1153 episcoporum
1513 1069 1616 1153 ipsius
1647 1069 1837 1154 metropolis
1861 1069 1902 1132 ad

276 1171 544 1258 gubernandam¹¹
568 1174 715 1236 commisi
727 1165 751 1252 ²,
786 1179 819 1236 et
849 1172 936 1256 apud
959 1173 1149 1258 episcopos,
1184 1153 1340 1258 quantum
1365 1193 1407 1236 ex
1430 1193 1482 1236 me
1504 1172 1582 1254 luit,
1609 1178 1646 1236 ut
1675 1194 1749 1237 eum
1781 1172 1902 1236 ibidem

275 1277 557 1362 archiepiscopum
582 1275 770 1340 ordinarent
794 1275 929 1340 obtinui.

384 1401 413 1463 2.
447 1398 527 1461 Post
549 1398 633 1462 haec
662 1396 702 1460 de
731 1397 890 1461 divisione
924 1397 1016 1481 regni
1045 1397 1129 1461 inter
1158 1418 1209 1460 me
1238 1405 1271 1462 et
1302 1397 1422 1462 fratres
1453 1419 1542 1463 meos
1574 1397 1671 1462 ratio¹
1705 1404 1756 1461 est
1787 1403 1902 1462 exorta

276 1502 455 1576 notissima,
482 1500 566 1564 unde
589 1508 713 1586 partem
738 1499 904 1565 divisionis
929 1522 1000 1565 cum
1025 1503 1156 1580 mutuis,
1181 1503 1300 1566 nostris
1325 1502 1451 1568 scilicet
1473 1509 1720 1586 nostrorumque
1745 1501 1901 1582 fidelium,

234 1641 258 1678 n
277 1605 501 1679 sacramentis,
527 1605 612 1667 siout
634 1607 760 1668 etiamm
784 1604 964 1690 primores¹¹
988 1605 1081 1689 regni
1105 1605 1204 1668 totius
1228 1606 1432 1683 invenerant,
1456 1604 1632 1670 tenendam
1657 1612 1690 1669 et
1713 1605 1900 1689 gubernan-

276 1708 350 1772 dam
374 1710 513 1793 suscepi.
560 1707 664 1781 Quam
689 1707 879 1773 divisionem
904 1709 1063 1772 interme
1087 1716 1120 1773 et
1143 1709 1261 1774 fratres
1285 1732 1374 1774 meos
1397 1709 1437 1774 de
1461 1716 1572 1775 cetero
1597 1731 1683 1774 ame
1701 1708 1900 1791 substantia-

277 1814 352 1877 liter
374 1813 559 1888 tenendam,
584 1812 668 1875 sicut
692 1820 726 1876 et
749 1812 817 1892 elii,
841 1813 896 1898 qui
924 1812 968 1876 ibi
1001 1813 1189 1892 adfuerunt,
1222 1815 1383 1899 episcopi,
1407 1814 1539 1878 Wenilo
1572 1813 1650 1877 mihi
1681 1813 1902 1897 fratribusque

277 1917 359 1980 meis
383 1917 514 2002 propria
537 1937 633 1978 manu
659 1916 786 1996 iuravit,
816 1936 929 2000 pacem
955 1916 1052 1980 etiam
1077 1923 1109 1980 et
1132 1923 1281 1980 mutuum
1306 1918 1502 1982 adiutorium
1535 1918 1620 1982 inter
1651 1938 1703 1981 mc
1729 1923 1782 1980 et⁰
1806 1937 1902 2001 pras-

278 2021 380 2082 fatum
403 2020 559 2083 fratrem⁰
582 2018 809 2082 Hludowicum
825 2017 956 2084 Wenilo
980 2026 1186 2084 sacramento
1209 2021 1359 2084 firmavit.

236 2159 258 2195 u
387 2143 415 2206 3.
452 2139 517 2204 Sed
542 2147 575 2204 et
596 2147 672 2225 post
693 2141 754 2203 hoc
779 2141 938 2204 electione
971 2162 1031 2205 sua
1060 2141 1263 2225 aliorumque
1292 2142 1518 2227 episcoporum
1548 2162 1586 2204 ae
1611 2146 1794 2206 ceterorum
1818 2139 1900 2204 fide-

278 2245 356 2307 lium
385 2244 479 2328 regni
509 2244 610 2307 nostri
633 2242 816 2322 voluntate,
851 2243 1010 2306 consensu
1045 2249 1078 2306 et
1105 2243 1338 2306 acclamatione
1374 2265 1447 2306 cum
1480 2243 1551 2306 aliia
1581 2242 1837 2328 archiepiscopis
1869 2249 1902 2306 et

278 2349 440 2434 episcopis
456 2347 589 2412 Wenilo
613 2348 644 2410 in
669 2347 790 2412 diocesi
815 2369 875 2411 sua
898 2347 985 2433 apud
1009 2347 1216 2412 Aurelianisp
1240 2346 1405 2411 civitatem
1429 2347 1463 2409 in
1486 2347 1624 2435 basilica
1642 2354 1774 2412 sanctae
1799 2347 1902 2409 crucis

278 2473 329 2515 me
358 2451 535 2515 secundum
566 2450 772 2515 traditionem
807 2453 1065 2516 eeclesiasticam
1098 2473 1209 2538 rogem
1243 2443 1467 2516 consecravit3
1500 2457 1533 2515 et
1561 2451 1593 2514 in
1622 2452 1714 2535 regni
1745 2449 1902 2534 regimine

278 2555 453 2619 chrismate
478 2575 569 2618 sacro
593 2556 746 2640 perunxit
770 2563 803 2620 et
824 2555 1010 2620 diademate
1034 2562 1133 2640 atque
1157 2556 1250 2640 regni
1275 2561 1405 2639 sceptro
1430 2555 1462 2617 in
1486 2556 1580 2639 regni
1605 2556 1685 2618 solio
1707 2553 1902 2618 sublimavit.

236 2658 309 2721 scA
334 2679 399 2742 qua
422 2659 667 2722 consecratione
690 2658 742 2722 vel
765 2660 857 2743 regni
882 2659 1082 2722 sublimitate
1113 2657 1315 2744 subplantari
1344 2658 1395 2722 vel
1426 2658 1526 2742 proici
1555 2658 1687 2722 anullo
1710 2655 1901 2733 debueram,

279 2763 416 2826 saltemq
440 2763 510 2826 sine
534 2762 701 2826 audientia
724 2771 756 2826 et
779 2763 898 2826 iudicio
923 2765 1157 2849 episcoporum,
1182 2783 1318 2848 quorum
1342 2760 1523 2824 ministerio
1548 2761 1579 2824 in
1597 2781 1710 2842 regem
1726 2782 1796 2823 sum
1821 2781 1900 2823 con-

278 2873 424 2929 secratus
448 2873 481 2929 et
505 2867 559 2949 qui
583 2865 691 2929 throni
714 2865 778 2928 Dei
802 2876 877 2932 sunt
900 2868 988 2946 dicti,
1012 2868 1185 2956 inquibus
1209 2867 1301 2931 Deus
1326 2865 1420 2930 sedet
1442 2874 1476 2930 et
1499 2887 1557 2951 per
1579 2886 1661 2950 quos
1679 2887 1739 2929 sua
1755 2864 1905 2929 decernit

278 2969 411 3038 iudicia:
447 2990 583 3055 quorum
619 2970 763 3054 paternis
800 2973 1076 3056 correptionibusr
1112 2978 1144 3035 et
1179 2970 1396 3054 castigatoriis
1434 2969 1563 3034 iudiciis
1600 2990 1651 3032 me
1683 2969 1824 3033 subdere
1858 2968 1902 3031 fui

277 3079 411 3159 paratus
435 3079 468 3136 st
491 3073 523 3135 in
547 3073 712 3156 praesenti
737 3095 808 3136 sum
832 3073 992 3139 subditus.

233 3197 258 3234 a
385 3181 415 3239 4.
449 3175 601 3260 Denique
627 3197 700 3240 oum
724 3177 902 3241 seditiones
925 3180 957 3241 in
982 3199 1082 3261 regno
1106 3185 1217 3242 nostro
1240 3197 1299 3262 per
1316 3177 1466 3241 homines
1483 3177 1706 3241 inreverentes
1724 3183 1904 3263 coeperunt

278 3281 500 3358 crebrescere,
525 3300 686 3348 consensu
710 3281 937 3366 cpiscoporum
972 3302 1010 3345 ac
1039 3287 1220 3345 ceterorum
1249 3279 1393 3343 fidelium
1418 3287 1599 3343 nostrorum
1625 3280 1905 3366 chyrographum¹

277 3385 416 3448 invicem
442 3385 709 3469 conscripsimus,
740 3387 880 3470 qualiter
909 3407 971 3470 ego
1005 3407 1083 3470 erga
1112 3407 1169 3450 sos
1199 3391 1393 3469 cooperante
1418 3383 1560 3447 Domino
1591 3403 1688 3469 agere
1712 3386 1849 3464 vellem,
1873 3389 1906 3447 et

280 3487 419 3572 qualiter
442 3488 519 3551 mihi
543 3489 678 3552 consilio
704 3496 736 3551 et
759 3489 880 3552 auxilio
905 3488 992 3552 idem
1010 3488 1130 3554 tideles
1156 3489 1259 3551 nostri
1284 3487 1403 3550 abinde
1419 3487 1626 3574 postmodum
1644 3489 1795 3551 solatium
1818 3488 1905 3552 farre

279 3582 500 3655 debuissent⁴.
546 3589 606 3654 Oui
630 3590 899 3677 seriptchnilo
930 3591 1033 3677 apudt
1057 3592 1230 3657 Beiernam
1256 3582 1387 3654 villaml
1411 3593 1542 3677 propria
1575 3613 1672 3654 manu
1702 3592 1905 3678 subscripsit,

238 3709 263 3747 ³0
283 3695 368 3757 sicut
391 3694 423 3757 in
446 3695 611 3777 praesenti
635 3693 744 3758 vider'o
768 3695 915 3779 potestis.

388 3803 417 3862 5.
452 3796 579 3860 Deinde
613 3818 686 3860 cum
715 3803 828 3860 contra
855 3818 1001 3884 paganos
1030 3796 1070 3860 ad
1099 3797 1237 3861 insulam
1265 3797 1344 3879 loci,
1376 3797 1431 3882 qui
1462 3789 1634 3862 OscellusG
1667 3798 1800 3876 dicitur,
1834 3820 1907 3863 aum

280 3900 430 3964 fidelibus
468 3901 588 3963 nostris
622 3901 677 3962 in¹¹
712 3907 860 3965 terrenov
892 3921 928 3963 ac
962 3901 1111 3984 navigio,
1147 3902 1229 3964 sicut
1261 3900 1370 3980 scitis,
1404 3893 1568 3986 perrexil,
1601 3901 1731 3988 quidam
1766 3925 1785 3966 a
1814 3903 1907 3966 nobis

281 4004 468 4068 deficientes
491 4005 568 4088 luga
591 4003 674 4089 lapsi
700 4013 792 4080 sunt;
815 4003 974 4068 WeniloW
997 4011 1105 4068 autem
1130 4026 1165 4068 se
1189 4025 1247 4090 pro
1264 4003 1449 4068 infirmitate
1474 4025 1533 4068 sua
1555 4005 1633 4068 illuc
1657 4007 1703 4069 ire
1728 4027 1792 4070 non
1807 4028 1906 4092 possa

280 4109 393 4171 dicens
423 4106 463 4170 ad
494 4107 606 4172 sedem
631 4129 723 4171 suam
745 4130 897 4173 reversus
921 4116 981 4174 est.
1035 4108 1122 4173 Dum
1146 4117 1255 4173 autern
1286 4109 1318 4171 in
1343 4110 1512 4194 procinctu
1537 4121 1604 4173 eo¹
1628 4109 1744 4172 infirmi
1768 4109 1907 4194 degere·

238 4239 263 4276 aa
282 4233 364 4291 mus,
390 4212 490 4276 frater
513 4218 626 4276 noster
650 4212 872 4290 Hludowicus,
898 4214 984 4276 sicut
1007 4214 1109 4290 scitis,
1134 4235 1207 4277 cum
1232 4234 1329 4277 manu
1355 4212 1463 4276 hostili
1489 4218 1522 4276 et
1538 4212 1703 4276 seditiosis
1721 4212 1907 4276 hominibus

283 4338 325 4380 ex
348 4337 448 4400 regno
473 4337 530 4379 suo
554 4337 690 4400 regnum
714 4322 858 4379 nostrum
882 4307 1054 4401 inrupitrss.
1110 4316 1162 4379 Ad
1192 4317 1281 4379 euius
1316 4315 1510 4400 colloquium
1542 4317 1612 4378 sinc
1642 4337 1716 4380 mea
1740 4318 1908 4381 voluntate

283 4427 380 4505 atque
403 4420 533 4483 licentia
550 4419 682 4483 Wenilo
707 4421 805 4500 venit,
828 4440 923 4504 quem
948 4421 1231 4507 supplantatorem
1255 4441 1363 4484 meum
1387 4440 1460 4482 esso
1485 4419 1676 4503 cognovit²;
1701 4418 1786 4504 quod
1811 4440 1906 4483 namo

283 4526 511 4609 episcoporum
536 4545 578 4587 ex
602 4545 702 4608 regno
725 4531 836 4587 nostro
860 4525 942 4587 alius
966 4525 1053 4588 lecit.

391 4631 420 4690 6.
454 4625 506 4690 De
531 4633 651 4707 cetero,
676 4649 748 4690 curn
773 4634 885 4690 contra
901 4627 1104 4712 praedictum
1127 4626 1260 4689 fratrem
1285 4645 1393 4688 meum
1418 4630 1451 4687 et
1466 4624 1614 4689 inimicos
1630 4646 1721 4689 meos
1744 4645 1782 4688 ac
1801 4629 1908 4688 vasta-

240 4749 265 4787 ro
284 4737 371 4793 tores
396 4729 556 4794 ecclcsiae
580 4736 613 4792 et
629 4730 879 4815 depopulatores
897 4731 998 4814 regni,
1023 4731 1076 4812 qui
1095 4751 1166 4791 eum
1184 4729 1239 4791 illo
1258 4735 1360 4804 erant,
1387 4749 1458 4790 eum
1475 4726 1625 4792 fidelibus
1644 4729 1708 4794 Dei
1730 4751 1767 4792 ac
1793 4727 1909 4790 nostris

385 4919 414 4988 k)
432 4921 629 4988 gulreruandum
648 4919 673 4972 3.
750 4920 770 4982 1)
788 4921 920 4972 altercatio
938 4920 965 4970 in
979 4920 1130 4986 parenthesi
1147 4921 1208 4972 aad.
1227 4919 1252 4972 3.
1330 4921 1364 4986 m)
1382 4929 1437 4972 tum
1455 4919 1486 4983 23
1504 4921 1553 4972 iam
1570 4918 1594 4970 3.
1671 4917 1699 4983 n)
1719 4920 1815 4987 priores
1833 4920 1912 4970 totius

281 5009 354 5074 regni
375 5007 399 5058 2.
421 5007 446 5058 3.
552 5006 577 5072 o)
601 5016 626 5058 et
648 5009 751 5058 fratrem
773 5025 858 5059 meum
877 5005 900 5058 3.
1012 5007 1038 5073 pl
1058 5008 1210 5058 Aurelianos
1234 5006 1259 5059 3.
1364 5006 1391 5072 q)
1409 5025 1456 5057 orn.
1480 5005 1504 5056 2.
1523 5005 1546 5057 3.
1653 5005 1675 5067 r)
1694 5007 1868 5072 ereptionibus
1886 5003 1911 5055 2.

282 5093 304 5156 a)
323 5095 495 5160 chyrographi
519 5091 548 5156 23
575 5095 747 5161 chirographa
765 5093 788 5145 3.
895 5093 915 5158 t)
939 5111 987 5144 om.
1007 5093 1030 5144 1.
1136 5094 1165 5160 u)
1189 5103 1214 5146 et
1235 5093 1260 5146 2.
1278 5093 1303 5146 3.
1400 5093 1428 5157 v)
1451 5094 1541 5144 itinere
1566 5093 1628 5143 adil.
1647 5092 1671 5144 3.
1760 5095 1792 5154 w)
1812 5093 1913 5142 Abhinc

281 5180 308 5230 in
328 5177 350 5229 l.
369 5179 394 5230 2.
409 5181 554 5244 promiscae
573 5181 675 5231 Wenilo
694 5190 717 5230 et
734 5181 844 5232 Gnenilo
863 5181 962 5246 lepitar.
1054 5179 1082 5242 x)
1104 5181 1152 5230 niti
1170 5179 1203 5240 2;
1232 5197 1278 5230 nos
1301 5189 1326 5232 et
1348 5178 1371 5231 3.
1461 5180 1488 5245 y)
1506 5181 1602 5231 invasit
1619 5177 1644 5229 3.
1715 5178 1740 5242 a)
1759 5181 1868 5245 cognovi
1887 5177 1911 5229 3.

239 5367 264 5406 ra
387 5350 414 5412 2)
433 5349 468 5402 A.
487 5350 546 5404 840.
647 5351 675 5418 3)
693 5351 727 5404 Α.
741 5349 808 5414 848,·
828 5349 878 5414 cfr.
903 5351 977 5404 Arm.
997 5350 1101 5404 Rasin.
1127 5351 1165 5403 nd
1188 5367 1213 5404 a.
1226 5351 1289 5418 848,
1312 5349 1351 5404 cd.
1368 5350 1457 5404 Waltz
1479 5367 1507 5418 p.
1525 5351 1571 5410 36.
1599 5349 1745 5417 Drlcrmlcr,
1773 5349 1912 5416 Ostsrcialt.

285 5451 368 5505 aaa
380 5451 400 5504 1
405 5454 424 5517 ¹,
447 5469 477 5521 p.
492 5453 555 5516 337,
578 5459 632 5508 aot.
646 5454 670 5507 3.
757 5455 784 5510 c
806 5451 862 5519 Osa
883 5451 960 5506 Gorro.
982 5452 1109 5508 Gerisicc.
1123 5455 1182 5520 858,
1202 5469 1288 5522 aspre
1305 5455 1419 5508 araca.
1494 5457 1521 5520 5)
1541 5452 1848 5507 Brienac-lc-Cluitcou
1865 5469 1914 5506 sur

284 5555 373 5620 stuba·
400 5571 454 5622 quo
481 5571 539 5608 roro
564 5573 639 5609 anno
664 5557 767 5622 sactrrm
789 5557 836 5621 sit,
866 5573 923 5609 noa
942 5557 1029 5624 liqroet.
1134 5560 1161 5626 0)
1187 5558 1262 5612 Oscel
1279 5575 1364 5626 propr
1391 5557 1539 5626 BoupirvrI5
1563 5558 1613 5623 cfr.
1637 5558 1776 5610 anrler
1798 5557 1814 5610 1.
1831 5573 1852 5610 c.
1872 5558 1912 5624 1²,

280 5676 308 5726 p.
321 5659 381 5726 425,
400 5665 454 5712 aot.
468 5661 491 5714 3.
580 5662 607 5729 7)
626 5661 660 5714 Α.
678 5661 738 5728 858,
756 5678 789 5712 m.
809 5661 876 5722 aaa·
894 5661 966 5712 Aac.
988 5661 1090 5713 Berlin.
1112 5661 1150 5712 ad
1166 5679 1192 5715 a.
1205 5662 1265 5728 858,
1282 5663 1333 5716 tc.
1348 5679 1377 5730 p.
1390 5663 1431 5716 48.
1447 5663 1493 5724 50.·
1512 5660 1650 5714 Dr'tmmler
1667 5662 1682 5714 l.
1696 5677 1717 5714 c.
1807 5661 1834 5726 8)
1857 5659 1912 5726 Otr.

284 5779 369 5830 aspra
387 5780 428 5817 ar.
441 5763 501 5816 ⁶297.

1656 5861 1709 5916 57⁸
