4634 6436
464 472 524 533 104
922 462 1169 520 cnrrrunnaln
1183 459 1354 515 WlDONlS.
1373 491 1405 501 -
1425 459 1473 513 Nr.
1489 460 1549 514 221.
1567 459 1625 513 222.

383 649 442 704 876.
461 640 650 728 subscripsi.
703 638 903 705 sabbatinus
937 637 1070 702 humilis
1101 635 1274 701 lennensia
1312 633 1471 698 ecclesiae
1500 631 1673 718 episcopus
1706 628 1896 715 subscripsi.
1950 627 2087 712 Signum

460 742 599 808 Bosouis
630 743 721 808 ducis
752 749 784 806 et
813 741 904 807 missi
930 740 1047 804 ltaliae
1079 745 1177 824 atque
1209 737 1291 802 sacri
1323 736 1437 822 palatii
1469 733 1707 800 archiministri.
1760 732 1898 818 Signum
1927 729 2087 794 Bernardi

460 846 599 911 comitis.
645 845 783 929 Signum
802 843 946 908 Bodradi
971 843 1098 908 comitis
1122 841 1247 928 palatii.
1294 838 1431 925 Signum
1447 837 1579 904 Ricardi
1602 838 1738 903 comitis.
1785 836 1920 920 Signum
1936 832 2087 898 Airboldi

461 949 600 1013 comitis.
653 947 791 1033 Signum
820 945 992 1012 Ouniberti
1025 946 1163 1010 comitis.
1217 943 1353 1028 Signum
1385 941 1548 1028 Supponis
1583 942 1722 1006 comitis.
1774 939 1909 1025 Signum
1940 935 2088 1002 Alberici

461 1051 597 1116 comitis.
634 1049 770 1137 Signum
793 1051 872 1116 item
891 1048 1059 1113 Bernardi.
1096 1048 1232 1133 Signum
1253 1045 1414 1130 Hardingi
1439 1046 1575 1111 comitis.
1612 1044 1748 1130 Signum
1772 1041 1908 1108 Berardi
1932 1039 2088 1105 comitis‘.
2118 1061 2130 1100 a

1067 1310 1479 1319 ——m—

462 1556 559 1661 222.
601 1550 963 1662 WIDONIS
1000 1549 1552 1664 CAPITULATIO
1589 1546 2087 1659 ELECTIONIS.

1159 1731 1256 1813 889.
1283 1739 1392 1813 Febr.

565 1904 682 1984 Edita
696 1926 741 1984 eet
755 1942 777 1984 6
792 1919 975 1986 Murotorio
984 1922 1128 2002 66666666
1143 1922 1179 1986 66
1195 1921 1251 1988 SS.
1272 1943 1331 1988 rer.
1349 1921 1424 1989 Itoi.
1440 1927 1461 1985 t.
1475 1923 1523 1998 ΙΙ,
1545 1923 1574 1997 2,
1597 1919 1651 1984 col.
1666 1923 1739 1984 416.
1756 1939 1795 1982 eu
1810 1917 1923 1981 chorte
1938 1916 2090 1982 Bobierssi

462 2022 601 2087 ciusdem
622 2023 782 2104 66666666,
806 2025 900 2106 cuius
921 2024 1076 2104 specimus
1097 2025 1211 2088 ibidem
1233 2025 1390 2103 invenias,
1413 2029 1481 2088 tum
1503 2023 1540 2087 66
1560 2023 1670 2103 Aeetiq.
1693 2019 1769 2087 Ital.
1792 2025 1812 2085 t.
1830 2021 1863 2097 l,
1885 2018 1940 2085 cot.
1958 2021 2013 2096 83,
2035 2019 2091 2083 sed

461 2126 501 2191 66
534 2126 603 2206 ipso
636 2146 675 2190 eu
705 2125 863 2191 uoluntate
895 2127 1069 2193 mendatii.
1120 2127 1300 2192 Secundum
1327 2127 1548 2192 Muratooium
1580 2125 1691 2190 oborto
1725 2130 1798 2188 ‘nou
1830 2121 1931 2186 666666
1960 2121 2133 2187 titulumne

455 2227 670 2310 praeferebat,
700 2249 797 2311 quom
824 2235 1017 2311 sequentem:
1055 2230 1197 2295 Sinodus
1229 2233 1457 2318 episcoporum
1480 2230 1603 2316 Papiae
1611 2230 1628 2312 ,'
1660 2233 1690 2295 ct
1715 2233 1885 2308 utrumque
1914 2225 2091 2306 capitulare

461 2333 570 2398 minus
590 2337 672 2398 recte
694 2334 854 2398 mutinurb
872 2336 1018 2399 numeris
1039 2335 1253 2418 coniunpebct.

570 2434 723 2517 66666666
737 2436 861 2517 Papiae
883 2444 1100 2517 6666666666,
1122 2445 1160 2503 ut
1179 2437 1343 2506 Widonem
1357 2439 1562 2520 Berenqorio,
1585 2431 1643 2518 qui
1663 2435 1737 2500 inde
1758 2434 1799 2499 ab
1821 2454 1852 2498 o.
1870 2434 1942 2499 888.
1959 2454 2000 2497 m.
2016 2433 2089 2497 Ion.

461 2537 535 2621 (cfr.
558 2535 732 2620 Dienmier,
760 2539 920 2621 osennae
941 2540 1041 2605 Reiclr
1063 2542 1127 2606 ΙΙΙ
1131 2542 1153 2618 ²,
1171 2563 1208 2622 p.
1226 2544 1303 2618 313)
1325 2562 1456 2624 6666666
1476 2539 1629 2604 italicum
1651 2539 1796 2616 obtinuit,
1818 2537 1941 2602 duobus
1955 2535 2090 2617 procliis

462 2641 548 2722 (eide
573 2640 664 2722 infra
686 2643 962 2728 u.12)aupercto
985 2664 1084 2725 requn
1105 2645 1166 2709 6666
1187 2651 1340 2710 crearent.
1385 2643 1449 2709 Sed
1468 2664 1533 2708 non
1548 2643 1646 2724 prius
1668 2641 1773 2706 electio
1794 2640 1883 2721 facto
1905 2644 1964 2718 est,
1993 2660 2090 2721 quem
2108 2670 2133 2710 n

470 2742 563 2810 Wido
594 2743 652 2808 itio
682 2749 748 2808 octo
779 2744 936 2826 capritana,
967 2766 1050 2827 quac
1078 2748 1215 2832 episcopi
1237 2749 1493 2829 praeconarent,
1528 2767 1561 2810 se
1590 2749 1790 2810 sanaturum
1814 2743 1977 2824 pollicitus
2003 2746 2089 2806 essct.

463 2845 518 2910 Ec
539 2846 707 2927 6666666666
727 2848 865 2929 quadani
883 2847 1029 2914 Widonis
1049 2855 1171 2914 seruato
1193 2850 1283 2931 opud
1306 2849 1499 2927 Piroboscti,
1523 2847 1631 2913 Storio
1652 2848 1687 2912 di
1704 2844 1895 2912 Nonontnlc
1914 2846 1966 2924 ΙΙ,
1984 2866 2021 2926 p.
2039 2848 2090 2924 67,

463 2950 608 3030 seqnitur
629 2949 720 3015 66666
741 2951 842 3016 medio
864 2972 967 3017 666666
990 2952 1166 3018 Februario
1187 2955 1260 3020 889.
1283 2974 1383 3036 reqem
1404 2952 1534 3016 electum
1558 2971 1638 3026 esse:
1658 2951 1716 3032 cfr.
1742 2948 1906 3015 1666666666
1921 2948 1942 3015 l.
1957 2972 1982 3014 c.
2000 2948 2090 3025 111²,

459 3071 495 3132 p.
514 3054 587 3116 366.
1970 3119 1977 3132 ,

576 3151 656 3219 &em
681 3153 773 3221 Wido
804 3156 840 3219 66
866 3156 993 3240 prologo
1022 3157 1274 3238 cupitubvtionia,
1308 3159 1453 3240 quamuis
1480 3179 1538 3222 reu
1563 3157 1680 3222 Italioc
1700 3157 1842 3222 6666666
1864 3161 1954 3234 esset,
1986 3161 2091 3221 666666
2109 3186 2135 3226 ro

465 3257 590 3321 omnine
610 3258 694 3339 66666
714 3277 753 3320 uc
773 3259 907 3323 securis
928 3260 1062 3324 indutus
1084 3262 1136 3338 sit,
1159 3259 1216 3324 illo
1235 3261 1314 3324 milri
1333 3261 1536 3325 videturesse
1555 3259 1667 3325 reditio
1683 3260 1721 3324 de
1735 3260 1794 3337 666,
1817 3280 1900 3342 quoe
1914 3259 2091 3325 electionem

466 3364 712 3438 6666666666,
741 3360 797 3424 aed
810 3365 922 3441 666666
944 3362 1069 3426 666666
1095 3363 1132 3426 66
1153 3363 1236 3427 hauc
1256 3363 1392 3444 furnum
1420 3364 1558 3428 6666666.
1604 3363 1775 3429 Decretum
1796 3368 1902 3428 autem
1925 3362 2091 3440 electionis,

464 3463 548 3545 quod
573 3463 707 3541 6666666,
739 3464 775 3528 66
802 3485 864 3546 quo
889 3463 981 3529 Wido
1007 3470 1088 3529 recte
1113 3464 1219 3529 adbuc
1242 3467 1404 3547 prinecps'
1425 3470 1565 3545 uocetur,
1589 3465 1872 3549 procmtiouem
1893 3466 2003 3530 statim
2017 3469 2093 3546 post

464 3565 641 3632 6666666666
656 3566 777 3648 populo
798 3567 1014 3648 6666666666
1028 3573 1150 3649 putore
1172 3567 1271 3632 celion.
1647 3569 1988 3654 (recesentur.)

569 3797 607 3908 P
609 3850 661 3909 666
677 3844 764 3909 bella
779 3843 946 3910 horribilia
961 3844 1136 3929 cladesque
1160 3845 1422 3926 nefandissimas,
1446 3869 1531 3933 quaa
1554 3849 1679 3914 meritis
1701 3848 1883 3914 facinorum
1907 3854 2089 3912 nostrorum
2108 3877 2134 3916 n

465 3948 654 4013 aeciderunt
677 3948 752 4013 huic
774 3949 950 4035 provincie,
974 3947 1168 4034 disponente
1190 3949 1263 4013 iura
1284 3951 1377 4034 regni
1399 3950 1495 4016 huius
1512 3973 1585 4016 eum
1600 3951 1836 4038 tranquillitate
1859 3950 2091 4037 6661666666-

465 4051 525 4115 bus
554 4053 621 4117 suis
649 4053 769 4138 insigni
799 4073 877 4137 rege
907 4059 941 4117 66
971 4053 1098 4117 seniore
1128 4059 1238 4118 nostro
1254 4052 1397 4119 Widone
1425 4057 1458 4119 in
1487 4056 1562 4121 aula
1585 4055 1752 4120 Ticinensi
1776 4077 1835 4120 nos
1857 4056 1998 4121 humiles
2021 4055 2090 4140 epi-

466 4165 604 4240 scopos⁸
642 4177 684 4220 ex
721 4155 858 4220 diversis
895 4155 1043 4242 partibus
1078 4156 1200 4241 Papiae
1239 4158 1531 4223 convenientibusb
1565 4179 1623 4243 666
1659 4158 1873 4224 ecclesiarum
1907 4163 2092 4222 nostrarum

466 4259 631 4344 ereptione
656 4266 689 4324 et
711 4261 813 4324 omnis
836 4249 1083 4324 christianitatis
1106 4259 1300 4338 salvatione,
1323 4281 1407 4345 quae
1430 4282 1514 4346 pene
1537 4261 1603 4325 iam
1626 4262 1669 4326 ad
1690 4263 1856 4327 interitum
1879 4260 2091 4326 desolationis

465 4361 620 4426 inclinata
647 4369 735 4442 erat,
766 4369 931 4429 annuente
959 4363 1053 4427 nobis
1078 4361 1194 4427 eodem
1217 4363 1362 4449 principe
1389 4364 1422 4427 in
1445 4386 1509 4429 uuo
1534 4367 1725 4453 congregati
1752 4387 1864 4431 sumus
1888 4366 2026 4452 collegio
2050 4386 2091 4430 ea
2109 4392 2135 4432 aa

467 4465 619 4532 videlicet
646 4469 790 4547 ratione,
825 4474 861 4532 ut
889 4466 956 4547 his,
990 4486 1048 4552 per
1075 4486 1156 4550 quos
1179 4465 1368 4546 homicidia,
1393 4467 1580 4553 sacrilegia,
1615 4469 1728 4554 rapine
1756 4476 1790 4533 et
1813 4473 1926 4534 cetera
1947 4468 2093 4533 facinora

465 4575 652 4656 perpetrata
682 4576 792 4650 66666,
823 4569 955 4655 dignam
983 4568 1199 4654 penitentiam
1228 4567 1271 4632 ad
1299 4568 1491 4654 capiendam
1519 4572 1658 4637 salutem
1688 4570 1863 4637 subtractis
1891 4572 1937 4636 ais
1965 4571 2093 4635 amale

466 4680 560 4761 cepto
590 4675 724 4761 negotio
753 4696 812 4760 per
834 4695 945 4739 veram
973 4671 1213 4738 confessionem
1236 4670 1308 4736 Deo
1332 4670 1508 4738 adiuvante
1531 4675 1792 4761 imponeremus;
1823 4695 1862 4739 ac
1890 4695 1931 4740 66
1954 4673 2093 4740 ulterius

464 4784 591 4842 tantum
620 4778 713 4844 nefas
742 4799 935 4845 excrescere
965 4785 1022 4842 666
1050 4775 1135 4839 vires
1166 4794 1295 4839 sumere
1324 4776 1467 4857 valeret,
1497 4778 1655 4862 pastorali
1686 4777 1874 4863 provisione
1905 4782 1940 4841 et
1969 4775 2092 4841 auxilio

465 4883 556 4968 regio
581 4882 854 4968 compescendum
878 4882 1093 4947 decrevimus.
2110 4905 2136 4946 aa

577 4988 602 5049 1.
637 4985 810 5072 Inprimis
833 5006 980 5063 oramus,
1009 4990 1158 5069 optamus
1182 5001 1379 5067 operamque
1403 4981 1532 5063 damus,
1564 4991 1600 5049 ut
1627 4991 1730 5050 mater
1753 4991 1865 5051 nestra
1889 4990 2002 5049 sancta
2023 4982 2090 5048 Ro-

464 5109 562 5153 mana
585 5090 727 5154 ecclesia
749 5091 782 5153 in
806 5096 894 5154 statu
917 5087 1095 5154 ethonore
1120 5104 1180 5149 suo
1205 5104 1279 5148 eum
1296 5085 1446 5150 omnibus
1467 5087 1647 5172 privilegiis
1669 5095 1702 5153 et
1723 5089 1983 5168 auetoritatibus,
2007 5086 2093 5154 sieut

465 5192 508 5256 ab
539 5192 679 5278 antiquis
710 5197 744 5258 et
773 5192 938 5257 modernis
967 5189 1218 5276 imperatoribus
1248 5193 1346 5274 atque
1376 5191 1508 5276 regibus
1539 5193 1713 5260 sublimata
1742 5200 1809 5276 est,
1845 5195 1892 5259 ita
1920 5194 2092 5274 habeatur,

466 5302 619 5361 teneatur
648 5302 682 5362 et
711 5297 919 5382 perhenniter
951 5293 1153 5361 custodiatur
1183 5284 1309 5358 illesat.
1353 5292 1456 5360 Nefas
1486 5302 1537 5361 666
1566 5298 1670 5378 enim,
1703 5298 1844 5379 uther,
1879 5318 1963 5383 quae
1993 5296 2093 5361 totius

466 5399 610 5487 corporis
634 5400 797 5466 eeclesiae
821 5405 919 5486 capnt
941 5391 1012 5465 est2
1036 5406 1070 5466 et
1093 5397 1282 5482 coniugium
1305 5403 1403 5483 atque
1426 5401 1584 5466 relevatio
1608 5401 1855 5483 infirmantium,
1887 5419 2093 5487 equaquam
2110 5426 2137 5466 n

569 5589 595 5655 a)
612 5590 650 5642 ito
668 5589 734 5655 SS.,·
751 5591 865 5659 episcopi
883 5591 945 5643 Ant.
1033 5589 1060 5656 b)
1079 5591 1117 5643 tto
1134 5589 1201 5655 aar
1218 5589 1398 5642 convenientes
1416 5587 1477 5641 Aen.

570 5761 597 5828 1}
617 5759 712 5828 siue,
731 5759 824 5815 Prioil.
837 5759 929 5816 OttoI.
942 5759 999 5828 fid.
1010 5761 1086 5816 Rem.
1096 5759 1197 5815 Kirctic
1210 5777 1240 5829 p.
1254 5760 1317 5828 106,·
1336 5776 1367 5829 p.
1381 5761 1432 5815 166
1443 5777 1480 5829 oq.
1558 5763 1585 5828 2)
1602 5761 1659 5826 (ise.
1674 5759 1738 5828 (top.
1750 5760 1904 5816 antecedens
1917 5779 1946 5831 p.
1959 5765 2017 5832 101,
2036 5780 2057 5818 6
2069 5767 2092 5818 l.
