4560 6426
406 429 653 486 deplanctum
670 431 799 487 REGUM
817 432 1000 488 tenuclae
1019 433 1280 490 ocutuanunuls
1299 435 1447 505 (KAROLI
1460 436 1506 507 ll).
1526 467 1558 478 -
1576 437 1625 493 Νι.
1638 438 1698 494 273.
1798 441 1856 505 321

347 608 398 669 25.
432 605 474 670 Ut
481 616 503 684 ²,
520 607 671 692 quoniam
688 608 721 672 in
737 608 896 694 praelatis
918 610 1067 695 capitulis
1081 611 1281 676 continetur·
1295 610 1329 674 in
1345 609 1429 675 libro
1444 612 1553 693 tertio,
1569 613 1710 697 capitulo
1723 611 1861 694 LXXV,
1878 621 1940 678 884.

239 698 319 773 ‘ut74
341 709 450 773 nullus
474 710 544 774 sine
568 712 746 795 permisso‘
769 713 857 797 regio
881 711 1030 778 bruniam
1054 714 1106 779 vel
1129 735 1219 778 arma
1235 722 1393 780 extraneo
1417 714 1495 780 dare
1519 722 1575 781 aut
1596 715 1740 782 vendere
1763 737 1859 802 prae-

239 811 368 892 sumat’,
396 819 429 877 ct
456 814 489 878 in
513 814 629 879 ecdem
659 814 750 896 libro,
781 816 923 902 capitulo
944 816 998 882 Vl.
1027 817 1198 902 designata
1226 823 1321 882 suut¹²
1343 818 1415 882 loca
1437 820 1545 904 regni,
1573 840 1676 904 usque
1704 818 1746 884 ad
1775 839 1860 905 quaa

239 917 459 1002 negotiatores
484 910 663 983 *bruniasll
687 925 720 983 et
742 940 833 984 arma
856 919 897 984 ad
913 920 1165 986 venundandum
1189 927 1320 1008 portare
1344 927 1377 985 et
1400 923 1542 988 vendere
1565 922 1724 998 debeant;
1757 921 1857 1007 quod·

207 1041 218 1076 a
239 1022 265 1085 si
288 1022 411 1085 inventi
427 1020 547 1086 suerint
561 1023 649 1087 ultra
663 1028 830 1108 portantes
854 1029 911 1087 aut
927 1023 1163 1106 venundantes,
1186 1031 1223 1087 ut
1243 1025 1347 1089 omnis
1365 1025 1550 1090 substantia
1565 1045 1677 1090 eorum
1694 1026 1861 1090 auferatur

237 1124 278 1188 ab
303 1123 368 1205 eis,
392 1124 527 1190 dimidia
550 1125 682 1210 quidem
699 1147 775 1212 pars
798 1125 946 1211 partibus
967 1127 1089 1213 palatii,
1112 1127 1199 1192 alia'
1221 1147 1298 1192 vero
1321 1127 1481 1192 medietas
1504 1129 1589 1194 inter
1618 1129 1733 1193 missos
1753 1128 1860 1212 regios

237 1233 271 1291 ct
293 1228 497 1294 inventorem
520 1227 710 1305 dividatur'3
739 1231 815 1317 quia
842 1232 988 1317 peccatis
1016 1232 1137 1295 uostris
1162 1231 1372 1316 exigentibus
1400 1233 1433 1296 in
1455 1239 1566 1297 nostra
1589 1232 1737 1298 vicinia*
1759 1230 1859 1296 Nort-

237 1333 347 1396 manui
370 1331 569 1397 deveniunt¹
593 1340 626 1397 ct
649 1335 698 1398 eis
722 1354 741 1397 a
764 1333 885 1398 nostris
908 1334 1044 1398 bruniae
1075 1341 1108 1399 et
1137 1355 1229 1398 arma
1258 1341 1356 1420 atque
1381 1335 1499 1401 caballi
1522 1342 1601 1400 auty
1624 1357 1682 1422 pro
1708 1335 1858 1420 redemp-

236 1437 325 1500 tione
348 1436 465 1501 dentur
488 1443 545 1501 aut
567 1457 625 1522 pro
649 1437 743 1522 pretii
766 1435 946 1524 cupiditate
963 1436 1203 1511 venundantur;
1226 1458 1298 1502 curn
1321 1459 1379 1523 pro
1397 1439 1620 1524 redemptione
1636 1439 1732 1504 unius
1754 1438 1859 1503 homi·

195 1559 220 1597 ιο
239 1541 288 1604 nis
311 1541 374 1604 ista
398 1539 561 1605 donantur
587 1541 640 1604 rel
667 1560 724 1625 pro
753 1560 857 1625 pauco
884 1540 990 1626 pretio
1014 1539 1258 1621 venundantur,
1286 1562 1346 1626 per
1372 1542 1434 1607 hoc
1463 1543 1623 1608 auxilium
1651 1543 1716 1608 illis
1746 1548 1860 1606 contra
1962 1568 1967 1578 ·

236 1665 296 1708 nos
319 1644 532 1730 praestitum¹
556 1650 589 1708 et
611 1643 705 1728 regni
728 1644 831 1708 nostri
852 1644 1030 1708 maximum
1060 1644 1097 1707 fit
1119 1643 1350 1712 detrimentum
1381 1653 1415 1711 et
1445 1646 1567 1712 multae
1590 1646 1676 1712 uei·
1698 1645 1859 1710 ccclesiae

236 1748 449 1814 destruuntur
481 1754 515 1813 et
543 1747 773 1833 quamplurimi
809 1746 978 1812 christiani
1008 1747 1249 1833 depraedantur
1278 1756 1312 1814 ct
1342 1749 1518 1816 facultates
1548 1750 1793 1815 ecclesiasticae
1826 1754 1859 1814 ct

237 1854 330 1938 regui
353 1851 605 1916 exhauriuntur:
640 1857 817 1937 propterca
846 1873 912 1917 una
940 1874 1011 1918 cum
1042 1873 1202 1920 consensu
1225 1860 1325 1939 atque
1348 1854 1484 1919 consilio
1508 1861 1690 1920 nostorum
1713 1853 1858 1920 fidelium

237 1957 479 2038 constituimus,
508 1955 575 2034 utb,
603 1956 798 2041 quicumque
826 1963 901 2041 post
928 1957 1096 2042 proximas
1125 1957 1221 2022 Iulii⁰
1250 1957 1417 2024 Kalendas
1449 1959 1544 2024 huius
1573 1958 1784 2024 duodecimae
1807 1958 1857 2021 in-

195 2060 388 2124 edictionis
411 2058 647 2124 llortmannisd
670 2078 873 2144 quocumque
897 2059 1029 2145 ingenio
1055 2061 1108 2126 vel
1130 2081 1189 2147 pro
1205 2060 1431 2148 redemptione
1447 2063 1499 2126 vel
1523 2072 1599 2149 pro⁰
1622 2062 1731 2148 aliquo
1755 2060 1859 2147 pretio

234 2165 384 2229 bruniam
408 2165 459 2228 rel
482 2182 707 2248 quaecumque
731 2184 822 2228 arma
844 2169 901 2227 aut
925 2165 1089 2229 caballum
1111 2164 1294 2245 donaverit,
1317 2166 1402 2231 sicut
1422 2166 1566 2251 proditor
1589 2167 1717 2252 patriae
1741 2173 1775 2230 et
1798 2185 1857 2229 ex-

235 2267 383 2354 positor*
411 2268 661 2333 christianitatis
699 2266 741 2332 ad
775 2266 992 2353 perditionem
1027 2268 1204 2352 gentilitati
1236 2268 1327 2334 siuef
1357 2270 1424 2334 ulla
1451 2271 1670 2336 retractione⁸
1701 2268 1775 2334 velh
1806 2289 1857 2332 rc-

235 2372 423 2459 demptione
458 2370 499 2436 de
535 2372 603 2436 vita
629 2377 813 2456 componet.
871 2368 965 2442 Quae
994 2371 1103 2434 omnia
1132 2371 1282 2438 omnibus
1311 2373 1465 2437 citissime
1493 2394 1513 2437 a
1539 2374 1646 2438 missis
1675 2373 1794 2437 uostris
1825 2378 1858 2436 et

235 2475 410 2541 comitibus
433 2481 512 2540 ncta
533 2473 636 2555 liant¹,
659 2495 700 2539 ne
725 2473 765 2539 de
789 2474 973 2558 ignorantia
996 2493 1030 2538 se
1055 2495 1215 2540 excusare
1238 2476 1380 2541 valcant.

192 2595 218 2634 ²0
343 2582 394 2644 26.
430 2570 531 2644 Utll6
553 2599 715 2664 pagenses
738 2577 872 2656 Franci,
897 2578 952 2663 qui
979 2577 1124 2643 caballos
1147 2579 1271 2644 habent
1293 2580 1345 2644 vel
1368 2578 1491 2645 habere
1514 2586 1667 2665 possunt,
1692 2597 1765 2642 cum
1789 2578 1857 2642 suis

236 2681 423 2748 comitibus¹
447 2683 480 2746 in
504 2683 632 2747 hostem
656 2690 811 2768 pergant;
842 2689 876 2746 ct
905 2681 1014 2746 nullus
1043 2703 1100 2768 per
1124 2683 1312 2748 violentiam
1343 2684 1395 2748 vel
1426 2704 1486 2769 per
1507 2683 1639 2769 aliquod
1662 2684 1783 2748 malum
1806 2683 1856 2746 iu-

234 2787 366 2872 genium
394 2794 450 2852 eut
472 2807 531 2872 per
554 2806 791 2872 quamcumque
814 2785 1021 2852 indebitam¹²ss
1044 2789 1291 2873 oppressionem
1322 2787 1442 2853 talibus
1466 2787 1599 2852 Francis
1623 2808 1699 2852 sues
1723 2809 1776 2854 res
1799 2795 1857 2851 aut

234 2891 378 2956 caballos
406 2891 513 2971 tollat,
547 2899 583 2955 ut
610 2890 736 2956 hostem
763 2891 873 2957 lacere
906 2899 940 2956 et
965 2891 1095 2956 debitos
1130 2891 1348 2979 paraveredos
1377 2890 1555 2958 secuudum
1584 2892 1751 2977 antiquam
1780 2911 1856 2956 cou-

235 2994 439 3060 suetudinem
471 2995 565 3059 nobis
593 2996 766 3060 exsolvere
795 3016 860 3060 nan
889 2996 1027 3082 possint,
1063 3016 1169 3081 neque
1203 3016 1313 3061 comes
1348 3016 1453 3081 neque
1483 2995 1601 3081 aliquis
1631 2996 1778 3059 minister
1809 2995 1857 3060 rei

191 3116 215 3155 ιε
234 3099 396 3186 publicae.
449 3095 574 3170 Quodsi
595 3098 717 3164 fecisse
745 3099 862 3184 aliquis
893 3119 1004 3164 eorum
1036 3100 1267 3186 comprobatus
1296 3099 1409 3176 fuerit,
1439 3100 1486 3164 sic
1514 3099 1576 3163 hoc
1605 3105 1742 3184 cogatur
1770 3119 1856 3162 com-

233 3224 371 3290 ponere,
402 3203 487 3268 sicut
510 3202 550 3268 da
574 3203 639 3268 illis
662 3209 713 3268 est
736 3203 945 3268 constitutum
976 3203 1008 3267 in
1039 3203 1274 3289 capitularibus
1303 3195 1447 3288 regnati,
1479 3203 1533 3287 qui
1560 3193 1719 3267 tortum63
1741 3203 1775 3266 in
1800 3222 1858 3266 suo

232 3307 389 3372 comitatu
412 3307 465 3372 vel
487 3307 666 3373 ministerio
689 3306 823 3372 iaciunt.

341 3413 391 3474 27.
426 3410 493 3474 Ut²¹
516 3411 627 3475 iuxta⁰
650 3411 775 3494 regium
799 3410 993 3496 capitulare,
1025 3410 1111 3497 quod
1139 3410 1278 3475 domnus
1302 3417 1335 3476 ct
1357 3412 1487 3496 genitor
1509 3417 1619 3476 noster
1643 3432 1727 3476 anno
1750 3409 1858 3475 XVU

232 3514 323 3599 regni
351 3515 401 3579 sui
432 3513 575 3601 capitulo
595 3513 689 3578 vlle
717 3507 932 3594 constituit78,
963 3516 1098 3580 comites
1125 3517 1178 3580 vel
1208 3515 1310 3580 ‘missi
1346 3516 1449 3580 nostri
1477 3515 1653 3600 diligenter
1682 3516 1857 3600 inquirant,

188 3621 344 3704 aequanti
372 3619 520 3684 homines
548 3619 642 3684 liberi
665 3621 697 3684 in
726 3620 861 3705 singulis
885 3619 1090 3684 comitatibus
1119 3626 1287 3700 maneant,
1319 3621 1373 3704 qui
1403 3640 1462 3706 per
1490 3641 1525 3683 se
1556 3625 1694 3704 possunt
1719 3618 1856 3704 expedi-

231 3726 374 3788 tionemr
395 3723 520 3803 iacere,
550 3723 601 3788 vel
625 3726 737 3809 quanti
759 3724 800 3790 de
824 3724 891 3804 bis,
915 3723 1034 3810 quibus
1061 3744 1145 3788 unus
1168 3723 1268 3787 alium
1291 3723 1437 3802 adiuret,
1468 3724 1580 3807 quanti
1609 3723 1707 3787 etiam
1731 3722 1772 3787 de
1795 3723 1856 3798 his,

232 3830 285 3914 qui
309 3849 329 3892 a
351 3826 477 3892 duobus
502 3827 616 3892 tertius
633 3826 806 3892 adiuvetur
828 3829 899 3892 val·
922 3833 1160 3914 praeparetur',
1184 3847 1310 3891 necnon
1333 3824 1373 3889 de
1396 3826 1455 3904 his,
1480 3827 1534 3911 qui
1558 3847 1577 3891 a
1600 3826 1705 3890 tribus
1721 3833 1856 3912 quartus

232 3931 403 3997 adiuvetur
419 3934 468 3996 ct‘
491 3939 711 4018 praeparetur,
736 3932 803 3995 sire
824 3930 865 3996 de
882 3930 943 4010 his,
967 3932 1022 4016 qui
1045 3952 1065 3996 a
1087 3936 1226 4016 quatuor
1242 3931 1373 4016 quintus
1388 3929 1560 3994 adiuvetur
1581 3937 1615 3993 et
1630 3937 1856 4016 praeparetur,

230 4042 267 4099 ut
289 4035 534 4121 expeditionem
562 4035 773 4100 exercitalem
796 4034 906 4100 facere
930 4035 1070 4122 possint,
1100 4041 1268 4100 eteorum
1292 4055 1452 4098 summam
1476 4033 1517 4098 ad
1540 4041 1684 4098 nostram
1707 4034 1854 4098 notitiam

187 4156 211 4194 at
231 4137 405 4216 delerant';
428 4147 465 4206 ut
487 4141 551 4220 illi,
581 4140 634 4225 qui
658 4141 691 4203 in
715 4139 843 4204 hostem
865 4159 1004 4224 pergere
1027 4148 1115 4204 ncn¹¹
1138 4140 1320 4224 potuerint,
1350 4138 1442 4203 iuxta
1469 4138 1636 4222 antiquam
1660 4144 1695 4201 et
1717 4137 1855 4204 aliarum

330 4329 356 4396 ¹¹)
379 4327 443 4383 Ood.
455 4329 479 4384 3.
494 4328 596 4398 percit:
620 4326 835 4382 christianitatis
855 4329 884 4381 et
901 4327 1014 4382 adiutor
1030 4327 1181 4398 gentilium
1207 4326 1334 4381 erroris'.
1375 4327 1466 4396 Igitur
1493 4343 1543 4394 pro
1569 4325 1620 4380 tali
1645 4320 1807 4380 ¹venditione
1826 4327 1855 4379 et

229 4431 298 4469 ausu
318 4415 465 4470 temerario
484 4415 620 4480 volumus,
640 4419 672 4470 ut
690 4415 820 4470 venditor
837 4414 872 4469 dc
890 4415 950 4469 vita
967 4417 1119 4485 componat
1137 4417 1166 4469 at
1183 4430 1278 4468 omncs
1297 4427 1340 4466 res
1359 4412 1417 4466 eius
1435 4413 1605 4467 infiscentur.
1642 4411 1854 4467 Ecclesiasticus

230 4517 294 4556 vcro
313 4502 370 4557 Deo
388 4505 439 4557 aut
457 4506 566 4558 sacrata
584 4505 719 4573 perpetuo
739 4501 823 4556 exilio
842 4502 1039 4572 dampnentur.

331 4677 354 4743 r)
373 4680 430 4731 Non
448 4661 540 4731 debera
558 4695 630 4730 amna
651 4679 693 4730 vel
716 4679 822 4730 bruniae
844 4678 899 4730 sira
921 4677 1034 4730 caballos
1056 4677 1220 4729 Nortmannis
1238 4677 1360 4742 vendere,
1379 4685 1405 4729 ct
1422 4677 1453 4728 de
1471 4676 1566 4728 iudicio
1584 4693 1684 4741 eorum,
1703 4675 1748 4742 qni
1766 4677 1856 4728 feccrit

185 4763 533 4826 embammatum
619 4763 811 4824 siccatae.
902 4761 1153 4832 t)permissu2.3.
1247 4763 1384 4828 u)cm.6.
1476 4761 1602 4828 v)ali6.
1690 4760 1853 4828 w)terrati.

228 4848 256 4916 x)
274 4853 434 4905 devenerunt
450 4849 475 4903 3.
562 4850 591 4918 y)
610 4869 659 4904 can.
677 4850 701 4902 3.
789 4851 814 4916 a)
832 4857 978 4919 praestatur
994 4849 1019 4902 3.
1100 4849 1126 4914 a)
1144 4850 1267 4902 ecclcsiae
1285 4852 1333 4901 Dei
1350 4849 1380 4914 23
1398 4851 1460 4902 eccl.
1480 4859 1506 4902 et
1523 4851 1571 4902 Dei
1589 4848 1613 4901 3.
1702 4849 1729 4910 b)
1748 4849 1853 4899 [metam

228 4940 362 5004 capitium
379 4937 403 4990 7.
507 4938 532 5002 c)
550 4939 681 4990 Kalendas
704 4938 764 4989 lulli
784 4935 852 4999 2.3;
876 4939 936 4988 Iulii
959 4955 1007 4989 cm.
1026 4933 1048 4988 7.
1154 4935 1182 5002 d)
1207 4938 1360 4988 Narmanuis
1382 4935 1406 4988 7.
1502 4933 1528 5002 e)
1551 4953 1600 4988 om.
1622 4933 1645 4986 4.
1745 4934 1769 5001 l)
1788 4937 1809 4986 si
1827 4933 1851 4986 6.

227 5022 254 5092 g)
273 5027 451 5078 retractatione
468 5023 493 5079 4.
581 5025 609 5091 h)
628 5043 674 5092 pro
688 5025 751 5076 cdd.
770 5021 794 5075 6.
883 5025 902 5085 t)
920 5025 1016 5075 saciant
1033 5021 1058 5074 6.
1145 5023 1174 5086 Ιι)
1193 5025 1250 5074 Non
1269 5025 1361 5075 debere
1374 5023 1651 5090 pauperibusFrencis
1670 5039 1710 5073 res
1729 5037 1790 5074 suan
1810 5023 1851 5073 rel

227 5111 341 5164 caballos
358 5129 404 5180 per
415 5113 567 5179 cuiusquam
580 5112 729 5164 violentiam
742 5111 845 5176 auferri,
864 5117 890 5162 ct
902 5111 1029 5176 quomodo
1041 5110 1126 5176 puniri
1139 5109 1238 5174 debeat,
1257 5110 1302 5174 qui
1315 5111 1364 5161 hoc
1379 5111 1469 5162 lecerit
1479 5110 1551 5160 matr.
1569 5109 1597 5159 in
1609 5107 1634 5160 6.
1704 5107 1724 5174 l)
1736 5109 1816 5160 armis
1828 5107 1851 5160 3.

184 5221 209 5258 45
228 5197 264 5260 m)
283 5200 446 5266 cupiditatem
464 5209 510 5252 aut
527 5199 551 5252 3.
640 5201 667 5262 n)
684 5199 806 5250 Omnium
823 5212 951 5248 summam
963 5198 1119 5248 Francorum
1139 5196 1165 5248 in
1178 5195 1288 5264 singulis
1300 5197 1464 5248 comitatibus
1483 5197 1536 5264 regi
1550 5195 1728 5258 nuntiandam,
1747 5196 1852 5260 etquid

227 5286 311 5337 lacere
334 5286 445 5338 debeant
465 5302 591 5354 pauperes
613 5285 775 5353 expeditione
797 5284 882 5336 hostili
904 5283 976 5334 naba
1000 5283 1027 5334 in
1046 5281 1070 5334 6.
1166 5284 1255 5348 alqui
1277 5281 1393 5335 iuxtati.
1491 5281 1634 5351 p)v11.3.
1731 5283 1758 5348 q)
1776 5284 1809 5332 11.
1827 5279 1851 5332 3.

227 5372 250 5436 r)
269 5373 394 5425 alitteris
410 5373 564 5440 peditionem
586 5372 674 5438 incipit
695 5372 787 5422 ι’ωηιιιι
804 5369 828 5422 5.
925 5369 948 5432 s)
965 5387 1014 5421 ont.
1033 5367 1057 5420 3.
1145 5369 1165 5432 t)
1185 5377 1214 5420 nt
1231 5367 1256 5421 3,
1348 5368 1378 5433 ιι)
1396 5385 1445 5420 cm.
1463 5365 1488 5419 4.
1501 5367 1526 5420 6.
1619 5367 1646 5432 v)
1666 5357 1796 5435 putandus
1813 5369 1853 5420 uel

226 5459 411 5511 existimandus
427 5459 564 5512 calamita
582 5458 754 5524 mpplendam
771 5465 814 5509 eet.

329 5611 372 5680 74)
390 5614 485 5682 Assa.
499 5612 559 5681 ΙΙΙ,
576 5627 597 5666 c.
611 5609 653 5679 76,
670 5610 830 5680 l.cp.l33.
912 5610 956 5676 75)
976 5607 1050 5664 ibid.
1061 5625 1083 5664 c.
1093 5611 1118 5678 6,
1132 5627 1162 5678 p.
1171 5609 1232 5664 488.
1313 5609 1357 5679 76)
1375 5607 1430 5675 Ost.
1444 5606 1578 5666 Beuum.
1592 5606 1850 5676 Beitrdpepstttlm

183 5737 209 5777 ac
227 5719 272 5784 77)
293 5717 347 5784 Ost.
368 5716 433 5786 Gap.
452 5717 581 5772 Gnidiae.
594 5717 654 5784 867,
672 5715 875 5786 repromitti,
893 5730 914 5768 c.
928 5717 952 5770 8,
1040 5715 1084 5782 78)
1104 5713 1198 5782 Sapra
1212 5731 1242 5784 p.
1254 5716 1315 5783 tm.
1333 5714 1440 5770 meum.

330 5831 368 5868 aa.
386 5829 553 5868 carnuntum
570 5829 595 5868 ιι.
1613 5808 1645 5862 41
