4634 6436
436 435 494 498 160
723 430 969 487 euertendam
988 431 1116 488 REGUM
1135 429 1319 487 Fatuclus
1339 427 1570 487 ORIENTALIS.
1588 461 1622 470 —
1639 431 1688 485 Nr.
1700 431 1759 486 243.

353 611 413 665 862.
433 609 585 689 reputare
608 604 713 689 possit
735 609 792 669 aut
814 604 905 685 velit,
928 611 965 669 ut
987 604 1138 670 similiter
1159 625 1238 689 erga
1260 624 1318 669 vos
1342 603 1437 671 illabo
1460 604 1634 670 observate
1656 625 1719 668 non
1742 604 1893 670 habeam.
1928 601 2052 676 Quodsi

430 706 502 789 quis
534 704 680 786 sceeritd,
710 713 845 791 paratus
875 727 946 772 sum
975 707 1052 772 inde
1075 708 1170 773 uobis
1200 713 1322 773 certam
1354 707 1490 773 reddere
1522 707 1679 772 rationem
1708 712 1741 772 et
1769 707 1899 792 dignam
1926 707 2053 771 faeere⁶

430 807 697 872 satisfactionem.
742 806 786 872 Et
809 809 837 872 si
859 809 979 894 aliquis
1002 810 1082 875 mihi
1105 816 1257 896 reputare
1280 810 1433 889 uoluerit,
1458 808 1545 896 quod
1569 815 1726 895 quantum
1750 831 1793 874 ex
1816 831 1868 874 me
1892 815 1958 888 est,
1987 809 2053 889 illa,

430 930 515 996 quae
543 909 648 975 debeo
676 911 787 996 nepoti
815 916 925 976 nostro
949 911 1140 992 Hlotbario,
1171 912 1347 978 observata
1373 933 1437 977 non
1464 912 1623 992 habeam,
1655 912 1805 977 similiter
1827 918 1959 997 paratus
1982 933 2053 976 sum

430 1017 552 1076 certam
584 1011 722 1077 reddere
752 1014 914 1080 rationem
946 1021 979 1081 et
1008 1024 1203 1100 congruam⁸
1230 1014 1340 1079 faeere
1371 1013 1637 1080 satisfactionem.
1683 1013 1832 1088 Qualiter
1863 1020 1973 1078 eutem
2002 1035 2052 1096 ea,
2083 1037 2095 1076 s

430 1135 513 1199 quae
541 1115 621 1180 mihi
650 1118 799 1201 promisit
825 1118 898 1198 ille,
931 1139 1011 1203 erga
1033 1139 1085 1183 me
1109 1118 1285 1184 observata
1307 1116 1444 1197 habeat,
1475 1139 1540 1183 non
1568 1118 1673 1183 solum
1696 1136 1774 1202 ego,
1805 1115 1863 1182 sed
1887 1123 1920 1182 et
1943 1119 2054 1203 plures

431 1218 488 1281 alii
512 1219 627 1285 sciunt.

538 1323 568 1387 2.
604 1320 669 1387 Sed
692 1328 726 1388 et
746 1323 830 1388 sicut
852 1323 945 1389 nobis
969 1330 1046 1388 tune
1068 1322 1115 1387 ibi
1138 1323 1301 1405 convenit,
1324 1328 1360 1387 ut
1380 1329 1672 1408 temporestatute
1688 1322 1729 1388 ad
1745 1323 1853 1387 locum
1870 1320 2053 1386 condictum

430 1444 503 1487 eum
523 1425 721 1509 primoribus
742 1445 916 1511 regnorum
932 1432 1115 1492 nostrorum
1132 1420 1411 1508 conveniremus¹,
1434 1432 1470 1490 ut
1494 1427 1549 1507 ibi,
1573 1447 1722 1513 quaeque
1745 1427 1779 1491 in
1801 1427 1911 1511 regnis
1934 1428 2053 1491 nostris

430 1528 658 1598 emendatione
681 1529 782 1615 digna
805 1536 839 1596 et
861 1531 1047 1596 necessaria
1070 1537 1164 1596 erant
1186 1532 1273 1595 etin
1299 1536 1412 1595 sancta
1434 1530 1497 1594 Dei
1521 1530 1662 1596 ecelesia
1685 1536 1719 1595 et
1742 1531 1774 1594 in
1798 1535 1909 1594 nostro
1932 1551 1971 1593 ac
1994 1550 2053 1616 po·
2074 1552 2098 1589 ιο

430 1630 499 1716 puli
528 1633 749 1713 salvamento,
780 1639 994 1698 tractaremus
1023 1640 1056 1700 et
1083 1655 1143 1698 nos
1172 1655 1252 1719 erga
1279 1633 1394 1699 fideles
1421 1640 1550 1698 nostros
1574 1639 1608 1698 et
1630 1632 1744 1699 fideles
1767 1634 1870 1698 nostri
1894 1653 1973 1717 erga
1995 1653 2054 1696 nos

430 1734 678 1800 emendaremus
709 1743 743 1802 et
771 1735 976 1802 observanda
1003 1736 1043 1802 de
1072 1743 1182 1802 cetero
1214 1742 1451 1816 statueremus,
1484 1741 1519 1801 et
1547 1737 1650 1802 semel
1680 1742 1714 1801 et
1742 1736 1885 1801 secundo
1909 1734 2054 1800 adhaec

430 1838 624 1925 exequenda
653 1844 786 1924 paratus
813 1839 874 1920 fui,
905 1846 939 1905 et
965 1839 1006 1904 ad
1036 1839 1098 1904 hoe
1125 1839 1225 1905 etiam
1253 1860 1338 1903 nuuc
1362 1840 1516 1920 conveni,
1550 1839 1634 1903 sieut
1657 1860 1758 1925 saepe
1783 1839 1863 1904 mihi
1885 1859 1944 1924 per
1967 1860 2053 1903 com-

431 1963 547 2008 munes
570 1943 685 2009 fideles
709 1950 837 2009 nostros
863 1943 1055 2011 mandastis.

539 2047 569 2113 3.
602 2045 666 2111 Pro
689 2045 807 2132 quibus
830 2053 940 2112 eutem
964 2048 1071 2113 causis
1096 2067 1169 2111 cum
1188 2046 1337 2132 praefato
1360 2051 1480 2131 nepote
1502 2052 1613 2110 nostro
1637 2045 1848 2130 antealoqui
1870 2046 2097 2124 nonuolui,1s

431 2170 525 2235 quam
543 2149 712 2214 vobiscum
736 2149 812 2214 inde
836 2151 1018 2236 acciperem
1043 2151 1224 2231 consilium,
1247 2149 1407 2235 quaedam
1424 2148 1497 2213 volo
1521 2148 1574 2213 hic
1593 2148 1780 2233 designare,
1804 2148 1962 2235 quaedam
1977 2169 2055 2213 varo

430 2259 545 2338 postea
567 2273 709 2337 congruo
733 2253 805 2318 loeo
830 2261 863 2319 et
885 2254 1091 2319 convenienti
1115 2253 1210 2319 modo
1234 2254 1327 2318 vobis
1351 2253 1567 2318 innotescere.

537 2360 567 2423 4.
603 2355 742 2429 Quando
765 2357 870 2421 altera
892 2358 964 2423 viee
987 2357 1135 2444 probis,
1159 2377 1242 2442 quae
1266 2355 1350 2438 dixi,
1375 2354 1572 2420 tractandos
1592 2354 1634 2420 ad
1655 2347 1854 2420 Tusiacum²
1876 2355 1968 2435 veni,
1996 2353 2054 2418 ad-

430 2459 573 2544 portavit
595 2458 674 2523 mihi
697 2465 730 2524 et
753 2461 915 2545 episcopis
940 2461 1033 2546 regni
1055 2459 1158 2526 nostri
1172 2459 1262 2524 Boso
1287 2481 1329 2524 ex
1353 2464 1446 2544 parte
1463 2458 1573 2522 domni
1595 2457 1768 2544 apostolici
1785 2458 1941 2544 epistolas
1956 2478 2054 2543 quas-

430 2554 524 2625 dam³
546 2560 660 2647 nepoti
682 2567 792 2627 nostro
816 2569 850 2628 et
873 2564 1037 2650 episeopis
1062 2562 1155 2648 regni
1179 2562 1230 2627 sui
1254 2561 1445 2641 mittendas,
1469 2561 1638 2647 quasillis
1663 2561 1842 2626 seeundum
1866 2561 2054 2626 mandatum
2073 2579 2100 2619 eo

429 2663 538 2729 domni
567 2686 671 2750 papae
700 2666 954 2747 transmisimus,
983 2665 1141 2753 quasdem
1164 2671 1274 2730 autem
1298 2665 1391 2730 nobis
1414 2664 1571 2750 legendas
1595 2670 1629 2729 et
1652 2664 1888 2744 observandas,
1918 2685 2054 2750 quarum

430 2775 463 2833 et
491 2767 543 2832 hic
575 2774 701 2833 textum
729 2768 904 2834 hebemus:
940 2771 992 2834 ὶι]Β
1015 2769 1133 2856 quibus
1162 2768 1345 2834 invenimus
1375 2767 1455 2832 nosb
1482 2767 1682 2852 increpatos,
1714 2788 1772 2832 cur
1799 2767 1991 2832 fornicarios
2021 2769 2054 2832 in

430 2891 529 2957 regno
552 2878 664 2937 nostro
687 2872 853 2938 immorari
876 2873 1142 2958 permitteremus
1166 2879 1200 2938 et
1227 2893 1292 2937 nou
1315 2872 1421 2935 solum
1444 2871 1548 2956 ipsam
1571 2861 1757 2952 teminam4,
1791 2870 1849 2935 sed
1871 2877 1905 2936 et
1928 2875 2055 2936 omnes¹

429 2974 594 3039 faventes¹
622 2975 757 3040 facinori
786 2975 856 3040 eius
885 2997 905 3041 a
933 2996 1068 3061 corpore
1098 2982 1131 3041 et
1158 2975 1317 3060 sanguine
1340 2972 1471 3039 Domini
1499 2974 1816 3054 excommunicatos,
1848 2995 1952 3058 usque
1978 2973 2055 3038 dum

431 3079 501 3163 ipsa
524 3077 639 3142 mulier
661 3077 824 3143 advirum
848 3099 943 3143 suum
960 3078 1094 3144 rediret.
1128 3077 1172 3143 Et
1187 3078 1318 3158 scimus,
1342 3078 1427 3142 sicut
1443 3083 1576 3143 sanctus
1593 3077 1671 3143 dicit
1687 3077 1880 3163 Gregorius,
1903 3079 2054 3164 quoniam
2074 3094 2099 3134 ²⁵

432 3179 506 3267 qui¹¹
534 3180 732 3261 resecanda,
761 3182 788 3246 si
817 3187 942 3268 potest,
974 3202 1038 3247 non
1061 3182 1208 3266 corrigit,
1239 3182 1312 3268 ipse
1341 3180 1398 3246 illa
1421 3181 1602 3245 committit.
1646 3180 1717 3246 Nos
1740 3187 1850 3246 autem
1872 3179 2056 3245 audivimus

431 3283 632 3369 praedictam
655 3285 809 3349 feminam
838 3285 871 3350 in
900 3306 1001 3370 regno
1031 3286 1160 3372 nepotis
1187 3286 1290 3351 nostri
1314 3286 1524 3364 commorari,
1557 3291 1590 3350 et
1613 3284 1697 3349 hanc
1721 3285 1919 3350 senteutiam
1942 3289 2057 3370 postea

431 3408 495 3450 non
526 3386 707 3451 audivimus
735 3387 948 3452 immutatam.
993 3387 1037 3451 Et
1063 3388 1120 3474 qui
1148 3409 1324 3474 gravamur
1350 3389 1489 3469 nostris,
1520 3388 1673 3453 timemus
1702 3387 1816 3453 alienis
1844 3389 1943 3453 etiam
1967 3409 2055 3452 com-

431 3490 598 3555 municare
621 3490 765 3576 peccatis
790 3489 1057 3555 communicando
1080 3492 1383 3556 excommunicatis.

538 3597 568 3660 5.
602 3593 720 3659 Filiam
750 3601 894 3660 nostram
922 3593 1033 3659 Iudith
1054 3585 1207 3659 viduam⁵
1234 3594 1412 3660 secundum
1441 3595 1533 3680 leges
1558 3593 1686 3660 divinas
1714 3600 1748 3659 et
1769 3594 1951 3660 mundanas
1975 3587 2057 3659 sub6
2075 3613 2101 3650 ³0

431 3697 566 3762 tuitione
590 3696 813 3762 ecclesiastiea
835 3702 869 3762 et
891 3697 982 3783 regio
1004 3695 1229 3764 mundeburde
1253 3699 1464 3762 constitutam
1486 3689 1689 3762 Balduinus⁷
1712 3697 1776 3762 sibi
1800 3697 1926 3761 furatus
1950 3698 2056 3762 estin

430 3821 582 3865 uxorem:
618 3820 715 3885 quem
744 3792 838 3885 post8
866 3800 976 3885 legale
1006 3799 1159 3865 iudicium
1188 3801 1330 3886 episcopi
1361 3801 1453 3885 regni
1482 3800 1584 3864 nostri
1606 3801 1974 3866 excommunicaverunt
2002 3821 2055 3866 se-

430 3902 571 3967 cundum
600 3923 711 3968 sacros
741 3923 883 3968 canones
912 3907 946 3967 et
969 3900 1195 3967 diffinitionem
1224 3903 1330 3968 saneti
1353 3901 1505 3987 Gregorii
1528 3924 1651 3988 papae,
1686 3903 1741 3989 qui
1768 3902 1861 3967 dicit:
1896 3895 1962 3968 ‘bii'
1985 3903 2056 3988 quis

431 4006 563 4072 viduam
585 4006 712 4070 furatus
735 4006 891 4071 fueritin
913 4025 1061 4086 uxorem,
1089 4004 1175 4092 ipse¹
1198 4014 1231 4071 et
1253 4006 1499 4072 eonsentientes
1523 4006 1555 4071 ei
1579 4005 1755 4071 anathema
1777 4003 1863 4071 sint’
1908 4005 2002 4080 Quae
2025 4011 2058 4070 et

534 4211 560 4277 c)
579 4213 624 4264 illa
641 4229 690 4263 ont.
705 4210 727 4264 l.
806 4212 833 4277 d)
852 4214 930 4265 tuerit
946 4211 971 4264 4.
1050 4211 1074 4277 e)
1092 4215 1178 4265 faeere
1256 4228 1397 4278 congruam
1416 4229 1464 4264 om.
1477 4208 1501 4265 4.
1573 4211 1599 4277 f)
1617 4219 1757 4266 tractantes
1774 4210 1799 4264 4.
1869 4212 1898 4280 g)
1917 4214 1944 4265 in
1962 4213 2057 4280 quibus
2075 4226 2100 4265 es

431 4316 480 4350 om.
498 4297 523 4349 3.
602 4296 630 4363 h)
647 4315 695 4350 orn.
714 4296 738 4349 3.
812 4298 833 4364 i)
852 4299 972 4351 omuibus
989 4299 1144 4352 iacientibus
1162 4296 1192 4363 23
1214 4314 1281 4350 corr.
1300 4299 1526 4351 consencientibus
1544 4297 1569 4350 3.
1644 4296 1673 4363 k)
1691 4299 1713 4349 si
1731 4299 1789 4365 quis
1807 4297 1836 4362 ‘23
1858 4298 1957 4365 siquis
1975 4311 2016 4351 res
2033 4307 2059 4351 et

431 4401 525 4438 causas
542 4385 564 4437 si
582 4391 666 4451 potest
682 4379 708 4435 3.
777 4383 797 4450 l)
814 4401 863 4436 ern.
884 4382 907 4437 l.
1020 4399 1021 4402 ’

538 4571 561 4638 l)
579 4570 655 4625 Haec
670 4568 855 4625 ἀωίἀοναοιιιιτ
872 4571 903 4625 tn
920 4570 986 4625 uotis
1002 4586 1086 4640 supro
1103 4586 1145 4624 ar.
1158 4569 1219 4625 242.
1232 4568 1323 4638 abtim
1340 4571 1389 4636 cfr.
1407 4568 1512 4637 aaa,
1529 4567 1635 4623 Frena
1649 4569 1734 4626 mea
1747 4586 1776 4638 p.
1788 4570 1848 4626 474.
1917 4572 1945 4636 6)
1961 4563 2057 4639 Tusey,

430 4675 488 4743 dep.
502 4676 602 4743 Merrae,
620 4673 659 4728 ad
670 4675 777 4729 Mosam
793 4674 864 4741 sitan
881 4689 995 4729 canores
1012 4672 1109 4744 syrwdi
1125 4671 1293 4727 resecasse
1309 4689 1336 4726 α.
1349 4672 1408 4728 860.
1427 4672 1470 4727 dte
1488 4673 1532 4725 22.
1550 4673 1647 4727 usensis
1661 4673 1780 4728 Octobris
1796 4673 1936 4729 edcbrutm
1951 4667 2057 4729 masat

429 4777 506 4846 opud
518 4778 614 4832 Mutet
627 4777 692 4846 XV,
703 4778 750 4833 cot.
762 4779 814 4835 557
826 4794 879 4847 sqq.
954 4777 982 4847 3)
1000 4777 1143 4833 Nicolus'I.
1161 4793 1203 4846 ep.
1221 4777 1263 4846 54,
1273 4778 1345 4846 App.
1356 4793 1394 4846 ep.
1409 4778 1433 4845 1,
1451 4778 1549 4832 Mans
1567 4777 1635 4846 XV,
1657 4779 1703 4833 eol.
1716 4778 1776 4846 326,
1791 4779 1857 4846 366‚·
1875 4779 1964 4847 Jafft,
1990 4779 2055 4849 Rep.
2074 4796 2101 4834 so

430 4882 535 4949 Perdis.
549 4883 585 4951 Ρ,
598 4881 675 4951 2684,
688 4883 765 4938 2686.
802 4883 857 4952 Ep.
866 4884 908 4938 54.
924 4882 963 4937 od
974 4881 1153 4937 Heraeorum
1165 4881 1283 4950 atterere
1299 4881 1441 4950 opesopes,
1460 4883 1532 4950 App.
1543 4897 1582 4949 ep.
1597 4883 1620 4937 l.
1637 4880 1676 4934 ud
1694 4879 1829 4936 Koreton
1845 4880 1943 4958 dirceus
1960 4887 2010 4950 est,·
2025 4881 2057 4936 in

430 4990 528 5040 matre
560 5001 620 5041 cere
651 4985 757 5041 iubetur
782 4985 918 5054 epistolom
949 4985 986 5040 od
1011 4985 1045 5040 H
1048 4986 1192 5041 lothariam
1215 4984 1450 5040 cassamentum
1473 5000 1533 5040 ease
1663 4986 1692 5054 4)
1719 4984 1922 5054 Enpdtraden,
1947 4999 2057 5039 moran

430 5088 546 5146 Boeotis
560 5089 700 5156 nominati,
717 5088 815 5144 comitis
834 5089 932 5157 Mica,
949 5105 1018 5158 quae
1035 5090 1133 5144 morito
1149 5089 1238 5144 relicto
1254 5105 1314 5144 eum
1329 5087 1452 5158 Vespero
1469 5089 1582 5143 oueaollo
1600 5088 1631 5142 ia
1649 5088 1791 5143 Hlottors'i
1807 5104 1920 5159 rmum
1936 5089 2058 5158 saperet,-

429 5193 479 5259 efr.
493 5192 626 5261 Regimen.
643 5191 732 5247 duee.
751 5192 788 5246 ud
804 5210 830 5246 o.
842 5194 902 5258 866,
920 5191 958 5248 ed.
979 5192 1071 5248 Kurra
1084 5209 1114 5262 p.
1128 5194 1177 5259 84‚·
1195 5193 1342 5261 emme,
1366 5192 1504 5258 Ostsrcint.
1518 5193 1601 5248 aad
1614 5193 1651 5246 11
1654 5195 1673 5260 ¹,
1688 5209 1719 5262 p.
1733 5194 1766 5249 16
1777 5209 1814 5261 eq.
1919 5194 1947 5260 5)
1966 5192 2056 5248 Ethel-

430 5297 511 5366 wolfi,
535 5297 604 5366 repis
622 5297 748 5366 Ascliae
775 5298 826 5363 cfr.
845 5297 949 5353 Berts'a
971 5313 1038 5350 aaa.
1061 5297 1099 5351 od
1116 5314 1141 5352 a.
1153 5299 1218 5363 662,
1241 5299 1258 5353 1.
1274 5313 1296 5353 c.
1309 5313 1338 5365 p.
1351 5299 1394 5353 56.
1497 5298 1525 5364 6)
1543 5296 1710 5352 Hiacmurse
1727 5296 1759 5349 in
1777 5297 1881 5351 Bestia.
1900 5311 1967 5352 aaa.
1985 5297 2001 5350 t
2020 5312 2056 5350 a:
2074 5312 2100 5352 ss

424 5401 481 5488 ‘sub
508 5400 630 5456 tuitione
655 5402 774 5470 paterna
800 5403 830 5455 et
855 5399 934 5470 regia
961 5403 1046 5470 atque
1073 5400 1225 5470 episcopali
1252 5400 1380 5457 custodia
1405 5399 1577 5455 servabatur.
1717 5400 1744 5468 ἵ)
1773 5399 1863 5455 &mes
1894 5398 2055 5454 Faceres.

430 5507 458 5574 8)
476 5505 645 5559 Hineaems
661 5505 678 5559 l.
691 5519 714 5558 c.
728 5521 758 5572 p.
770 5504 814 5559 57:
831 5506 896 5572 post
912 5502 1071 5558 mundanae
1087 5503 1159 5573 legis
1175 5502 1310 5558 iudicium
1322 5502 1483 5558 canonicam
1497 5545 1504 5559 .
1516 5543 1522 5557 .
1534 5543 1541 5557 .
1554 5501 1705 5560 secuudum
1719 5502 1812 5558 edicta
1823 5502 1902 5558 beati
1915 5503 2056 5574 Gregorii:

430 5611 471 5674 ut,
489 5608 513 5662 si
532 5608 595 5678 quis
613 5607 725 5662 viduam
745 5606 775 5662 iu
793 5622 906 5662 uxorem
925 5608 1033 5662 furatus
1052 5607 1145 5673 fuerit,
1165 5609 1194 5662 et
1212 5606 1417 5663 consentientes
1435 5607 1470 5671 ei,
1487 5607 1637 5663 anathema
1656 5606 1721 5671 sint,
1740 5606 1865 5676 depromi
1884 5607 2055 5662 senteutiam

430 5712 466 5768 ab
485 5711 622 5784 episeopis
640 5709 737 5782 petiit;
759 5709 792 5765 ia
810 5709 950 5766 &uastare
967 5709 1064 5780 oppido
1081 5728 1107 5768 a.
1120 5713 1178 5768 862.
1266 5711 1293 5778 9)
1314 5709 1414 5781 Syeed.
1434 5709 1551 5767 Remea.
1564 5710 1622 5779 721,
1643 5708 1740 5765 Massi
1754 5709 1827 5778 ΧΠ,
1845 5711 1891 5765 ool.
1903 5711 1963 5781 264,
1979 5727 2000 5768 e.
2016 5713 2056 5768 10.
