4560 6426
429 435 490 498 320
595 431 842 487 CAPl'l'ULARlA
861 431 987 487 REGUM
1008 431 1192 486 FRANCIAE
1210 431 1471 488 OCOIDENTALIS
1490 430 1639 500 (KAROLI
1652 430 1698 498 ΙΙ).
1718 461 1749 470 -
1769 430 1818 483 Nr.
1830 430 1889 484 273.

349 617 408 670 864.
428 605 471 670 Et
502 627 566 670 non
596 607 699 671 solum
733 607 766 671 iu
798 607 1071 693 pauperioribusl,
1110 608 1166 673 sed
1197 608 1295 674 etiam
1324 608 1356 673 in
1386 605 1556 671 ditioribus
1591 605 1799 671 considerare
1827 605 1975 670 volumus
2002 603 2051 667 di-

428 710 637 790 scretionem,
672 731 768 795 quarn
795 710 987 777 decessores
1018 713 1119 777 nostri
1148 733 1241 797 reges
1273 713 1304 777 in
1339 717 1455 797 quarto
1490 710 1572 775 libro
1611 709 1828 795 capitulorum
1863 712 2052 794 posuerunt,

429 814 591 901 capitulo¹¹
620 813 741 878 LVII.v
768 814 999 880 decernentes:
1035 807 1123 880 ‘Ut7¹
1154 815 1195 881 de
1229 814 1360 896 debito’,
1394 814 1559 900 inquiunt,
1592 813 1688 900 ‘quod
1723 813 1763 877 ad
1794 833 1875 899 opus
1906 817 2052 876 nostrum

426 919 525 984 fuerit
546 917 768 1001 rewadiatum,
792 918 895 984 talis*
920 918 1135 984 consideratio
1160 920 1232 999 fiat,
1263 925 1299 984 ut
1321 920 1364 999 is,
1388 919 1442 1004 qui
1466 919 1655 1004 ignoranter
1678 916 1837 1003 peccavit,
1861 937 1924 981 non
1947 923 2052 980 toturn

427 1022 605 1088 secundum
629 1023 736 1107 legem
759 1042 955 1108 componere
980 1030 1122 1107 cogatur,
1147 1023 1205 1089 sed
1228 1024 1320 1088 iuxta
1343 1023 1428 1109 qnod
1452 1022 1607 1108 possibile
1625 1022 1730 1086 visum
1755 1021 1860 1085 fucrit.
1906 1020 1940 1084 Is
1963 1041 2051 1100 vero,
2091 1043 2103 1080 s

427 1128 481 1214 qni
505 1132 633 1192 tantum
655 1126 742 1190 mala
767 1125 933 1191 voluntate
958 1127 1116 1212 peccavit,
1139 1133 1241 1192 totam
1264 1127 1349 1212 legis
1373 1126 1639 1212 compositionem
1664 1131 1803 1211 cogatur
1825 1122 2017 1190 exsolvere’

536 1235 588 1297 2³.
624 1231 689 1294 Ut¹
713 1230 822 1294 nullus
850 1230 1005 1316 deinceps
1038 1231 1069 1294 in
1098 1252 1199 1314 regno
1231 1237 1359 1295 nostroy
1387 1230 1560 1295 mixturam
1584 1231 1654 1294 auri
1679 1230 1732 1294 nel
1757 1228 1883 1314 argenti
1906 1227 1948 1292 ad
1972 1250 2050 1292 veu-

427 1335 570 1402 dendnm
593 1337 704 1400 faeere
728 1334 782 1399 vel
806 1335 988 1399 consentire
1012 1341 1214 1421 praesumat;
1244 1341 1278 1400 et
1300 1334 1408 1398 nullus
1432 1355 1451 1397 a
1474 1335 1575 1398 missa
1598 1334 1703 1399 sancti
1725 1332 1878 1416 Remigii,
1900 1331 1933 1396 id
1958 1338 2009 1396 est
2032 1355 2052 1396 a

427 1439 583 1525 proximis
601 1437 758 1504 Kalendis
781 1437 940 1516 Octobris,
965 1458 1079 1502 aurum
1103 1438 1154 1502 vel
1178 1444 1348 1523 argentum
1373 1437 1414 1502 ad
1439 1436 1643 1502 rendendum
1667 1436 1736 1502 vel*
1761 1435 1964 1514 emendum
1988 1436 2051 1500 nisi

429 1541 635 1630 purificatum
660 1541 813 1629 prolcrat.
865 1540 908 1604 nt
936 1542 963 1606 si
990 1541 1061 1626 quis
1090 1543 1262 1606 inventus·
1289 1542 1387 1606 luerit
1415 1546 1490 1627 post
1519 1541 1685 1628 praelatas
1708 1539 1876 1604 Kalendas
1899 1537 2051 1604 Octobris
2072 1559 2096 1598 ro

427 1668 541 1712 aurum
554 1647 608 1712 vel
625 1651 796 1730 argentum
809 1645 861 1710 vel
876 1644 1102 1730 quodcumque
1124 1643 1330 1709 fabricinium
1347 1643 1411 1709 exb
1427 1665 1505 1709 auro
1519 1646 1570 1709 vel
1587 1646 1743 1729 argentob
1758 1645 1895 1710 mixtum
1911 1642 1951 1707 ad
1972 1663 2051 1707 ren-

427 1751 569 1818 dendum
591 1751 666 1816 vel⁰
690 1749 882 1815 emendum⁰
904 1755 1049 1836 portare,
1073 1769 1093 1812 a
1115 1749 1272 1814 ministris
1295 1750 1341 1814 rei
1366 1749 1517 1835 publicae
1541 1750 1663 1834 ipsum,
1688 1747 1774 1833 qnod
1796 1748 1986 1833 portaverit,
2007 1746 2051 1811 ab

426 1877 465 1920 eo
488 1855 631 1936 tollatur,
655 1855 781 1941 etipse
806 1852 884 1941 per‘¹
907 1852 1124 1933 fideiussores,
1147 1853 1174 1918 si
1198 1875 1250 1918 res
1280 1860 1313 1918 et
1337 1854 1498 1939 mancipia
1521 1853 1552 1918 in
1576 1853 1632 1917 illo
1656 1852 1811 1917 comitatu
1834 1872 1898 1915 nou
1922 1851 2051 1931 habet⁰,

427 1960 469 2026 ad
492 1960 710 2047 praesentiam
734 1965 877 2024 nostram
901 1959 1068 2044 cumipse
1092 1978 1171 2022 auro
1196 1957 1246 2024 vel
1271 1965 1407 2044 argento
1432 1957 1623 2038 adducatur,
1647 1962 1683 2020 ut
1705 1976 1762 2020 nos
1784 1954 1860 2021 inde
1884 1975 2050 2020 commen·

427 2064 557 2144 demus,
584 2064 723 2149 qualiter
746 2063 918 2150 culpabilis
941 2062 1112 2128 iudicetur.
1165 2061 1200 2128 Si
1224 2084 1301 2128 vero
1332 2085 1383 2129 res
1412 2068 1445 2128 et
1467 2062 1629 2148 mancipia
1651 2060 1703 2126 rel
1726 2060 1863 2140 mobile,
1887 2081 1946 2146 per
1968 2080 2051 2145 quae
2071 2086 2096 2124 rs

428 2167 577 2252 distringi
601 2166 754 2252 legaliter
776 2168 889 2253 possit,
912 2166 945 2230 in
970 2167 1040 2253 ipso
1058 2167 1214 2231 comitatu
1237 2167 1396 2244 habuerit,
1420 2165 1598 2231 seeundum
1616 2166 1723 2251 legem
1740 2165 1782 2230 ad
1798 2170 1940 2230 nostram
1956 2184 2052 2250 prae·

427 2271 564 2335 sentiam
588 2271 699 2335 venire
724 2270 883 2335 iubeatur.
935 2270 978 2334 Et
1010 2271 1036 2334 si
1060 2271 1230 2357 quisquam
1253 2272 1405 2336 inventus
1430 2271 1527 2336 luerit
1551 2291 1644 2335 suum
1669 2291 1782 2335 aurum
1806 2270 1857 2335 vel
1881 2274 2052 2353 argentum

428 2376 479 2439 vel
507 2373 732 2460 quodcumque
755 2373 962 2439 fabricinium
992 2397 1034 2439 ex
1063 2395 1143 2439 auro
1172 2375 1224 2439 rel
1256 2381 1391 2460 argento
1422 2381 1552 2461 portare
1582 2373 1622 2438 ad
1651 2373 1793 2452 labrum,
1823 2380 1858 2437 ut
1886 2379 2053 2459 purgetur,

427 2479 621 2565 provideant
642 2479 690 2544 rei
713 2478 864 2565 publicae
888 2478 1037 2556 ministri,
1061 2500 1102 2542 ne
1125 2478 1207 2542 hae⁰
1230 2478 1403 2543 occasione
1427 2476 1468 2542 ab
1492 2499 1542 2558 eo,
1567 2477 1653 2563 quod
1678 2497 1772 2542 suum
1797 2477 1905 2558 luerit,
1928 2476 2053 2540 tollant.

428 2582 553 2656 Quodsi
574 2583 713 2647 fecerint
743 2590 776 2646 et
806 2582 848 2648 ad
876 2603 935 2646 nos
963 2581 1038 2647 inde
1069 2582 1258 2647 reclamatio
1282 2582 1424 2661 venerit,
1459 2581 1543 2646 sicut
1573 2581 1644 2662 ille,
1681 2581 1735 2666 qni
1760 2573 1912 2645 tortum63
1936 2581 1967 2644 in
1992 2601 2051 2644 suo
2069 2609 2096 2649 ec

429 2688 584 2752 comitatu
604 2687 657 2752 vel
673 2687 853 2752 ministerio
877 2685 1002 2765 feeerit,
1027 2687 1059 2750 in
1075 2692 1224 2751 nostra0·
1247 2687 1299 2750 vel
1316 2685 1461 2751 fidelium
1477 2693 1660 2751 nostrorum
1676 2685 1864 2772 praesentia
1879 2684 2052 2771 culpabilis

428 2788 634 2856 iudicabitur.
680 2789 788 2855 Faber
810 2810 905 2870 vero,
930 2791 982 2875 qui
1006 2796 1080 2876 post
1102 2790 1269 2877 praelatas
1292 2789 1462 2856 Kalendas
1486 2789 1715 2876 comprobatus
1740 2789 1839 2856 luerit
1860 2810 1975 2854 aurum
1999 2790 2053 2854 vel

427 2899 596 2980 argentum
620 2893 661 2958 ad
684 2892 889 2958 vendendum
913 2895 965 2958 vel
985 2893 1158 2959 emendum
1180 2894 1382 2960 adulterasse
1406 2895 1457 2959 vel
1478 2895 1680 2973 misculasse,
1704 2896 1736 2959 in
1760 2894 1826 2959 illis
1850 2893 2051 2979 regionibus,

428 3000 459 3064 in
475 2999 569 3085 quibs
583 2998 726 3064 iudicine
742 2998 919 3063 seeundum
932 2999 1040 3084 legem
1052 2999 1234 3064 Romanam
1249 2999 1476 3078 terminantur,
1491 2999 1585 3063 iuxta
1601 2998 1689 3063 illam
1705 2999 1833 3084 legemy
1848 2991 2053 3085 puniatur3²;

430 3105 462 3168 in
485 3104 557 3169 aliis
581 3110 691 3167 autem
715 3101 925 3188 regionibusd
957 3104 1049 3188 regui
1080 3105 1181 3168 nostri
1211 3104 1389 3170 seeundum
1423 3103 1621 3190 capitulares
1642 3094 1805 3188 regiuml2
1833 3103 2097 3179 stoctonam„

428 3213 593 3272 monetam
622 3207 809 3293 percutiens
840 3227 970 3271 manum
1000 3206 1127 3293 perdat.
1179 3206 1222 3271 Et
1244 3207 1327 3272 liber
1350 3207 1460 3288 horno,
1491 3207 1545 3293 qni
1569 3207 1629 3272 hoc
1659 3191 1876 3287 consenserit,
1906 3206 1991 3272 sicut
2021 3207 2053 3271 iu

428 3310 575 3398 praelato
604 3311 790 3376 continetur
819 3311 978 3396 capitulo,
1009 3310 1152 3375 bannum
1175 3317 1336 3390 nostrum,
1364 3311 1398 3375 id
1420 3316 1470 3375 est
1490 3310 1610 3375 solidos
1633 3309 1835 3396 sexaginta‘l,
1867 3316 2052 3396 componat;

429 3415 564 3480 colonus
588 3415 640 3480 vel
667 3436 781 3480 servus
809 3414 936 3479 nudus⁸
959 3435 1032 3480 eum
1055 3413 1177 3500 virgish
1205 3414 1420 3500 flagellorum.
1472 3414 1506 3479 Si
1531 3435 1607 3478 vero
1631 3412 1775 3479 Iudaeus
1798 3413 1912 3493 suerit,
1935 3413 2052 3501 ipsum,

428 3518 514 3604 quod
538 3519 675 3582 mixtum
698 3518 863 3604 proferetl,
893 3519 1022 3606 perdat,
1053 3526 1086 3584 et
1108 3519 1251 3584 bannum
1276 3525 1437 3601 nostrum,
1473 3519 1558 3584 siout
1588 3527 1735 3606 tempore
1760 3517 2052 3605 praedecessorum

430 3628 613 3687 nostrornm
638 3622 838 3688 consuetudo
861 3623 931 3704 fuit,
955 3629 1138 3709 componat.
2072 3653 2098 3692 so

536 3729 588 3792 24.
622 3718 724 3790 Ut¹¹73
754 3727 787 3790 in
816 3727 904 3792 omni
933 3749 1034 3813 regno
1062 3733 1171 3792 nostro
1202 3747 1267 3792 uon
1294 3727 1435 3813 amplius
1467 3727 1626 3792 vendatur
1652 3726 1737 3791 libra
1766 3726 1836 3792 auri
1865 3723 2052 3812 purissime¹

428 3832 528 3910 coeti,
559 3831 621 3894 nisi
650 3829 821 3896 duodecim
844 3831 961 3896 libris¹¹¹
984 3832 1112 3917 argenti
1135 3831 1175 3896 de
1198 3833 1292 3896 noris
1317 3836 1351 3896 et
1374 3832 1495 3896 meris¹¹
1518 3830 1672 3896 denariis.
1715 3828 1802 3894 Illud
1826 3851 1902 3895 vero
1926 3850 2053 3908 aurum,

431 3934 519 4020 quod
542 3938 670 4000 coctum
693 3934 848 4020 quidem⁰
871 3935 978 4016 luerit,
1002 3936 1060 4002 sed
1084 3958 1148 4001 non
1172 3943 1309 4016 tautum,
1332 3942 1388 4001 ut1’
1411 3957 1454 4000 ex
1477 3956 1516 4002 eo
1533 3936 1729 4001 deauratura
1745 3935 1816 4000 fieri
1833 3936 1945 4020 possit,
1970 3933 2054 4000 libra

428 4060 494 4104 una
516 4037 557 4103 de
581 4059 660 4102 auro
683 4038 844 4104 vendatur
866 4039 980 4104 decem
1004 4040 1094 4104 libris
1119 4041 1246 4126 argenti
1270 4039 1309 4105 de
1334 4041 1427 4105 noris
1451 4047 1484 4104 et
1506 4041 1605 4104 meris
1629 4039 1782 4106 denariis.
1827 4037 1870 4102 Et
1894 4039 2052 4103 omnimo-

429 4143 479 4207 dis
508 4141 699 4229 prcvideant
728 4148 795 4206 tam
826 4145 978 4225 comites,
1012 4165 1107 4230 quam
1141 4146 1241 4210 ceteri
1272 4165 1385 4209 omnes
1421 4144 1557 4209 ministri
1591 4144 1639 4209 rei
1672 4145 1839 4231 publicae,
1873 4165 1915 4208 no
1944 4143 2053 4228 aliqua
2072 4175 2098 4216 ιι

428 4245 612 4311 adiectione
636 4246 688 4310 vel
711 4245 824 4312 fraude
848 4270 907 4334 per
929 4249 1133 4338 occasionem
1157 4247 1279 4334 aliquid
1302 4249 1441 4335 amplius
1463 4246 1634 4326 vendatur,
1659 4249 1741 4311 sicut
1762 4246 1804 4312 de
1829 4247 1896 4312 suis
1920 4247 2051 4311 honori-

428 4352 490 4414 bus
513 4349 625 4414 rolunt
651 4349 806 4434 gaudere.
852 4351 894 4416 Et
922 4353 1116 4438 quicumque
1146 4353 1231 4418 hanc
1262 4353 1578 4419 commendationem
1608 4359 1752 4417 nostram
1781 4352 1888 4438 aliquo
1919 4351 2051 4437 ingenio

428 4455 592 4518 infirmare
608 4454 661 4516 vel
681 4454 833 4520 fraudare
857 4477 915 4520 seu
931 4455 1027 4521 aliter
1042 4457 1211 4522 immutare
1228 4458 1379 4523 inventus
1402 4455 1521 4536 luerit,
1535 4447 1592 4521 εἰ72
1615 4456 1699 4522 liber
1720 4456 1817 4521 horno
1840 4455 1947 4535 fucrit,
1971 4455 2052 4520 ban-

430 4581 505 4625 num
529 4566 689 4636 nostrum,
720 4558 828 4625 idest
856 4561 1028 4644 sexaginta
1051 4559 1186 4636 solidos,
1220 4567 1404 4647 componat;
1439 4562 1573 4626 colonus
1604 4582 1663 4626 seu
1686 4581 1800 4626 servus
1829 4559 1956 4624 nudus‘l
1979 4581 2053 4624 oum

430 4664 531 4750 virgis
554 4664 769 4749 flagellorum.
2072 4697 2098 4736 ro

532 4881 553 4946 l)
573 4882 728 4950 pauperibus
745 4879 770 4934 4.
783 4881 807 4934 6.
895 4881 923 4946 ιι)
942 4900 990 4933 ons.
1005 4880 1028 4934 7.
1121 4884 1147 4948 ιι)
1165 4882 1203 4932 ita
1223 4881 1243 4934 l.
1257 4881 1281 4934 2.
1294 4881 1319 4933 4.
1333 4879 1399 4944 6.7;
1418 4884 1484 4934 LVI.
1497 4881 1520 4934 3.
1610 4880 1644 4948 w)
1664 4891 1690 4934 al
1707 4889 1812 4935 caetera
1829 4879 1853 4947 l,
1873 4900 1920 4935 oni.
1939 4882 2052 4948 reliquis.

429 4971 457 5034 x)
475 4971 549 5034 Quod
567 4970 639 5022 nulla
662 4971 717 5022 lieri
743 4971 856 5021 mixtura
881 4970 973 5021 debeat
997 4969 1022 5018 in
1045 4987 1108 5020 auro
1130 4970 1171 5020 vel
1190 4975 1310 5036 argento,
1334 4971 1408 5021 etde
1427 4969 1478 5030 bis,
1504 4970 1548 5034 qui
1573 4969 1621 5020 hoc
1646 4970 1764 5034 iecerint,
1782 4970 1894 5034 qualiter
1912 4971 2054 5036 puniantur

428 5057 499 5108 rubr.
518 5056 546 5108 in
562 5056 588 5108 6.
686 5056 714 5123 y)
733 5074 780 5108 oni.
799 5055 824 5108 6.
923 5055 947 5121 u)
966 5073 1014 5107 oni.
1033 5053 1057 5108 3.
1153 5056 1178 5119 a)
1202 5065 1259 5123 post
1283 5059 1361 5124 prael.
1381 5057 1454 5117 Kal,
1478 5075 1527 5108 oni.
1546 5059 1610 5122 Oct,
1630 5058 1682 5108 inv.
1701 5060 1718 5108 f.
1736 5057 1761 5108 ⁴2.
1780 5055 1804 5109 3.
1907 5057 1933 5122 b)
1952 5075 1984 5110 ex

428 5150 536 5211 argento
549 5161 595 5196 cns.
608 5143 632 5196 3.
702 5142 727 5208 c)
740 5162 788 5195 ons.
802 5139 826 5194 3.
896 5143 922 5208 d)
935 5161 983 5195 om.
997 5141 1021 5194 6.
1091 5142 1116 5208 e)
1130 5143 1224 5194 habeut
1237 5143 1261 5194 6.
1331 5143 1370 5208 er)
1384 5151 1468 5196 vestra
1480 5143 1504 5196 6.
1575 5147 1587 5194 s
1591 5145 1599 5206 )
1613 5144 1713 5210 regium
1725 5144 1867 5210 capitulare
1879 5142 1904 5196 4.
1917 5143 1945 5206 6;
1964 5163 2054 5212 regum

429 5231 570 5298 capitulare
587 5229 611 5282 3.
689 5229 719 5298 g)
738 5231 800 5282 nudi
885 5230 1046 5297 flagellentur
1063 5227 1088 5280 3.
1168 5229 1197 5294 Ιι)
1215 5232 1288 5297 virgo
1306 5229 1330 5283 6.
1410 5229 1429 5298 ἰ)
1448 5233 1561 5299 proterat
1578 5229 1609 5294 6;
1627 5231 1762 5297 protulerit
1778 5229 1803 5283 2.
1822 5229 1847 5283 3.
1926 5232 1955 5297 Ιι)
1968 5235 2054 5297 Quan—
2073 5255 2098 5294 ⁴5

428 5327 483 5370 tum
502 5318 595 5370 debeat
606 5317 683 5369 vendi
701 5318 769 5370 libra
785 5318 842 5369 anri
860 5317 925 5369 bene
943 5317 985 5368 vel
998 5317 1084 5368 minus
1095 5317 1161 5368 cocti
1174 5318 1245 5368 rubr.
1258 5318 1286 5368 in
1298 5315 1322 5369 6.
1395 5318 1414 5383 1)
1428 5318 1558 5385 purissimi
1573 5315 1597 5369 6.
1668 5317 1704 5381 ιιι)
1718 5319 1795 5371 libras
1810 5317 1833 5370 l.
1903 5315 2017 5385 nluoris
2028 5317 2054 5372 4.

429 5403 456 5470 o)
474 5423 521 5458 ons.
540 5401 566 5456 4.
653 5403 681 5471 p)
700 5421 749 5455 om.
767 5402 793 5455 3.
810 5401 835 5456 4.
922 5402 949 5470 q)
969 5403 1032 5455 nudi
1050 5443 1056 5454 .
1071 5441 1097 5455 ..
1117 5404 1280 5470 flagellentur
1297 5403 1321 5456 3.

510 5619 512 5624 ’
533 5600 575 5664 ll)
599 5599 695 5667 Aaron.
716 5598 766 5667 IV,
784 5616 804 5654 c.
822 5601 868 5666 56,
891 5605 952 5654 tom.
973 5600 1001 5667 Ι,
1020 5616 1050 5668 p.
1068 5600 1126 5654 444.
1227 5601 1270 5666 it)
1292 5600 1387 5670 Aaron.
1406 5599 1461 5666 IV,
1485 5617 1506 5657 o.
1524 5603 1571 5670 31,
1596 5603 1611 5655 l.
1631 5618 1652 5661 c.
1673 5619 1703 5674 p.
1722 5603 1788 5673 441,-
1811 5619 1897 5672 aapra
1917 5619 1938 5658 c.
1955 5605 1993 5661 16.
2014 5605 2052 5660 17.

430 5704 472 5772 ἳ3)
491 5703 546 5772 Osr.
567 5703 754 5759 nocareto.
769 5720 798 5772 p.
810 5704 901 5773 eumq.
