4560 6426
389 442 450 505 278
528 493 532 502 ,
554 436 800 494 capitutulum
818 434 945 491 REGUM
965 431 1148 489 FRANCIAE
1167 429 1427 487 ocoluurarnuls
1446 427 1594 500 (nouom
1607 427 1652 496 11).
1672 457 1704 466 -
1723 425 1771 482 Nr.
1784 426 1843 482 261,

310 621 370 676 864.
390 618 586 699 exegerunt,
621 612 681 675 boc
716 633 788 676 cum
823 632 882 676 sua
914 610 988 694 lege
1023 607 1087 671 illis
1121 605 1301 672 emendetss.
1353 605 1397 670 Et
1423 606 1479 691 qui
1510 605 1663 690 deinceps
1693 604 1753 668 hoc
1785 603 1892 668 facere
1915 623 2008 690 prae-

391 716 576 802 sumpserit,
601 714 695 779 simul
720 735 791 778 curn
816 711 1044 778 emendatione
1068 709 1267 774 dominicum
1290 710 1433 773 bannum
1457 717 1639 794 componat.

519 822 548 883 7.
582 817 633 882 De
650 817 841 897 latronibus,
865 818 919 901 qui
937 835 1023 879 nunc
1046 813 1126 877 nihil
1149 812 1224 877 mali
1248 812 1380 892 iaciunt,
1404 819 1437 876 et
1459 809 1546 897 quod
1568 813 1632 875 iam
1655 811 1710 875 diu
1725 811 1875 876 fecerunt
1897 831 2006 875 emen-

390 923 501 988 datum
525 922 664 997 babent,
688 928 720 986 et
742 922 851 987 nullus
874 921 969 985 modo
994 940 1092 1003 super
1115 939 1171 983 eos
1196 917 1329 996 clamat,
1353 915 1506 981 videlicet
1529 921 1564 979 ut
1586 921 1720 1000 propter
1743 915 1802 978 hoo
1826 915 1922 979 modo
1946 936 2008 979 non

390 1029 575 1114 puniantur.
1142 1048 1143 1051 ¹
2039 1037 2051 1076 a

491 1170 495 1180 ι
522 1131 552 1193 8.
588 1127 639 1192 De
663 1127 856 1207 bominibus,
880 1128 934 1212 qui
958 1127 990 1191 iu
1012 1125 1120 1190 banuo
1143 1130 1175 1189 et
1196 1126 1229 1188 in
1252 1125 1455 1210 paenitentia
1477 1124 1568 1188 missi
1591 1115 1684 1187 suntl
1709 1130 1741 1187 et
1763 1125 1857 1210 peius
1881 1146 2011 1211 semper

388 1234 526 1312 faciunt,
550 1232 677 1297 scilicet
700 1240 736 1295 ut
758 1253 778 1297 a
801 1231 908 1295 missis
932 1229 1124 1316 capianturh
1146 1235 1180 1294 et
1203 1229 1474 1314 constringantur.

519 1339 549 1401 9.
585 1335 636 1401 De
650 1337 788 1400 monetis
801 1341 833 1399 st
845 1335 987 1399 falsariis
1001 1333 1111 1411 labris,
1124 1332 1277 1398 videlicet
1290 1338 1326 1396 ut
1338 1332 1512 1417 diligenter
1524 1331 1728 1416 inquirantur
1740 1338 1774 1396 et
1787 1331 2011 1398 emendentur.

503 1446 550 1507 16.
585 1441 636 1506 Do
660 1441 758 1506 rebus
788 1439 1001 1505 ecclesiarum
1030 1439 1063 1500 in
1093 1435 1220 1500 alodem
1248 1427 1363 1516 datis⁸,
1392 1435 1545 1500 videlicet
1575 1442 1611 1500 ut
1633 1456 1653 1499 a
1675 1436 1784 1500 missis
1809 1438 2012 1522 inquirantur

392 1553 426 1609 et
449 1545 685 1625 describantur,
710 1550 742 1608 et
765 1544 834 1628 regi
859 1541 1072 1607 renuntietur.
2032 1566 2057 1605 m

504 1653 551 1713 ll.
587 1647 638 1712 De
661 1647 865 1712 monasteriis
890 1642 1142 1722 circumeundis,
1176 1641 1300 1722 idest,
1333 1650 1383 1722 ut,
1414 1641 1499 1708 sicut
1522 1642 1706 1709 ordinatum
1729 1635 1820 1720 fuiti,
1855 1645 1901 1710 ita
1923 1646 2013 1710 missi

392 1752 528 1838 exsequi
551 1760 735 1839 procurent.

505 1861 553 1924 12.
587 1855 638 1921 De
662 1855 863 1930 hominibus,
894 1855 948 1940 qui
971 1855 1087 1918 iterum
1111 1873 1130 1915 a
1154 1873 1238 1916 novo
1263 1858 1372 1936 raptos
1394 1851 1533 1927 iaciunt,
1564 1858 1600 1914 ut
1628 1872 1648 1915 a
1674 1852 1780 1915 missis
1810 1853 2013 1938 conprehen-

394 1961 512 2026 dantur
535 1967 568 2025 et
591 1961 852 2043 constringantur
875 1966 909 2022 et
932 1955 973 2021 ad
996 1955 1099 2040 regisi
1123 1955 1343 2040 praesentiam
1367 1953 1578 2018 deducantur.

505 2067 553 2128 13.
587 2062 639 2126 De
662 2061 820 2126 fidelitate
842 2061 913 2145 regi
936 2051 1201 2148 promittendam,
1236 2059 1267 2122 id
1295 2066 1361 2140 est,
1396 2081 1508 2124 omues
1537 2081 1596 2146 por
1625 2081 1760 2146 reguum
1784 2061 1871 2127 illius
1896 2061 2058 2127 Francia

394 2169 584 2234 fidelitatem
607 2167 654 2231 illi
670 2168 870 2253 promittant.
915 2166 959 2230 Et
982 2167 1036 2252 qui
1062 2165 1172 2230 dicunt
1196 2185 1231 2228 sc
1255 2164 1344 2228 illam
1366 2164 1565 2251 promisisse,
1589 2170 1645 2226 aut
1669 2164 1767 2228 certis
1790 2166 1929 2230 testibus
1953 2166 2015 2230 boc

395 2272 585 2358 adprobent,
612 2277 668 2335 aut
692 2271 799 2335 iurent
821 2293 857 2336 se
880 2270 970 2334 illam
992 2277 1068 2335 ante
1098 2271 1234 2348 iurasse,
1259 2275 1315 2333 aut
1337 2268 1426 2333 illam
1450 2269 1554 2355 ipsam
1578 2268 1769 2334 fidelitatem
1794 2273 2015 2355 promittenti.

757 2442 1052 2509 Sacramentum
1075 2447 1208 2506 autem
1230 2439 1451 2504 fidelitatis
1474 2442 1555 2506 tale
1580 2448 1654 2505 est:

503 2563 574 2649 Ego
598 2563 653 2629 illc
676 2562 816 2646 Karolo,
840 2563 1024 2629 Hludowici
1047 2569 1079 2628 et
1102 2561 1205 2628 ludit¹
1228 2561 1310 2640 filio,
1334 2562 1375 2626 ab
1400 2563 1461 2626 ista
1484 2561 1536 2628 die
1560 2563 1669 2628 inante
1692 2563 1797 2629 fidelis
1822 2585 1876 2629 ero
1901 2587 2016 2632 secun·

397 2669 472 2733 dum
496 2689 602 2733 meum
627 2661 817 2748 savirumfl,
847 2669 930 2733 sicut
953 2668 1099 2734 Francus
1124 2667 1217 2730 homo
1241 2687 1300 2751 per
1331 2673 1454 2730 rectum
1478 2686 1550 2730 ease
1575 2666 1673 2732 debet
1696 2688 1755 2732 suo
1779 2659 1890 2753 regist
1937 2669 2018 2735 Sicm
2037 2695 2064 2735 ao

397 2793 449 2837 me
473 2771 564 2836 Deus
588 2770 721 2837 adiuvet
744 2779 777 2837 st
799 2773 882 2838 istae
907 2771 1093 2858 reliquisses

1109 2929 1314 2938 *-

399 3067 508 3131 Anno
531 3067 817 3132 incarnationis
836 3065 994 3130 Domini
1019 3062 1249 3143 DCOOLIV,
1272 3063 1311 3126 V.
1329 3063 1460 3127 Nonas
1483 3063 1628 3128 Iulias⁰
1651 3063 1686 3126 in
1710 3063 1828 3127 mallo
1852 3059 2021 3132 Remis13

593 3171 661 3233 isti
685 3171 928 3251 iuraverunt,
959 3169 1060 3256 quod
1093 3170 1254 3233 iuratam
1284 3168 1521 3232 habuissent
1549 3167 1823 3234 fidelitatem.

506 3289 523 3353 Ι
532 3291 585 3354 sti
609 3291 840 3355 iuraverunt
862 3289 1100 3375 antiquitus:
1135 3287 1335 3365 Teudacrus,
1360 3287 1553 3368 Amalricus,
1580 3286 1775 3366 Rotboldus,
1798 3289 2021 3371 Amalbertus,

400 3392 512 3473 Dodo,
541 3392 791 3478 Wingbolduss,
831 3393 1003 3474 Berullus,
1037 3391 1153 3470 Wala,
1193 3392 1334 3469 Herilo¹,
1372 3391 1583 3472 Heirbertus,
1618 3391 1793 3474 Airardus,
1829 3391 2021 3476 Gotlandus,
2040 3417 2065 3458 a

400 3497 578 3582 Hilpricus,
603 3495 787 3581 Gerlegius,
809 3495 1010 3582 Amalgisus,
1033 3495 1148 3574 Heicc,
1171 3495 1354 3560 Amalrious
1379 3495 1482 3560 maior
1504 3495 1545 3560 de
1569 3495 1709 3561 Buxido.

507 3599 582 3664 Isti
611 3601 842 3665 iuraverunt
871 3599 1129 3665 fidelitatem:
1164 3598 1407 3679 Goderamnus,
1437 3599 1573 3680 Dodilc,
1603 3600 1810 3685 Sigebertus,
1841 3602 2021 3684 Fidentius,

400 3701 619 3782 llrmeuulfus,
643 3703 897 3788 Teutgriminus,
921 3702 1125 3784 Wicboldus,
1148 3702 1408 3788 Ermengaudus,
1431 3703 1648 3782 Rotmundus,
1673 3703 1842 3784 Gislullus,
1867 3707 2021 3772 Haimiri-

401 3827 472 3884 cus,
495 3805 712 3888 Teutbeldus,
736 3806 863 3892 Drogo,
886 3807 1100 3888 Teodericus,
1131 3807 1310 3888 Ebroinus,
1334 3807 1518 3884 Rodoinus,
1543 3807 1705 3886 Gislinus,
1729 3809 1915 3887 Vullridus,
1939 3811 2020 3876 Hai-

399 3911 544 3988 muinus,
569 3909 844 3989 Wandrebertus,
876 3910 1087 3992 Berecarius,
1117 3911 1314 3997 Angelinus,
1339 3911 1427 3987 Ado,
1457 3909 1660 3989 Meinardus,
1690 3910 1846 3978 Ottradus
1870 3913 2023 3993 decanus,
2041 3935 2067 3973 so

402 4013 605 4080 Guntbertus
622 4013 775 4094 decanus,
799 4015 1016 4081 Heruwiueus
1034 4015 1189 4094 decanus,
1207 4015 1313 4094 Ozias,
1330 4015 1435 4096 Ailus,
1452 4015 1649 4096 Teudaldus,
1662 4016 1847 4081 Teodoldus
1867 4018 2022 4098 decanus,

400 4116 584 4196 Bertricue,
614 4116 780 4199 Bethana,
810 4119 1021 4205 lagobertus,
1056 4119 1230 4183 Amblinus
1254 4117 1415 4199 decanus,
1443 4117 1639 4184 Gozselmus
1662 4121 1822 4199 decanus,
1845 4121 2024 4203 Vulfarius,

401 4220 596 4299 Flodoinus,
627 4222 867 4306 Anglobertus,
896 4223 1151 4301 blinmeuullus³,
1181 4221 1347 4287 Siobertus
1371 4221 1532 4302 decanus,
1556 4223 1682 4304 Hecto,
1705 4224 1817 4305 Isaac,
1842 4223 2024 4308 Gislardus,

402 4326 563 4406 Alaricus,
588 4325 767 4407 Gerardus,
791 4327 1033 4413 Madergaudus
1058 4327 1212 4394 decanus.

506 4515 534 4584 g)
552 4519 687 4569 emendent
710 4517 734 4569 2.
832 4518 860 4584 h)
884 4521 1019 4587 capiantur
1041 4516 1064 4570 1.
1165 4517 1184 4580 i)
1208 4534 1298 4584 regum
1316 4515 1341 4570 2.
1440 4515 1467 4584 lr)
1486 4517 1588 4582 Eaplic.
1611 4517 1636 4569 3.
1654 4519 1677 4571 5.
1697 4517 1722 4570 6.
1818 4521 1836 4584 l)
1854 4522 1981 4573 luditlrtae
2000 4521 2023 4574 2.
2043 4530 2069 4569 ³⁵

404 4603 439 4668 m)
457 4605 483 4655 Si
504 4603 525 4655 l.
600 4602 628 4670 u)
642 4603 743 4672 Ilcplic.
761 4603 785 4656 4.
861 4605 886 4672 o)
905 4606 965 4657 Iulii
977 4602 1001 4656 2.
1077 4603 1104 4671 p)
1125 4603 1215 4656 Uetera
1232 4604 1284 4655 des.
1303 4605 1330 4653 in
1349 4603 1372 4668 1,
1384 4605 1462 4671 soliis
1473 4605 1606 4655 nonaullis
1618 4606 1715 4656 exciam
1794 4606 1821 4672 ql
1834 4608 1989 4676 Wigboldus
2002 4607 2025 4663 2.

404 4689 427 4757 r)
446 4689 536 4743 Hecilo
554 4688 578 4742 2.
666 4692 689 4754 s)
708 4691 887 4743 Emmanulfus
904 4689 928 4742 2.

508 4859 534 4926 7)
550 4858 602 4927 Osr.
615 4859 680 4929 (lap.
692 4859 789 4916 Obma.
802 4860 939 4916 mariam
949 4860 1009 4928 825,
1020 4865 1080 4915 tom.
1091 4861 1114 4928 1,
1129 4876 1160 4929 p.
1172 4861 1232 4928 326,
1245 4876 1266 4914 c
1281 4863 1302 4914 l.
1381 4861 1409 4928 8)
1424 4858 1481 4926 Osr.
1496 4859 1560 4928 Gap.
1573 4860 1670 4916 Silvae.
1683 4862 1742 4930 853,
1754 4879 1841 4932 supra
1848 4879 1876 4932 p.
1890 4866 1949 4932 272,
1966 4883 1989 4923 c.
2003 4869 2027 4923 b.

405 4964 431 5032 2)
452 4961 507 5030 Cfr.
520 4963 590 5018 miss.
605 4962 741 5018 amam.
755 4966 814 5033 863,
832 4979 918 5032 aspro
932 4980 961 5032 p.
974 4963 1034 5030 267,
1053 4979 1075 5019 c.
1090 4965 1111 5016 1.
1191 4963 1233 5032 10)
1249 4962 1305 5030 Ofr.
1321 4962 1387 5033 Gap.
1405 4964 1475 5019 miss.
1488 4965 1548 5031 832,
1567 4981 1653 5034 supra
1667 4981 1695 5033 p.
1708 4966 1751 5033 64,
1767 4983 1788 5022 c.
1802 4969 1826 5023 6.
1898 4970 1939 5036 11)
1959 4971 1983 5025 Ι.
1996 4987 2029 5024 e:

404 5069 529 5136 ‘saraim
547 5083 645 5136 sapere,
662 5067 741 5128 scira·
757 5068 805 5135 cfr.
826 5068 901 5122 Pact.
914 5068 1083 5137 Arpeatorot.
1101 5067 1161 5134 842,
1180 5081 1264 5135 supra
1278 5083 1306 5134 p.
1321 5068 1379 5135 172,
1397 5068 1444 5122 lia.
1458 5070 1492 5124 13
1497 5088 1507 5136 ‚·
1524 5069 1622 5123 Κανοὶι1
1637 5068 1721 5137 Oapp.
1740 5070 1853 5124 rhetica
1873 5073 1932 5141 863,
1951 5074 2030 5141 iasra
2047 5093 2073 5132 ro

406 5190 447 5226 ar.
460 5173 519 5240 276,
539 5173 691 5242 Responsio
710 5173 790 5228 Koa:
808 5173 889 5228 iuxta
905 5189 997 5227 meum
1016 5170 1085 5226 scire
1098 5173 1126 5224 et
1139 5187 1227 5240 posse.
1314 5171 1357 5237 12)
1378 5170 1432 5238 Osr.
1447 5171 1510 5240 Cap.
1523 5173 1594 5228 miss.
1606 5189 1672 5242 spec.
1685 5174 1744 5240 802,
1763 5175 1862 5244 tmaL
1879 5191 1909 5244 p.
1924 5179 1971 5232 101
1979 5195 2031 5248 πᾳ,

405 5277 484 5331 aliter
502 5276 588 5348 Dapl.
607 5278 681 5346 lepat.
700 5276 737 5332 ad.
756 5278 819 5346 789,
838 5276 855 5330 l.
867 5293 888 5330 c.
902 5291 931 5344 p.
944 5275 986 5342 63,
1003 5289 1024 5328 c.
1038 5274 1078 5328 18.
1166 5274 1208 5343 13)
1227 5273 1345 5340 Sabatra
1361 5275 1499 5329 Hiaionar
1516 5277 1646 5332 alicime
1660 5294 1690 5346 p.
1704 5276 1745 5346 76,
1764 5284 1818 5332 not.
1834 5279 1866 5333 l2
1879 5281 1977 5347 probat
1995 5283 2031 5335 od

406 5384 479 5436 branc
496 5399 601 5436 carram
617 5381 785 5448 referendam
803 5396 856 5436 esec
874 5380 1023 5450 epistolam,
1045 5395 1124 5446 orsam
1144 5377 1310 5434 Hiacmorua
1327 5377 1425 5433 dircait
1445 5379 1580 5436 Bertrauo
1604 5379 1706 5434 illustri
1726 5381 1822 5435 comiti
1841 5381 2030 5440 'fardunensis

407 5487 473 5556 pugi
494 5529 540 5542 ...
560 5503 611 5556 pro
630 5489 802 5540 sacramento
820 5485 879 5554 regi
898 5482 1016 5554 agendo,
1036 5481 1158 5550 qualiter
1175 5481 1235 5552 regi
1248 5482 1413 5538 fidelitatem
1426 5483 1518 5537 iurare
1531 5483 1665 5538 deberent
1683 5484 1730 5552 qui
1749 5485 1779 5538 in
1792 5485 1880 5554 ipsius
1894 5489 2030 5544 comitatu

408 5590 605 5652 consistebant,
627 5588 779 5643 Flodoordi
796 5590 868 5643 Hac.
886 5589 946 5642 eccl.
968 5587 1042 5642 Rern.
1056 5586 1116 5654 111,
1133 5602 1154 5642 c.
1165 5588 1207 5655 26,
1227 5585 1273 5640 SS.
1289 5586 1378 5655 XIII,
1393 5605 1424 5657 p.
1437 5588 1496 5642 545.
2048 5607 2073 5646 45

1247 5765 1429 5772 0———-—-—--—
