4560 6426
413 445 474 506 256
576 441 827 496 ,enervaretur
847 439 973 494 REGUM
992 439 1175 494 lllthClhE
1193 437 1457 494 occluunvsuls
1476 435 1622 506 theabul
1636 436 1682 502 ll).
1701 465 1734 476 -
1754 435 1872 492 uraca.

335 848 394 904 a·
560 836 658 940 255.
708 825 1895 941 enervuunausurvrnnuroun

733 985 956 1096 APUD
994 983 1379 1230 TOIpBSAM
1414 983 1717 1092 DATUM.

1206 1205 1217 1228 .
1244 1157 1325 1229 run.
1697 1179 1700 1184 ·

523 1308 667 1408 lapitas
688 1325 724 1388 ia
739 1323 911 1389 codicibus:
946 1323 977 1406 1)
1001 1321 1104 1406 Hcop.
1124 1328 1136 1388 1
1159 1321 1221 1407 fol.
1242 1326 1308 1390 13⁷.
1347 1323 1379 1406 2)
1404 1319 1803 1405 Paris.4638fot.153'.
1834 1319 1868 1404 3)
1888 1318 2038 1384 Vollicell.

412 1427 454 1490 N.
472 1430 508 1490 21
532 1426 592 1511 sol.
612 1432 660 1491 14.
684 1427 871 1507 irtsaiptam
894 1426 1011 1502 verbis:
1046 1424 1225 1512 Sequentia
1250 1426 1393 1511 capitula
1408 1432 1481 1491 acta
1498 1433 1572 1490 sunt
1588 1424 1675 1511 apud
1691 1424 1846 1498 Tolosam
1863 1423 2038 1502 civitatem,
2069 1445 2081 1484 s

413 1552 498 1595 anno
529 1537 644 1616 quarto
672 1531 764 1616 regni
792 1529 914 1595 domini
944 1529 1078 1614 (domini
1107 1531 1199 1615 regni
1217 1530 1248 1614 l)
1280 1529 1408 1611 Karoli,
1438 1529 1616 1594 indictione
1631 1527 1679 1592 VI
1707 1536 1784 1610 (pro
1804 1526 1898 1611 VH),
1927 1546 2039 1591 mense

413 1633 523 1715 Iunio,
556 1641 731 1718 antequam
762 1633 834 1714 illa,
865 1653 949 1718 quae
977 1631 1192 1718 praecedunt,
1222 1632 1310 1698 iacta
1337 1633 1457 1698 fuerint
1485 1654 1581 1698 secus
1610 1631 1776 1698 'leudonis
1807 1630 1915 1694 villam
1944 1636 1977 1695 et
2007 1631 2040 1694 in

413 1737 524 1801 Verno
546 1738 668 1823 palatio
692 1744 725 1802 et
748 1737 781 1802 in
806 1737 949 1803 Belvaco
973 1737 1121 1812 civitate;
1145 1736 1203 1801 sed
1227 1735 1400 1802 ideoante
1424 1737 1480 1800 illa
1497 1736 1603 1823 posita
1626 1742 1710 1812 sunt,
1735 1736 1810 1821 quia
1832 1741 1865 1798 et
1879 1733 2040 1819 dignitate

414 1840 638 1924 generalitatis
674 1849 706 1905 et
733 1841 881 1927 synodali
913 1841 1141 1927 praeeminent
1170 1842 1377 1906 auctoritate.
1436 1841 1626 1921 Aateposait
1650 1840 1925 1920 scilicetseriptcr
1951 1837 2041 1904 illius

414 1943 537 2025 codicia,
560 1965 599 2010 ea
621 1965 681 2027 qao
700 1945 802 2010 nostri
817 1944 952 2009 derivati
966 1947 1049 2022 sant,
1072 1944 1260 2028 synodorum
1276 1944 1432 2010 dictarum
1448 1963 1582 2009 conones
1597 1948 1697 2008 aetate
1712 1943 1836 2024 atridem
1853 1941 2041 2023 pmtericrea
2059 1963 2084 2002 ιο

413 2047 463 2112 his
487 2047 651 2113 Tolosanis
673 2049 831 2130 capitalis.
1886 2129 1888 2134 ,

520 2151 621 2216 Edita
641 2157 717 2216 scat
738 2153 878 2234 capitale
899 2154 935 2216 ia
959 2153 1129 2217 obsessione
1150 2151 1239 2216 erbis
1261 2152 1397 2230 Tolosae,
1421 2172 1488 2217 arm
1510 2151 1653 2216 Karalus
1675 2151 1844 2216 Bernordc
1864 2150 2041 2216 marchione

413 2258 509 2319 morte
541 2256 672 2321 multato
703 2257 932 2337 Septimaniam
960 2258 996 2320 ia
1025 2275 1114 2322 amem
1141 2260 1324 2337 potestatem
1350 2257 1532 2338 redepisset,·
1566 2255 1626 2341 cfr.
1644 2255 1836 2334 ,Dbmmlam
1876 2254 2038 2336 Oetfrc'inla

413 2349 574 2438 Receffl,
592 2363 758 2442 abibam
864 2401 866 2406 ,
1572 2359 1766 2442 (allen
1789 2358 1934 2442 Pars.)

522 2551 642 2685 Haec,
665 2624 749 2690 quae
767 2611 930 2683 secuntur,
954 2604 1098 2692 capitula
1116 2605 1324 2668 consulentes
1345 2604 1556 2670 necessitati·
1573 2605 1801 2690 episcoporum
1817 2603 2039 2689 Septimaniae
2059 2627 2083 2668 rs

416 2717 450 2775 et
473 2707 694 2774 subiectorum
723 2710 770 2774 eis
799 2708 1055 2795 presbiterorum
1083 2707 1293 2795 providentes
1322 2708 1546 2795 possibilitati,
1576 2713 1754 2772 tractantes
1777 2708 1874 2773 etiam
1900 2707 1984 2772 sacri
2008 2713 2041 2773 et

416 2814 502 2878 iuste
523 2812 825 2899 inreprehensibilis
855 2812 1027 2878 ministerii
1049 2813 1270 2890 honestatem,
1301 2812 1566 2898 presbyterorum
1593 2811 1826 2878 reclamatione
1855 2811 2040 2877 commoniti

417 2916 640 2982 moderamine
663 2915 923 2982 mansuetudinis
946 2923 1078 2981 nostrae
1101 2937 1205 3001 usque
1230 2915 1270 2980 ad
1294 2914 1533 3001 diligentiorem
1551 2922 1725 2981 tractatum
1743 2915 1857 3002 synodi
1874 2915 2039 3001 generalis

416 3021 635 3086 decernimus:

528 3127 554 3187 l.
588 3121 634 3187 Ut
657 3124 802 3210 episcopi
819 3124 941 3188 nullam
957 3122 1212 3207 inquietudinem
1238 3124 1306 3188 sivo
1328 3124 1614 3211 exprobrationem
1635 3125 1836 3211 presbyteris
1852 3131 1909 3189 aut
1924 3131 2038 3211 aperte
2058 3146 2083 3186 n

417 3227 596 3313 ingerendo
626 3234 683 3292 aut
712 3227 776 3291 alia
799 3228 946 3312 qualibet
976 3226 1148 3291 occasione
1172 3226 1388 3294 machinando
1412 3249 1470 3314 pro
1494 3249 1545 3306 eo,
1570 3229 1655 3314 quod
1679 3249 1714 3292 se
1737 3227 1778 3293 ad
1802 3249 1860 3294 nos
1884 3227 1946 3294 hac
1968 3229 2040 3294 vice

417 3332 597 3397 reclamare
612 3337 783 3411 venerunt,
807 3331 967 3404 inferant;
989 3330 1066 3414 quia
1087 3329 1186 3415 longa
1208 3331 1375 3416 oppressio
1391 3331 1576 3396 huiusmodi
1600 3331 1725 3396 itineris
1749 3353 1806 3397 eos
1830 3332 1907 3397 lecit
1931 3332 2040 3398 subire

414 3436 572 3501 laborem.
1229 3459 1232 3468 ·

414 3545 416 3550 ’
524 3541 554 3603 2.
587 3533 653 3604 Ut1
681 3559 780 3604 unum
808 3536 950 3602 modium
983 3536 1136 3600 frumenti
1160 3542 1194 3600 et
1216 3557 1316 3601 uuum
1345 3536 1488 3602 modium
1519 3539 1609 3604 ordei
1641 3545 1738 3626 atque
1767 3561 1866 3605 unum
1896 3539 2039 3606 modium

416 3644 481 3707 vini
506 3665 579 3708 cnm
602 3665 770 3722 mensura,
801 3664 884 3728 quae
911 3640 1043 3727 publica
1075 3649 1108 3705 et
1131 3640 1268 3726 probata
1291 3663 1328 3705 ac
1352 3642 1515 3726 generalis
1540 3663 1599 3706 seu
1622 3643 1771 3728 legitima
1792 3665 1850 3731 per
1872 3645 2037 3710 civitatem
2057 3661 2082 3702 ss

416 3753 449 3812 et
472 3769 592 3833 pagum
616 3754 714 3833 atque
737 3747 936 3812 vicinitatem
961 3744 1115 3824 habetur,
1139 3747 1283 3832 episcopi
1308 3767 1327 3808 a
1349 3747 1554 3832 presbyteris
1578 3747 1750 3834 accipiant,
1775 3759 1808 3814 et
1829 3749 2039 3834 frischingam

418 3873 477 3916 sex
501 3851 665 3916 valentem
689 3849 839 3915 denarios
863 3855 920 3913 aut
943 3870 1002 3914 sex
1026 3869 1084 3935 pro
1109 3871 1149 3913 aa
1172 3847 1322 3913 denarios
1346 3856 1379 3914 et
1401 3871 1464 3914 non
1489 3851 1628 3937 amplius
1653 3852 1802 3936 exigant;
1838 3861 1871 3917 et
1900 3854 1927 3918 si
1957 3853 2040 3918 haec

416 3976 481 4020 non
505 3955 686 4041 accipiunt,
716 3954 890 4038 accipiant,
922 3952 949 4016 si
974 3952 1101 4031 volunt,
1132 3973 1190 4038 pro
1220 3952 1270 4017 his
1300 3954 1448 4018 omnibus
1473 3953 1555 4019 duos
1579 3955 1699 4020 solidos
1722 3956 1756 4020 in
1779 3956 1932 4036 denariis,
1957 3957 2041 4022 sicut

416 4060 447 4124 in
472 4049 650 4123 Toletano²
673 4063 706 4122 et
729 4048 976 4121 Bracharenso3
998 4057 1181 4120 consensul
1206 4057 1350 4143 episcopi
1374 4057 1598 4124 considerasse
1622 4059 1781 4124 dicuntur.

524 4165 552 4227 3.
587 4160 634 4226 Ut
649 4160 841 4247 presbytcri,
866 4159 919 4245 qui
943 4181 1043 4246 prope
1067 4161 1229 4225 civitatem
1254 4165 1395 4249 quinque
1420 4165 1557 4229 miliaria
1580 4172 1793 4245 commanent,
1817 4187 1875 4252 per
1898 4165 2037 4230 famulos
2057 4183 2083 4222 ω

417 4294 494 4337 suos
516 4269 716 4357 praedictam
739 4267 927 4353 dispensam
951 4265 1042 4332 reddi
1065 4267 1097 4330 in
1120 4251 1266 4346 civitate,
1297 4268 1347 4330 cui
1377 4268 1508 4332 iusserit
1531 4267 1671 4333 civitatis
1695 4269 1880 4355 episcopus,
1902 4268 2038 4344 faciant;

415 4375 470 4462 qui
502 4381 611 4440 autem
646 4372 775 4456 longius
809 4369 852 4435 ab
887 4369 968 4434 urbe
1003 4377 1223 4448 commanent,
1256 4377 1400 4434 statuant
1434 4373 1579 4459 episcopi
1612 4373 1686 4437 loca
1717 4373 1947 4439 convenientia
1980 4395 2040 4460 per

414 4480 584 4556 decanias,
609 4478 693 4541 sicut
716 4475 883 4542 constituti
908 4481 983 4539 sunt
1005 4473 1296 4561 archipresbyteri,
1327 4496 1389 4560 quo
1420 4476 1567 4541 similiter
1597 4483 1629 4540 et
1658 4475 1774 4541 eadem
1797 4477 2038 4563 propinquitate

415 4584 535 4649 caeteri
561 4581 743 4668 presbyteri
766 4601 825 4666 per
852 4579 991 4644 famulos
1020 4601 1096 4644 suos
1124 4578 1268 4643 debitam
1297 4579 1483 4666 dispensam
1513 4581 1806 4668 archipresbyteris
1833 4587 1890 4646 aut
1913 4582 2036 4668 episco-

414 4708 526 4773 porum
555 4685 713 4749 ministris
743 4683 935 4748 convehant.
987 4681 1031 4746 Et
1060 4689 1237 4770 procurent
1261 4683 1421 4769 episcopi,
1450 4706 1491 4750 ne
1515 4685 1653 4749 ministri
1676 4685 1804 4750 illorum
1828 4685 2038 4772 presbyteros
2056 4703 2082 4742 ³⁵

416 4791 621 4856 dehonorent
645 4794 701 4853 aut
724 4788 860 4874 pignora
882 4787 1056 4852 inhoneste
1085 4787 1228 4852 tollendo
1258 4789 1312 4852 vel
1341 4789 1536 4854 locationem
1568 4810 1626 4875 pro
1655 4777 1842 4875 receptione
1865 4789 2039 4877 dispensae

416 4892 589 4980 exigendo,
614 4889 672 4956 sed
688 4912 762 4955 cum
778 4891 957 4976 gratiarum
981 4891 1109 4955 actione
1133 4891 1300 4976 recipiant,
1325 4913 1408 4976 quae
1432 4894 1615 4979 presbyteri
1639 4895 1711 4958 curn
1728 4893 1900 4959 hilaritatis
1924 4894 2038 4959 huma·

415 4999 517 5062 nitate
541 4997 635 5062 iuxta
657 4985 859 5081 apostolum⁴
882 4993 1029 5060 conferre
1054 4994 1231 5060 debebunt.
1278 4996 1403 5070 Quodsi
1428 4999 1568 5064 ministri
1584 5001 1811 5086 episcoporum
1828 4999 2039 5084 presbyteros

415 5100 701 5180 dehonoraverint,
725 5098 857 5185 dignam
880 5099 945 5165 illis
969 5099 1088 5164 exinde
1113 5101 1257 5185 episcopi
1282 5102 1531 5186 castigationem
1557 5103 1748 5175 exhibeant;
1780 5105 1946 5190 quoniam,
1976 5103 2037 5168 nisi

415 5206 552 5272 iecerint
576 5210 609 5267 ct
639 5204 679 5268 ad
708 5225 768 5268 nos
797 5205 914 5268 iterum
945 5223 1002 5288 pro
1032 5203 1092 5267 hoc
1125 5225 1160 5268 se
1191 5204 1374 5291 presbyteri
1403 5207 1668 5287 reclamaverint,
1703 5215 1810 5272 motus
1833 5215 1960 5273 nostros
1983 5209 2037 5293 qui
2056 5229 2082 5266 cc

414 5308 585 5397 culpabilis
609 5313 758 5393 repertus
781 5307 879 5372 luerit
901 5307 1029 5371 sentiet.

520 5481 547 5546 a)
566 5484 717 5535 necessitate
736 5481 759 5534 1.
846 5480 874 5546 b)
892 5482 930 5532 itu
948 5482 1033 5544 cedde
1051 5499 1173 5533 consessu
1190 5483 1230 5533 vel
1247 5483 1355 5534 concilio
1373 5483 1507 5549 lepecdacr
1525 5502 1578 5536 esse
1590 5486 1727 5552 proposuit
1746 5487 1776 5538 G.
1790 5485 1825 5539 H.
1844 5487 1926 5539 Perta.

518 5636 545 5701 1)
565 5635 622 5702 Csr.
637 5635 718 5705 Oapp.
731 5635 806 5704 episc.
819 5635 973 5702 arn-850,
992 5651 1078 5702 aspra
1090 5651 1120 5702 p.
1133 5635 1175 5701 83,
1193 5651 1214 5689 c.
1228 5637 1270 5690 15.
1288 5635 1358 5706 [Ie]
1436 5637 1463 5703 2)
1484 5637 1563 5691 Ceno.
1580 5638 1730 5693 ToletVH.
1748 5641 1785 5707 (a.
1799 5641 1871 5707 684),
1891 5639 1986 5694 Menai
2001 5639 2037 5708 X,

414 5721 534 5786 corbes,
552 5722 603 5776 cl
699 5723 726 5793 3)
747 5721 825 5777 Ocno.
846 5721 959 5776 Bracor.
975 5720 1032 5774 ΠΙ.
1052 5721 1090 5788 (a.
1103 5721 1173 5791 572),
1195 5721 1291 5776 Monoi
1302 5721 1358 5792 IX,
1375 5723 1423 5777 ool.
1435 5723 1496 5792 839,
1513 5739 1535 5780 c.
1548 5726 1573 5780 2.
1660 5726 1688 5796 4)
1707 5727 1731 5780 2,
1747 5725 1864 5784 &cinth
1883 5728 1908 5797 9,
1919 5727 1942 5782 Ἰ.
