4590 6428
499 428 770 484 ADDITAMENTA
790 429 838 483 AD
857 427 1068 483 HLUDOWICI
1087 429 1136 484 PII
1155 428 1410 484 CAPITULARIA.
1427 458 1462 467 -
1480 428 1529 481 Nr.
1544 429 1602 483 196.
1823 433 1864 494 29

235 602 277 668 de
302 602 464 690 paradyso
487 603 599 676 eiecit;
629 602 739 668 odium
762 609 796 668 et
819 603 991 686 discordia,
1015 624 1099 690 quae
1123 603 1293 668 caritatem
1316 603 1401 669 inter
1423 603 1591 689 proximos
1615 603 1789 688 extingunt
1812 602 1866 667 et¹¹
1885 613 1945 668 829.

235 705 445 772 dilectionem
476 714 637 771 evacuant
668 712 702 771 et
731 707 840 771 omnia
867 707 954 772 bona
976 705 1188 793 pervertuntll
1216 713 1249 771 et
1280 728 1344 772 non
1375 708 1487 772 sinunt
1508 707 1675 792 proximos
1699 707 1731 770 in
1755 712 1867 771 mutua

236 809 414 876 dilectione
431 811 611 875 consistere
633 802 892 896 neque1³⁷¹etiam
910 812 1129 896 tranquillam,
1152 818 1189 876 ut
1204 811 1359 876 decuerat
1376 811 1579 892 christianos,
1604 812 1703 876 vitam
1718 810 1866 895 degere¹.

237 911 330 986 Quae
353 913 426 978 ideo
449 914 700 1000 periculosiora,
724 915 822 978 immo
844 914 1013 980 mortifera
1036 914 1196 995 diximus,
1219 916 1371 1000 quoniam
1396 921 1575 981 sectatores
1597 915 1788 1002 illorum'ea
1811 921 1867 979 aut

203 1038 303 1082 enon
326 1018 522 1104 intellegunt
546 1023 603 1082 ant
626 1023 715 1083 certe
738 1018 930 1102 intellegere
955 1016 1188 1103 dedignantur,
1218 1025 1251 1083 ct
1274 1020 1350 1103 qnia
1373 1040 1413 1084 ea
1435 1018 1712 1106 parvipendentes
1734 1040 1792 1104 pro
1816 1017 1867 1081 his

237 1124 279 1187 ad
303 1123 543 1188 confessionem
567 1143 632 1187 non
654 1123 790 1186 veniunt
812 1121 932 1186 idcirco
955 1143 1014 1186 nec
1039 1123 1274 1188 correctionem
1297 1129 1471 1188 merentur.

341 1243 401 1329 (2.)
438 1243 527 1329 Oap.
550 1243 597 1308 ΙΙ.
640 1240 749 1316 Quod
783 1243 1029 1308 universalis
1064 1251 1202 1308 sancta
1235 1244 1308 1310 Dei
1344 1245 1518 1310 ecclesia
1547 1265 1663 1309 unum
1693 1240 1869 1329 corpusi,

237 1349 407 1433 eiusque
434 1353 554 1432 capnt
576 1346 763 1411 Christus
792 1345 871 1412 sit¹.
915 1339 1098 1412 Primum¹4
1121 1350 1234 1433 igitur,
1266 1348 1352 1434 qnod
1381 1349 1575 1415 universalis
1606 1354 1719 1412 sancta
1746 1346 1869 1411 eclesia

236 1451 302 1517 Dei
325 1473 426 1516 unum
450 1473 567 1538 corpus
592 1449 767 1550 manifeste
796 1472 869 1516 esse
899 1450 1067 1533 credatur,
1096 1453 1232 1538 eiusque
1256 1459 1354 1540 caput
1377 1452 1552 1533 Christus¹,
1582 1451 1771 1538 apostolicis
1795 1470 1868 1514 ora-

192 1578 219 1616 ro
240 1556 320 1622 culis
340 1555 575 1643 approbamus;
598 1553 685 1619 unde
701 1552 838 1619 Paulus:
865 1546 980 1619 ‘Vos'5
1003 1561 1112 1620 autem
1137 1554 1228 1619 estis*
1252 1557 1355 1642 inquit
1378 1561 1507 1644 ‘corpus
1525 1555 1646 1621 Obristi
1670 1560 1703 1619 et
1723 1551 1870 1619 membra

239 1659 281 1726 de
305 1657 474 1740 membro’,
498 1659 656 1743 itemque:
680 1649 819 1722 ί81011116
842 1658 928 1724 enim
952 1659 985 1722 in
1008 1679 1073 1722 uno
1098 1680 1233 1745 corpore
1257 1661 1360 1724 multa
1383 1661 1530 1724 membra
1552 1660 1730 1737 habemns,
1762 1657 1870 1722 omnia

239 1771 349 1828 antem
372 1763 520 1827 membra
541 1783 605 1826 non
629 1760 769 1826 eundem
792 1769 900 1826 actum
924 1761 1056 1842 habent,
1080 1763 1126 1828 ita
1149 1764 1242 1829 multi
1265 1785 1365 1830 unum
1389 1785 1508 1851 corpus
1532 1785 1644 1830 sumus
1668 1764 1700 1828 in
1716 1759 1869 1840 Christo’,

239 1869 335 1932 item:
365 1859 512 1932 ‘Ouiusff
537 1872 636 1955 caput
659 1866 805 1931 Christus
830 1873 894 1948 cst,
920 1888 963 1931 ex
986 1888 1050 1952 quc
1074 1874 1177 1932 totum
1202 1889 1319 1954 corpus
1343 1889 1403 1955 per
1424 1889 1530 1932 nexus
1554 1874 1587 1933 et
1609 1867 1870 1932 coniunctionem

239 1972 502 2036 administratum
525 1972 644 2037 crescit
666 1972 699 2034 in
715 1970 873 2058 templum
893 1975 1041 2036 sanctum
1064 1971 1097 2035 in
1113 1970 1278 2038 Domino.'
1314 1971 1399 2036 Sunt
1421 1978 1454 2036 et
1477 1971 1541 2036 alia
1563 1972 1736 2035 innumera
1757 1969 1870 2033 huius·

194 2098 221 2137 rs
240 2075 369 2141 cemodi
392 2075 560 2161 exempla,
590 2096 674 2160 quae
697 2074 749 2138 hic
773 2074 815 2140 ob
838 2076 1062 2161 prolixitatem
1085 2077 1251 2142 vitandam
1274 2078 1567 2164 pretermittuntur.
1612 2074 1768 2160 Quisquis
1792 2093 1870 2158 ergo

238 2201 300 2267 per
326 2179 435 2264 aliqua
463 2179 588 2243 inlicita
614 2199 656 2242 ex
684 2179 830 2244 membro
854 2178 975 2245 Christi
1000 2201 1036 2245 se
1066 2179 1148 2246 lecit
1170 2181 1352 2246 membrum
1375 2170 1542 2260 diaboli¹⁸,
1573 2197 1678 2263 aquo
1703 2183 1776 2242 astu
1800 2174 1870 2240 dia-

238 2283 346 2348 bolico
370 2289 574 2370 superatus¹1¹
597 2288 663 2364 est,
696 2303 732 2348 se
756 2284 998 2366 incunctanter,
1028 2285 1104 2349 dum
1127 2291 1256 2372 tempus
1280 2285 1482 2373 penitentiae
1511 2283 1543 2348 in
1567 2289 1697 2369 promtu
1720 2280 1870 2360 babetur,

239 2387 418 2452 restituere
442 2407 507 2451 non
531 2388 698 2474 neglegat.

345 2506 405 2592 (3.)
440 2507 528 2595 Cap.
544 2507 607 2572 III.
643 2507 752 2582 Quod
770 2509 944 2576 eiusdem
962 2510 1187 2576 aecclesiae
1205 2531 1346 2595 corpus
1365 2510 1403 2573 in
1419 2508 1574 2573 duabus
1590 2505 1872 2594 principaliter

195 2631 223 2672 ao
241 2609 451 2677 dividatur
477 2613 638 2676 eximiis
667 2614 860 2700 personis.
904 2605 1169 2701 Principaliter¹⁹
1192 2614 1302 2699 itaque
1330 2613 1430 2677 totius
1461 2618 1596 2676 sanctae
1618 2611 1684 2677 Dei
1711 2609 1870 2675 ecclesiae

241 2735 360 2803 corpus
383 2717 416 2781 in
439 2716 521 2781 duas
545 2717 684 2781 eximias
707 2737 874 2804 personas,
897 2717 929 2780 in
953 2716 1192 2782 sacerdotalem
1214 2716 1368 2782 videlicet
1384 2722 1417 2779 et
1434 2715 1589 2800 regalem,
1613 2715 1697 2778 sicut
1712 2734 1732 2777 a
1748 2713 1870 2776 sanctis

240 2819 390 2904 patribus
425 2819 581 2884 traditum
612 2821 817 2906 accepimus,
847 2820 988 2885 divisum
1017 2841 1090 2884 esse
1118 2821 1281 2893 novimum
1316 2819 1357 2885 de
1379 2839 1444 2905 qua
1466 2840 1501 2884 re
1526 2817 1678 2882 Gelasius
1700 2815 1871 2881 Romanae

242 2920 330 2987 sedis
361 2922 560 2988 venerabilis
591 2923 766 3010 episcopus
798 2923 839 2998 ad
866 2915 1078 2988 Anastasium
1110 2924 1342 3009 imperatorem
1374 2923 1420 2987 ita
1454 2922 1583 2987 scribit:
1622 2911 1764 2985 ‘Duae20
1796 2924 1872 2984 sunt
1983 2919 1984 2922 ’

241 3023 386 3112 quippe',
408 3026 523 3112 inquit,
547 3027 737 3113 ‘imperator
759 3035 898 3114 auguste
906 3037 931 3107 ¹¹,
956 3028 1072 3114 quibus
1097 3029 1322 3115 principaliter
1343 3027 1484 3092 mundus
1500 3027 1552 3092 hic
1571 3027 1706 3112 regitur,
1730 3024 1871 3089 auctori-

195 3149 222 3190 ss
242 3135 294 3194 tas
319 3137 448 3194 sacrata
469 3131 662 3216 pontificum
685 3137 719 3196 et
740 3131 862 3216 regalis
884 3137 1047 3216 potcstas;
1070 3131 1103 3194 in
1127 3131 1245 3216 quibus
1268 3137 1360 3196 tanto
1384 3132 1515 3217 gravius
1538 3129 1664 3216 pondus
1687 3134 1738 3193 est
1761 3147 1871 3193 sacer-

241 3233 370 3314 dotum,
400 3241 522 3319 quanto
555 3236 654 3300 etiam
685 3255 743 3322 pro
773 3235 853 3321 ipsis
884 3234 1018 3320 regibus
1047 3234 1211 3299 hominum
1241 3235 1275 3299 in
1298 3234 1407 3299 divino
1435 3234 1593 3299 reddituri
1624 3238 1699 3298 sunt
1721 3231 1871 3296 examine

241 3337 424 3402 rationem?
468 3337 664 3423 Fulgentius
697 3357 823 3423 quoque
856 3338 889 3402 in
923 3338 1006 3402 libro
1042 3337 1082 3402 de
1113 3338 1252 3403 veritate
1284 3338 1572 3424 predestinationis
1608 3342 1641 3402 et
1673 3337 1796 3422 gratiae
1826 3335 1873 3399 ita

241 3441 389 3507 scribit0:
426 3432 637 3517 ‘Quantumffl
668 3439 831 3529 pertinet,
863 3443 980 3526 inquit,
1010 3441 1061 3506 ‘ad
1092 3441 1188 3506 huius
1212 3442 1368 3529 temporis
1390 3443 1506 3522 vitam,
1537 3442 1570 3505 in
1591 3441 1754 3505 aecclesia
1776 3459 1871 3503 nemo

241 3545 396 3633 pontifico
420 3547 537 3633 potior,
561 3552 594 3610 et
617 3546 651 3610 in
675 3547 785 3612 saeclo
809 3547 985 3612 christiano
1008 3568 1104 3612 nemo
1129 3548 1328 3633 imperatore
1354 3548 1474 3612 celsior
1496 3543 1681 3610 invenitur?

194 3669 222 3708 sc
347 3648 430 3714 Cum
453 3650 535 3714 haec
559 3649 679 3737 quippe
703 3651 749 3714 ita
772 3672 808 3716 sa
832 3650 984 3733 habeant,
1008 3651 1146 3737 primum
1170 3650 1211 3715 de
1234 3650 1439 3732 sacerdotali,
1463 3655 1537 3737 post
1552 3647 1593 3714 de
1609 3648 1713 3734 regali
1730 3668 1872 3734 persona

241 3751 416 3817 dicendum
444 3753 628 3817 statuimus.

785 4028 863 4094 Dc¹³
887 4049 1057 4116 persona
1081 4029 1328 4095 sacerdolali.

346 4147 405 4232 (4.)
440 4147 531 4235 Cap.
547 4148 576 4211 Ι.
610 4148 688 4214 Deq
717 4149 920 4216 electione
951 4157 991 4216 et
1021 4151 1277 4237 promotione
1311 4148 1574 4216 sacerdotnm.
1627 4147 1678 4212 De
1711 4149 1873 4214 electione

241 4255 276 4314 et
299 4253 503 4336 promotione
527 4273 649 4336 eornm,
673 4253 728 4339 qui
752 4253 792 4318 ad
816 4255 951 4319 formam
977 4260 1010 4320 ct
1033 4255 1220 4341 exemplum
1245 4254 1316 4319 aliis
1339 4252 1567 4340 praeficiendir
1590 4255 1675 4334 sunt,
1698 4251 1872 4339 providen-

194 4373 222 4414 ss
242 4343 355 4418 dum²²
384 4375 422 4420 ac
454 4377 661 4442 summopere
691 4356 871 4423 cavendum
896 4364 963 4439 est,
996 4364 1033 4423 nt
1060 4357 1111 4438 hi,
1142 4378 1202 4444 per
1224 4378 1306 4443 quos
1329 4365 1362 4423 et
1384 4357 1500 4442 religio
1524 4356 1701 4422 christiana
1723 4362 1872 4422 constare

242 4464 278 4522 et
305 4460 428 4525 caeteri
455 4460 497 4526 ab
526 4461 705 4527 offensione
734 4460 856 4528 debent
885 4463 1017 4541 salvari,
1050 4463 1134 4526 tales
1162 4468 1287 4526 remota
1309 4462 1462 4546 poenitus
1487 4459 1675 4525 Simoniaca
1697 4465 1790 4545 peste
1813 4459 1873 4524 eli-

241 4569 379 4648 gantur,
409 4563 522 4649 quales
553 4570 588 4629 et
616 4565 815 4650 apostolicus
844 4587 951 4632 sermo
981 4572 1015 4630 et
1041 4566 1216 4630 canonicus
1244 4565 1323 4630 ordo
1351 4571 1385 4630 et
1413 4565 1502 4629 beati
1525 4563 1676 4650 Gregorii
1700 4563 1873 4651 pastoralis

347 4771 375 4837 h)
393 4780 419 4824 et
495 4781 645 4839 pervertunt
664 4793 711 4828 om.
725 4772 750 4828 3.
767 4784 791 4827 et
804 4775 878 4827 Cosso.
893 4775 979 4828 Paris.
1074 4772 1094 4843 i)
1112 4775 1229 4843 delegere
1244 4775 1267 4827 1.
1361 4774 1390 4838 ls)
1408 4774 1541 4826 manifeste
1562 4789 1617 4824 csse
1638 4774 1737 4824 dicatur
1757 4767 1873 4836 siquod.

241 4857 263 4924 l)
282 4859 316 4910 sit
393 4861 510 4912 Christus
528 4859 615 4914 om.3.
702 4860 738 4930 nr)
757 4870 892 4930 separatus
909 4881 976 4914 corr.
994 4861 1170 4930 superatusl;
1197 4868 1332 4929 separatus
1351 4861 1427 4912 Oonc.
1443 4860 1529 4911 Poris.
1618 4860 1645 4923 n)
1665 4859 1835 4926 imperatrices
1849 4855 1873 4908 1.

195 4963 223 5002 so
242 4943 270 5010 o)
288 4944 340 4997 Ere
356 4946 445 5013 incipit
461 4947 553 4998 deum
572 4946 664 5000 codd.
752 4947 780 5016 p)
800 4948 879 5001 Hanc
895 4949 1026 5000 natricum
1043 4957 1278 5016 ercammarum.
1297 4947 1385 5009 codd,·
1407 4956 1465 5014 apte
1482 4947 1568 5013 suppl.
1586 4943 1671 4998 Perta.
1742 4943 1769 5010 q)
1789 4943 1872 4995 Imcr.

241 5049 291 5082 om.
304 5029 334 5093 3,·
352 5033 386 5083 Ut
403 5033 471 5084 docti
489 5041 514 5086 at
525 5035 610 5086 idonei
623 5035 654 5084 sd
668 5035 839 5088 sacerdotium
851 5042 1050 5103 promoreantur
1062 5037 1134 5086 mbr.
1146 5035 1175 5086 in
1183 5032 1209 5087 4.
1279 5031 1302 5100 r)
1321 5034 1468 5101 perficiendi
1477 5032 1504 5097 1;
1525 5032 1709 5100 proficiendum
1718 5027 1743 5083 3.

346 5219 390 5289 13)
414 5235 466 5275 nec
483 5219 608 5290 quietem
627 5221 867 5292 tranquillamque
888 5219 966 5276 Coae.
986 5222 1078 5277 Paris.
1185 5223 1228 5290 14)
1257 5219 1335 5275 Coae.
1356 5220 1447 5276 Paris.
1466 5220 1510 5276 ld).
1529 5221 1557 5289 1,
1582 5235 1603 5274 o.
1621 5221 1652 5289 2,
1673 5221 1689 5275 l.
1707 5235 1728 5274 c.
1747 5220 1795 5275 col.
1813 5220 1873 5276 5³7.

241 5325 287 5392 15)
308 5326 330 5379 1.
351 5322 468 5378 Corinllt
486 5325 527 5393 12,
539 5325 581 5378 21.
686 5328 730 5394 16)
751 5326 828 5382 Rom.
849 5328 890 5396 12,
902 5326 928 5381 4.
942 5327 967 5381 5.
1072 5326 1115 5394 17)
1137 5325 1233 5380 Colore.
1251 5326 1333 5393 219.
1439 5325 1481 5392 18)
1501 5323 1579 5379 conc.
1604 5324 1694 5379 Pan's.
1719 5323 1761 5377 llio
1783 5322 1874 5377 addit:

241 5427 353 5482 noverit
371 5445 400 5482 se
419 5446 475 5484 non
494 5429 524 5484 in
542 5446 657 5500 corpora
669 5428 781 5499 Christi,
801 5430 849 5486 sed
868 5431 898 5485 in
916 5447 1030 5501 corpore
1049 5447 1107 5485 esse
1124 5429 1238 5486 diaboli.
1266 5430 1386 5485 Proinde
1399 5447 1510 5485 necesse
1523 5432 1573 5496 est,
1593 5431 1625 5484 nt
1638 5428 1747 5499 corpori
1760 5427 1873 5490 Christi.

191 5551 219 5590 ss
245 5547 315 5601 quae
330 5532 464 5601 repleam
480 5533 564 5594 baias
581 5533 740 5604 capitularis
758 5539 851 5588 cador
868 5533 982 5588 maiam
993 5533 1105 5588 ridetur.
1177 5536 1218 5603 19)
1234 5534 1312 5592 dono.
1325 5534 1416 5588 Parr's.
1428 5533 1470 5589 lab.
1485 5534 1510 5603 I,
1528 5550 1549 5588 c.
1563 5535 1588 5604 3,
1607 5535 1623 5590 l.
1636 5550 1657 5589 c.
1726 5533 1772 5602 20)
1789 5532 1872 5602 Tla'cl,

241 5635 380 5704 muas
399 5635 515 5692 Romam
532 5637 633 5706 pontis.
649 5637 679 5706 I,
698 5637 808 5706 p.349;
836 5637 921 5705 Jaffe,
946 5637 1010 5708 Rep.
1030 5637 1129 5705 Pontid
1149 5639 1195 5706 1²,
1218 5640 1333 5696 ar.632.
1437 5641 1482 5711 21)
1504 5638 1681 5710 Falqmts'as,
1709 5638 1742 5693 de
1764 5639 1873 5693 aaran
1964 5673 1965 5676 =

237 5738 370 5816 praedest
388 5741 486 5812 loll,
502 5743 579 5814 cdd,
602 5742 690 5814 Opera
707 5741 747 5802 ed.
765 5741 879 5800 Vaccae
892 5744 967 5814 1742,
982 5761 1013 5816 p.
1025 5745 1084 5803 215.
1189 5743 1836 5816 22)Oosc‚Paris.lib.1,c11‚l.c.eo1.544.
