4560 6426
333 649 392 705 877.

415 447 476 508 354
581 441 825 498 caPITUusala
844 441 971 496 REGUM
991 440 1175 495 FlthClllE
1193 440 1456 496 OCClDEN'l'AblS
1474 438 1621 508 (ursoni
1635 439 1681 508 ΙΙ).
1701 468 1732 477 -
1750 439 1799 493 Nr.
1812 438 1871 494 280.

1248 754 1368 817 Anno
1413 751 1742 816 incarnationis
1782 749 2032 816 dominicae

1248 854 1543 933 DOCOLXXVII,
1574 852 1704 918 Nonis
1732 852 1832 916 Maii
1861 854 1899 917 in
1924 853 2032 918 Com-

1247 957 1388 1046 pendio
1416 957 1567 1046 palatio
1597 956 1641 1021 de
1671 957 1820 1042 aliqua,
1857 957 1925 1022 sed
1958 979 2034 1022 non

779 1066 820 1130 Α,
1248 1062 1295 1128 de
1325 1069 1410 1127 tota
1438 1068 1553 1148 parte
1584 1060 1709 1145 regni,
1737 1060 1840 1145 quod
1866 1059 2033 1126 domnus
2064 1085 2076 1123 a

410 1168 521 1234 Haec
557 1171 722 1233 exactio
755 1193 774 1233 a
808 1169 1088 1246 Nortmannis,
1128 1170 1195 1254 qui
1249 1167 1475 1252 imperator
1511 1163 1677 1229 Karolus
1722 1161 1878 1244 habuit,
1923 1170 2032 1229 ante-

411 1279 522 1338 erant
550 1274 587 1337 iu
622 1273 807 1358 Sequana
842 1280 1020 1359 tempore
1051 1272 1194 1338 Kar-oli
1249 1290 1366 1354 quam
1390 1269 1526 1334 iunior
1548 1267 1796 1332 Hlotharius
1820 1267 2033 1333 defunctus

411 1373 533 1461 regis,
569 1375 614 1442 de
646 1398 712 1440 suo
743 1398 860 1461 regno
891 1377 967 1440 fuit
997 1378 1121 1456 faeta,
1157 1385 1196 1441 ut
1248 1373 1409 1452 fuisset,
1432 1372 1533 1455 haee
1556 1373 1776 1436 constituta
1800 1371 2032 1436 estexactio

495 1479 541 1544 ab
565 1480 691 1565 ipsius
714 1501 839 1565 regno
863 1478 1111 1546 recederent.
1249 1477 1522 1554 Nortmannis,
1557 1475 1622 1561 qui
1645 1481 1757 1540 erant
1780 1475 1816 1540 iu
1840 1474 2032 1560 Sequana,

1336 1579 1566 1660 tribuenda,
1599 1587 1640 1644 ut
1668 1600 1687 1642 a
1715 1601 1836 1664 regno
1863 1581 1947 1646 eius
2052 1603 2078 1642 ιο

1518 1682 1763 1749 recederent

523 1775 767 1908 Unusquisque
792 1826 984 1911 episcopus,
1015 1826 1068 1910 qui
1096 1826 1197 1890 habet
1293 1815 1477 1908 Episcopil,
1515 1822 1671 1900 abbates,
1707 1822 1843 1887 comites
1879 1845 1917 1887 ac
1947 1824 2033 1888 vassi

411 1927 591 2005 abbatiam,
622 1933 677 1991 aut
699 1928 816 2008 abbas,
846 1929 901 2015 qui
926 1927 1074 1994 similiter
1097 1931 1198 1994 habet
1249 1925 1402 1989 dominici
1433 1947 1475 1990 ex
1510 1927 1577 1989 suis
1607 1924 1782 1990 honoribus
1817 1925 1857 1990 de
1886 1947 2033 2012 unoquo-

411 2030 591 2110 abbatiam,
625 2038 682 2096 aut
716 2034 932 2119 comes,qui
966 2054 1070 2118 aeque
1099 2033 1197 2097 habet
1250 2050 1312 2113 que
1336 2050 1448 2094 manso
1477 2029 1707 2094 indominicato
1736 2028 1860 2094 donent
1882 2028 2033 2095 denarios

325 2147 327 2152 ’
411 2133 1195 2214 abbatiam,desuomansoindominicatosimi-
1250 2131 1436 2211 duodecim,
1480 2133 1519 2198 de
1555 2155 1668 2198 manso
1702 2133 1860 2218 ingenuili
1895 2140 2035 2218 quatuor
2053 2155 2078 2194 ι(

411 2237 551 2322 literque
588 2245 621 2302 ct
650 2238 690 2302 dc
725 2239 937 2304 vassallorum
969 2231 1129 2324 accipiat²
1157 2240 1197 2305 de
1251 2235 1404 2300 denarios
1433 2236 1473 2301 de
1497 2258 1596 2301 censu
1621 2235 1817 2302 dominicato
1841 2244 1874 2302 et
1897 2244 2034 2322 quatuor

411 2361 526 2405 manso
563 2343 793 2408 indominicato
834 2343 985 2407 denarios
1017 2341 1197 2422 duodecim,
1251 2338 1291 2403 dc
1325 2339 1481 2404 facultate
1516 2341 1705 2420 mansuarii,
1740 2340 1780 2406 dc
1816 2343 1925 2406 servili
1957 2363 2033 2406 vero

412 2443 452 2508 de
482 2465 595 2509 manso
625 2446 780 2530 ingenuili
811 2453 951 2533 quatuor
981 2445 1131 2511 denarios
1155 2447 1196 2512 de
1252 2464 1366 2506 manso
1390 2442 1471 2508 duos
1495 2443 1645 2508 denarios
1673 2442 1713 2508 de
1738 2465 1839 2508 censu
1862 2443 2033 2510 indomini-

412 2567 512 2612 censu
528 2548 724 2614 dominicato
748 2558 781 2614 et
797 2557 938 2636 quatuor
960 2550 1001 2615 de
1019 2572 1078 2614 sua
1094 2551 1195 2615 lacul·
1251 2552 1322 2611 cato
1347 2554 1380 2612 et
1402 2545 1484 2610 duos
1508 2546 1549 2610 dc
1573 2547 1730 2612 facultate
1754 2550 1937 2616 mansuarii.
1983 2549 2034 2615 De

411 2659 497 2734 tate,
526 2652 566 2718 de
601 2652 711 2718 servili
745 2674 821 2719 vero
854 2653 937 2719 duos
974 2653 1126 2719 denarios
1155 2653 1196 2718 de
1250 2651 1398 2715 omuibus
1426 2671 1504 2716 vero
1539 2652 1687 2717 ecclesiis
1717 2654 1937 2739 uuusquisque
1964 2654 2033 2740 epi·
2054 2675 2081 2714 ao

412 2777 512 2820 censu
535 2762 568 2820 et
591 2754 631 2822 de
656 2757 888 2824 sualacultate
912 2757 1004 2822 duos.
1051 2757 1102 2823 De
1127 2779 1195 2823 om-
1251 2775 1367 2840 scopus
1397 2753 1438 2819 de
1470 2776 1528 2820 suo
1560 2757 1748 2841 episcopatu
1780 2756 1832 2822 vel
1862 2757 1964 2822 abhas
1994 2757 2035 2822 de

412 2859 507 2923 nibus
524 2880 600 2924 vero
617 2860 767 2924 ecclesiis
784 2862 1005 2947 uuusquisque
1022 2863 1195 2948 episcopus
1250 2879 1309 2922 aaa
1333 2858 1535 2924 solummodo
1565 2858 1711 2939 abbatia,
1740 2860 1774 2923 iu
1804 2861 2036 2947 cuiuscumque

412 2963 464 3026 vel
481 2961 581 3027 abbas
605 2963 645 3028 dc
668 2985 727 3029 sua
743 2965 943 3029 solummodo
959 2971 1121 3050 potestate
1142 2988 1195 3031 ac·
1251 2962 1399 3047 episcopi
1440 2963 1505 3027 sint
1539 2964 1725 3049 parrochia,
1767 2965 1929 3051 accipiant
1963 2988 2036 3031 eum

413 3067 535 3152 cipiunt
557 3065 597 3130 de
621 3067 1079 3155 presbyterisaquocumquc
1098 3071 1197 3157 pluri·
1251 3065 1349 3130 misso
1374 3066 1534 3152 episcopi,
1562 3067 1594 3130 in
1627 3067 1718 3131 ouius
1750 3068 1923 3153 parrochia
1950 3076 2034 3148 sunt,

413 3191 500 3234 mum
533 3168 654 3235 solidos
683 3172 825 3258 quinque
863 3180 896 3237 et
927 3171 967 3237 de
1004 3194 1197 3259 unoquoque
1252 3170 1293 3234 (1(
1329 3169 1530 3256 presbyteris
1569 3169 1748 3235 secuudum
1787 3173 2036 3258 possibilitatem
2055 3197 2080 3236 ((

414 3275 507 3338 iuxta
529 3273 613 3360 quod
643 3275 797 3361 possibile
821 3275 933 3355 fuerit,
967 3277 1013 3341 ita
1035 3282 1071 3341 ut
1093 3298 1113 3340 a
1136 3298 1198 3361 quo
1253 3273 1395 3358 quinquo
1425 3272 1545 3338 solidos
1572 3274 1625 3340 vel
1649 3281 1788 3360 quatuor
1811 3277 1862 3342 vel
1894 3283 1960 3341 tres
1985 3277 2038 3342 vel

413 3378 586 3463 plurimum
602 3380 742 3464 quinque
760 3378 891 3460 solidos,
915 3399 1013 3465 aquo
1031 3380 1198 3444 minimum
1251 3376 1333 3440 duos
1357 3377 1409 3441 vel
1432 3399 1530 3442 unum
1554 3377 1708 3452 solidum;
1732 3400 1751 3443 a
1774 3401 1838 3465 quo
1862 3381 2036 3466 plurimum

412 3487 550 3567 quatuor
566 3481 729 3548 denarios.
775 3481 826 3548 1)(
845 3482 995 3548 ecclesiis
1014 3504 1101 3561 vero,
1119 3504 1198 3569 quas
1251 3481 1393 3564 quinque
1417 3480 1557 3560 solidos,
1582 3503 1601 3546 a
1624 3503 1686 3567 quo
1709 3483 1877 3548 minimum
1901 3491 2039 3570 quatuor

413 3585 547 3650 comites
575 3592 608 3650 et
631 3586 764 3650 vassalli
792 3585 942 3651 dominici
967 3585 1109 3666 habent,
1141 3607 1197 3651 seu
1251 3583 1412 3649 denarios.
1461 3585 1512 3649 De
1544 3586 1689 3650 ecclesiis
1721 3607 1797 3652 vero
1829 3589 2037 3675 imperatoris

412 3687 453 3754 dc
476 3689 555 3764 illis,
587 3691 739 3775 quicum
769 3691 896 3756 seniore
927 3698 1036 3755 nostro
1060 3713 1198 3776 pergere
1251 3694 1284 3751 et
1306 3687 1521 3775 imperatricis
1547 3695 1579 3753 et
1595 3691 1751 3754 comitum
1768 3713 1806 3756 ac
1823 3693 2037 3758 vassallorum
2056 3715 2082 3755 ao

413 3793 548 3872 debent,
577 3795 646 3860 sive
675 3796 729 3881 qui
753 3795 983 3874 remanserint,
1014 3793 1198 3880 episeopus,
1252 3793 1484 3879 imperialium,
1516 3799 1580 3856 tam
1614 3791 1655 3858 de
1682 3794 1764 3874 illis,
1796 3797 1849 3881 qui
1877 3818 1949 3861 cunr
1976 3798 2037 3861 im·

413 3898 444 3961 in
469 3898 562 3962 cuius
591 3897 763 3984 parrochia
791 3897 987 3975 consistunt,
1019 3897 1197 3963 secundum
1252 3902 1402 3981 peratore
1427 3889 1596 3984 pergent3,
1627 3919 1724 3984 quam
1748 3907 1780 3964 et
1803 3899 1882 3980 illis,
1907 3901 1962 3986 qui
1985 3923 2037 3966 re-

412 4007 640 4086 praetaxatum
670 4000 798 4065 modurn
822 4002 970 4086 accipere
994 4001 1193 4087 procurabit.
1251 4000 1446 4078 manserint,
1475 4002 1665 4088 episcopus,
1695 4003 1727 4066 in
1752 4004 1843 4069 euius
1869 4004 2039 4091 parrochia

414 4103 464 4169 De
494 4105 643 4170 eeclesiis
672 4124 748 4168 vero
777 4104 990 4189 imperatricis
1026 4106 1197 4193 episcopus
1254 4105 1447 4185 consistunt,
1477 4103 1657 4171 secundum
1680 4107 1881 4192 praedictum
1905 4107 2037 4173 modum

413 4208 559 4272 similiter
581 4209 722 4294 accipiet
744 4214 937 4293 praetaxato
961 4208 1065 4274 modo.
1254 4209 1435 4273 coniectum
1452 4209 1598 4296 accipiat.
1638 4209 1688 4274 De
1706 4212 1962 4296 negotiatoribus
1979 4235 2036 4278 au·
2056 4237 2083 4278 a

1256 4319 1322 4376 tem
1357 4312 1410 4376 vel
1443 4314 1497 4397 qui
1534 4314 1565 4376 in
1606 4314 1793 4379 civitatibus
1831 4325 2039 4382 commanent

704 4438 908 4445 ⁸-
1255 4417 1346 4480 iuxta
1368 4416 1634 4502 possibilitatem,
1668 4418 1846 4484 secundum
1869 4419 1954 4506 quod
1978 4421 2037 4485 ha-

1253 4519 1384 4584 buerint
1399 4519 1439 4586 de
1457 4521 1678 4603 facultatibus,
1695 4525 1860 4589 coniectus
1878 4527 2038 4611 exigatur.

520 4711 546 4776 1)
565 4709 733 4764 Hinemorua
751 4710 767 4764 l.
779 4726 815 4763 c.:
833 4712 865 4764 ut
883 4709 1034 4764 dernensis
1047 4709 1255 4764 indominicatis
1274 4708 1378 4763 solidus
1396 4726 1476 4772 unus,
1495 4709 1529 4764 de
1548 4727 1716 4780 unoquoque
1735 4730 1831 4769 manso
1850 4714 1987 4784 ingenuili
2001 4717 2039 4772 lv

415 4813 523 4868 denarii
542 4813 577 4868 de
595 4831 678 4868 censu
691 4813 830 4867 dominico
850 4816 879 4867 et
896 4813 934 4867 IV
953 4814 987 4867 de
1005 4815 1140 4870 facultate
1160 4814 1319 4879 mansuarii,
1338 4814 1372 4868 de
1390 4831 1485 4868 manso
1505 4831 1569 4869 vero
1591 4815 1685 4869 seruili
1703 4817 1759 4872 duo
1778 4818 1885 4872 denarii
1903 4819 1938 4873 de
1956 4837 2039 4876 censu
2057 4831 2085 4870 4(

415 4917 554 4972 dominico
573 4919 602 4972 et
624 4917 678 4970 duo
702 4917 736 4970 dc
759 4917 893 4971 laenitate
915 4916 1082 4983 mansuarii,
1106 4919 1135 4971 et
1160 4917 1350 4987 unusquisque
1376 4917 1522 4988 episcopus
1546 4919 1580 4972 de
1603 4919 1764 4988 presbiteris
1789 4939 1855 4976 suae
1878 4924 2040 4992 parrochiae

416 5019 565 5075 secundum
584 5020 659 5089 quod
678 5020 777 5088 cuique
795 5019 926 5090 possibile
944 5022 1012 5086 erat,
1031 5037 1048 5074 a
1066 5038 1121 5090 quo
1135 5019 1287 5090 plurimum
1305 5020 1429 5089 quinque
1448 5021 1562 5088 solidos,
1581 5041 1598 5077 a
1616 5040 1671 5092 quo
1692 5024 1836 5080 minimum
1855 5026 1893 5080 1v
1911 5027 2040 5084 denarios

416 5123 538 5194 episcopi
557 5124 591 5178 de
609 5124 727 5194 singulis
745 5124 907 5194 presbiteris
929 5123 1088 5194 acciperent
1106 5126 1135 5178 et
1152 5124 1243 5178 missis
1262 5124 1408 5180 dominicis
1432 5126 1587 5180 redderent.
1624 5127 1677 5181 Sed
1697 5131 1725 5182 et
1743 5129 1778 5184 de
1796 5131 1934 5186 thesauris
1953 5133 2039 5187 eccle-

416 5229 531 5295 siarum,
555 5231 639 5299 prout
656 5228 802 5297 quantitas
826 5229 879 5284 loci
899 5229 1020 5292 exstitit,
1045 5227 1081 5282 ad
1104 5229 1177 5282 idem
1202 5229 1338 5284 tributum
1359 5229 1555 5284 exsolvendum
1575 5235 1720 5302 acceptum
1744 5233 1807 5287 luit.
1843 5233 1957 5290 Suurma
1974 5253 2039 5291 vero

417 5333 515 5388 tributi
535 5333 649 5386 luerunt
666 5332 790 5402 quinque
814 5332 891 5386 milia
910 5331 998 5387 librae
1016 5332 1127 5402 argenti
1145 5333 1182 5386 ad
1200 5351 1323 5403 pensam.
1419 5336 1447 5404 2)
1470 5335 1525 5401 Osr.
1544 5343 1597 5392 aot.
1613 5339 1641 5393 l:
1659 5338 1820 5413 acciperent
1837 5342 1866 5394 et
1884 5340 2039 5395 redderent
2058 5351 2084 5390 4(

416 5439 445 5508 3)
461 5454 496 5492 se.
514 5437 545 5491 in
564 5437 690 5503 Italiam
705 5437 754 5504 cfr.
774 5437 850 5490 Arra.
870 5436 974 5490 Berlin.
994 5437 1010 5491 l.
1024 5453 1045 5490 c.
1060 5453 1088 5505 p.
1105 5437 1196 5504 l3lsq.
