4590 6428
451 412 491 473 34
717 406 985 461 ADDITAMENTA
1004 406 1052 460 AD
1071 405 1281 459 HLUDOWlCl
1302 405 1350 459 PII
1369 405 1622 460 oxrlrotxura.
1642 437 1674 446 -
1694 407 1742 460 Nr.
1756 407 1814 459 196.

370 591 430 644 829.
450 603 485 645 se
509 582 580 666 ipso
605 582 790 666 exemplum
813 580 931 644 bonum
957 579 1077 645 debeat
1100 581 1276 665 praebere,
1308 581 1475 666 apostolus
1498 577 1539 641 ad
1562 577 1671 644 Titum
1703 580 1799 645 docet
1828 581 1954 644 dicens:
1993 573 2078 644 ‘lull

451 685 602 750 omnibus
625 692 658 749 te
682 686 785 771 ipsum
811 684 953 769 praebs⁰
970 685 1178 771 exemplum⁰
1198 685 1356 749 bonorum
1374 703 1518 769 operum.
1543 684 1576 746 iu
1592 683 1750 760 doctrina,
1774 685 1806 746 in
1824 685 2023 768 integritate,
2045 687 2078 748 in

451 786 613 853 castitate’
632 789 814 873 etreliqua.
853 787 976 852 Beatus
998 808 1125 873 quoqne
1143 787 1322 873 Gregorius
1345 788 1377 851 in
1402 787 1543 852 decretis
1568 787 1704 850 saisita
1727 787 1785 850 ait:
1816 780 2078 851 ‘Verecundusll

450 912 520 956 mos
547 891 698 969 inclevit,
729 897 764 956 ιιι
794 891 890 955 huius
920 891 1007 955 sedis
1035 891 1243 977 pontificibus
1272 891 1313 956 ad
1344 897 1471 955 secreta
1494 889 1632 954 cubiculi
1658 889 1708 953 sui
1732 891 1866 953 servitia
1889 891 1964 955 laici
1986 893 2079 977 pueri

451 1006 508 1059 acl
537 995 703 1060 seculares
731 993 954 1079 obsequantur·
985 1001 1031 1074 et,
1064 1015 1136 1058 cum
1167 997 1305 1081 pastoris
1334 996 1401 1059 vita
1429 1015 1503 1058 esse
1534 992 1703 1078 discipulis
1736 1014 1865 1078 semper
1894 993 2015 1059 debeat
2046 995 2080 1058 in
2110 1018 2121 1056 ι

451 1097 647 1182 exemplum,
671 1098 862 1183 plerumque
886 1097 1005 1176 clerici,
1030 1099 1135 1182 qualis
1159 1099 1192 1161 in
1216 1104 1343 1162 secreto
1366 1100 1408 1160 sit
1430 1097 1499 1160 vita
1522 1096 1683 1181 pontificis
1708 1097 1769 1176 sui,
1799 1097 1950 1161 nesciunt
1973 1103 2015 1174 et,
2044 1103 2080 1161 ιιι

438 1201 573 1264 dictum
598 1205 657 1280 est,
682 1199 846 1264 seculares
870 1201 964 1285 pueri
988 1200 1104 1265 sciunt.
1149 1199 1201 1264 De
1225 1222 1289 1284 qua
1312 1222 1347 1264 re
1370 1200 1515 1285 presenti
1538 1198 1669 1263 decreto
1694 1200 1866 1279 constituo,
1890 1206 1927 1263 ut
1949 1199 2080 1285 quidam

451 1326 494 1368 cx
517 1303 645 1368 clericis
669 1304 721 1367 vel
745 1304 843 1368 etiam
869 1325 911 1367 ex
934 1304 1100 1368 monachis
1124 1305 1220 1367 electi
1244 1304 1423 1367 ministerio
1454 1302 1593 1392 cubiculi
1621 1302 1817 1387 pontificalis
1847 1302 2080 1388 obsequantur,

451 1412 487 1469 ut
509 1407 548 1487 is,
572 1408 681 1491 quiin
705 1407 776 1470 loco
801 1412 852 1469 est
874 1407 1053 1491 regiminis,
1077 1406 1199 1470 habeat
1223 1413 1323 1471 testes
1348 1407 1443 1487 tales,
1467 1406 1520 1490 qui
1545 1406 1615 1470 eius
1640 1406 1672 1468 in
1689 1410 1815 1469 secreto
1833 1406 2078 1471 conversionem

452 1509 585 1575 videant
616 1517 648 1574 et
681 1532 723 1575 ex
754 1511 878 1573 visione
911 1510 1026 1575 sedula
1058 1511 1244 1596 exemplum
1275 1511 1461 1595 profectusq
1494 1506 1645 1572 sumant'
1695 1507 1789 1572 Haeo
1827 1509 1924 1592 igitur
1962 1508 2125 1574 beatusve

453 1611 633 1698 Gregorius
658 1614 839 1698 scripserit;
864 1620 1041 1692 caeterum,
1066 1615 1093 1676 si
1118 1614 1173 1698 qui
1196 1612 1236 1677 de
1260 1612 1322 1677 hac
1339 1634 1374 1676 re
1392 1612 1572 1698 copiosiora
1589 1611 1740 1696 exempla
1758 1632 1894 1696 querere
1910 1612 2082 1692 voluerint,

453 1716 538 1779 vitas
562 1715 649 1779 beati
666 1715 841 1800 Augustini
869 1723 902 1780 et
918 1716 1082 1780 Ambrosii
1107 1721 1140 1780 et
1163 1723 1346 1780 ceterorum
1371 1721 1555 1779 sanctorum
1578 1715 1779 1799 aliorumque
1803 1715 1946 1778 virorum
1970 1715 2083 1800 legant

451 1825 484 1882 et
507 1820 682 1905 perspicue
706 1821 889 1897 invement,
922 1818 1007 1903 quod
1032 1821 1099 1883 vita
1123 1826 1156 1883 et
1179 1819 1385 1882 conversatio
1410 1818 1572 1902 pontificis
1595 1838 1726 1903 semper
1748 1825 1851 1882 testes
1875 1819 1940 1881 vite
1963 1819 2081 1905 proba-

451 1922 525 1987 bilis
548 1922 671 1987 habere
695 1923 823 1988 debeat.

556 2023 638 2112 (15.)
678 2026 757 2113 Cap.
778 2027 856 2092 XII.
903 2027 982 2090 Uts-
1014 2025 1198 2111 episcopi
1233 2026 1272 2088 in
1309 2024 1430 2088 rebus
1460 2024 1659 2089 ecclesiae
1691 2025 1802 2088 circa
1829 2025 2124 2110 propInquosrs

452 2150 547 2194 suos
586 2129 863 2216 expendendis
906 2130 1283 2215 reprehensionem
1323 2135 1488 2193 caveant
1531 2135 1568 2192 et
1609 2126 1884 2192 discrecionis
1925 2129 2080 2204 modum

452 2239 627 2299 teneant.
672 2224 868 2307 Quoniam60
891 2233 984 2296 multi
1016 2234 1244 2318 episcoporum
1268 2252 1379 2296 amore
1401 2233 1655 2318 propinquorum
1679 2253 1811 2296 suorum
1834 2231 1875 2296 de
1899 2233 1997 2298 rebus
2020 2233 2082 2297 sibi

453 2334 687 2400 commendatis
712 2358 770 2401 suo
798 2343 854 2400 aut
881 2337 1027 2421 quolibet
1054 2337 1231 2400 amicorum
1260 2337 1392 2400 nomine
1420 2335 1554 2421 praedia
1582 2343 1615 2400 et
1642 2337 1804 2421 mancipia
1832 2342 1945 2400 emunt
1971 2344 2018 2417 ct,
2047 2342 2082 2400 ut

452 2440 484 2502 iu
509 2460 641 2503 suorum
666 2441 919 2525 propinquorum
944 2441 994 2503 ius
1019 2438 1166 2519 cedantr,
1199 2445 1347 2504 statuunt
1375 2444 1409 2504 et
1438 2439 1478 2503 ob
1508 2439 1569 2503 hoc
1598 2445 1631 2502 et
1658 2440 1730 2502 iura
1756 2440 1981 2504 ecclesiastica
2004 2460 2081 2503 con-

455 2542 620 2606 velluntur
649 2548 682 2607 et
714 2543 930 2607 ministerium
962 2542 1166 2607 sacerdotale
1199 2542 1356 2623 fuscatur,
1388 2543 1486 2606 immo
1514 2563 1533 2606 a
1561 2542 1699 2606 subditis
1730 2542 1911 2607 detrahitur
1941 2549 1974 2607 et
2003 2564 2081 2606 con·
2101 2566 2126 2606 aa

455 2647 619 2726 temnitur,
644 2648 767 2732 placuit
791 2647 952 2726 omnibus,
974 2658 1010 2711 ut
1034 2647 1189 2733 deinceps
1214 2648 1277 2712 hoc
1300 2648 1455 2711 avaritiae
1477 2667 1579 2731 genus
1595 2652 1760 2726 caveatur,
1784 2646 1948 2731 fixumque
1964 2646 2082 2710 abhinc

456 2757 489 2816 et
511 2756 669 2837 perpetuo
699 2771 886 2814 mansurum
916 2772 989 2814 esse
1019 2750 1240 2827 decrevimus,
1271 2756 1307 2813 ιιι
1335 2750 1507 2835 episcopus
1535 2770 1586 2813 res
1615 2751 1664 2811 sui
1692 2749 1786 2830 iuris,
1815 2770 1895 2833 quas
1923 2754 1979 2812 aut
2006 2757 2083 2813 ante

455 2855 681 2940 episcopatum
712 2859 768 2917 aut
800 2859 889 2916 certe
919 2854 952 2916 in
981 2853 1173 2939 episcopatu
1205 2852 1403 2917 hereditaria
1436 2853 1643 2917 successione
1677 2852 1868 2937 adquisivit,
1905 2852 2083 2917 secundum

457 2957 684 3021 auctoritatem
708 2948 929 3020 canonicam6¹
956 2955 1107 3041 quicquid
1132 2955 1201 3019 vult
1229 2955 1328 3019 faciat
1357 2961 1389 3019 et
1418 2956 1470 3019 cui
1494 2957 1563 3020 vult
1586 2955 1746 3030 conferat;
1777 2962 1950 3042 postquam
1974 2963 2083 3020 autem

456 3061 629 3147 episcopus
658 3060 763 3124 factus
791 3067 857 3138 est,
887 3080 1109 3144 quascumque
1138 3081 1191 3123 res
1219 3059 1259 3124 de
1290 3059 1501 3124 facultatibus
1525 3060 1683 3124 aecclesie
1708 3065 1764 3122 aut
1787 3080 1844 3122 sno
1868 3067 1925 3123 aut
1948 3059 2083 3124 alterius
2102 3081 2126 3120 ss

455 3164 586 3227 nominc
603 3163 750 3248 qualibet
766 3162 950 3226 conditione
968 3162 1214 3247 comparaverit,
1239 3161 1452 3239 decrevimus,
1477 3167 1513 3226 ut
1533 3184 1597 3238 non
1618 3164 1649 3225 in
1672 3163 1924 3248 propinquorum
1942 3175 2083 3241 suomm,

455 3267 513 3330 sed
537 3268 570 3330 in
594 3265 763 3347 ecclesiae,
787 3267 839 3331 cui
862 3272 1003 3351 praeest,
1027 3267 1098 3330 iura
1114 3263 1297 3328 deveniant.
1338 3263 1494 3330 Similiter
1517 3265 1578 3331 de⁰
1602 3266 1795 3352 presbiteris
1814 3267 1864 3331 vel
1882 3265 2083 3346 diaconibus,

457 3371 512 3455 qui
542 3368 581 3433 de
614 3369 827 3434 aeclesiarum
859 3368 971 3450 rebus,
1007 3367 1125 3453 quibus
1157 3372 1330 3452 praesunt,
1365 3367 1500 3452 praedia
1531 3390 1569 3432 ec
1603 3368 1697 3433 modo
1733 3376 1860 3446 emunt,
1898 3367 2085 3434 faciendum

457 3473 642 3548 statuimus;
667 3473 821 3558 quoniam
837 3473 956 3536 multos
972 3470 1227 3559 presbiterorum
1251 3470 1423 3535 occasione
1448 3473 1556 3536 taliter
1580 3479 1763 3558 emptarum
1786 3495 1894 3538 rerum
1919 3472 2084 3551 ecclesias,

456 3578 573 3663 quibus
609 3583 780 3662 praesunt,
815 3577 1021 3660 exspoliasse
1053 3582 1086 3640 et
1117 3598 1136 3640 a
1167 3597 1226 3640 suo
1258 3577 1437 3641 ministerio
1470 3578 1580 3641 multis
1612 3577 1715 3642 modis
1748 3579 1953 3643 exorbitasse
1985 3584 2018 3642 et
2049 3599 2084 3642 se
2103 3603 2128 3642 sc

455 3680 586 3744 diabolo
615 3680 820 3766 mancipasse
850 3685 883 3743 et
910 3679 972 3743 hac
999 3681 1172 3743 occasione
1203 3681 1323 3744 multos
1352 3680 1508 3744 laicorum
1536 3682 1569 3745 in
1599 3681 1788 3745 scandalum
1813 3680 2029 3745 damnationis
2053 3687 2086 3745 et

456 3783 647 3870 perditionis
670 3784 836 3869 proruisse
860 3782 1087 3869 comperimus.

560 3887 641 3970 (16.)
681 3886 762 3972 (lap.
782 3885 877 3952 XIII.
919 3877 1139 3951 Didiaimus62
1172 3908 1251 3951 sane
1283 3888 1457 3952 nonnullos
1488 3889 1661 3975 episcopos
1693 3890 1727 3952 in
1757 3888 1976 3973 gubernandis
2007 3910 2084 3952 con-

457 3990 705 4077 gregatIonibus
721 3990 783 4054 sibi
799 3988 967 4068 subiectis,
992 3990 1156 4053 canonicis
1173 3989 1335 4068 videlicet,
1360 3989 1527 4054 monachis
1545 3999 1577 4056 et
1593 3993 1903 4072 sanctimonialibus,
1923 3992 2083 4057 hactenus

458 4096 553 4160 valde
577 4095 793 4178 neglegentes
817 4093 983 4156 exstitisse
1008 4099 1041 4156 et
1063 4092 1104 4156 ob
1127 4092 1160 4156 id
1183 4093 1302 4157 multos
1326 4095 1430 4157 insui
1454 4094 1689 4161 detractionem
1713 4105 1745 4161 et
1769 4104 1988 4183 contemptum
2008 4117 2082 4182 pro·
2103 4124 2128 4164 ss

457 4218 607 4278 vocasse,
641 4196 686 4260 ita
717 4202 753 4260 ut
784 4196 929 4260 nonnulli
958 4197 1013 4260 alii
1040 4198 1179 4282 praelati
1208 4199 1241 4260 in
1273 4220 1385 4262 eorum
1412 4200 1612 4283 parroechiis
1636 4202 1817 4280 constituti,
1850 4222 1961 4266 eorum
1984 4221 2085 4286 prava

458 4300 610 4387 exempla
630 4301 743 4378 secuti,
767 4320 842 4363 suas
863 4301 1013 4365 similiter
1030 4302 1301 4386 congregationes
1317 4302 1538 4386 neglexerint;
1563 4326 1644 4388 quos
1669 4312 1702 4370 et
1724 4305 1866 4368 fraterno
1891 4311 1923 4368 et
1947 4302 2085 4367 sinodali

459 4410 618 4470 conventu
641 4402 863 4468 admonendos
887 4423 959 4467 esse
983 4404 1168 4468 necessario
1192 4402 1359 4484 duximus,
1389 4411 1425 4467 ut
1448 4405 1510 4468 ab⁰
1533 4407 1595 4471 hac
1622 4409 1834 4493 neglegentia·
1861 4407 2017 4492 deinceps
2049 4428 2084 4470 se

459 4509 634 4575 cohibeant
662 4513 695 4572 et
722 4507 861 4571 caeteris
891 4528 926 4571 se
957 4507 1133 4570 imitabiles
1163 4508 1337 4593 prebeant;
1369 4529 1409 4572 ne
1440 4509 1523 4573 forte
1550 4519 1684 4597 propter
1710 4513 1838 4575 illorum
1867 4510 2021 4576 incuriam
2052 4516 2086 4572 ct

459 4614 587 4678 divinae
611 4611 775 4675 servitutis
799 4614 1006 4697 contemptus
1030 4617 1063 4674 et
1086 4611 1232 4696 pericula
1254 4610 1449 4697 proveniant
1472 4613 1653 4678 animarum
1670 4615 1851 4680 stantibus
1868 4614 2084 4680 excellentiae
2103 4641 2129 4679 a

458 4723 587 4782 vestrae
610 4713 762 4778 molestia
784 4715 953 4798 ingeratur
980 4720 1013 4777 et
1040 4719 1170 4778 nostrae
1199 4713 1415 4778 mediocritati
1444 4716 1476 4778 iu
1506 4719 1605 4780 sacris
1634 4719 1849 4783 conventibus
1880 4717 2021 4782 taedium
2053 4723 2085 4780 ot

459 4818 667 4906 obprobrium
692 4818 861 4882 inferatur.
1165 4813 1169 4822 ’

562 4922 643 5009 (17.)
679 4919 775 5007 Oap.⁰
796 4919 888 4984 XIV.
928 4920 1154 5008 Comperimus
1183 4921 1281 4986 etiam
1305 4921 1462 5007 quosdam
1492 4924 1598 4988 socios
1623 4925 1745 4989 ordinis
1769 4911 1878 4989 nostri
1897 4945 1963 4988 non
1987 4943 2086 4987 cansa

459 5026 666 5093 necessitatis
682 5031 739 5088 aut
753 5024 915 5105 utilitatis,
940 5023 996 5089 sed
1020 5025 1128 5109 potius
1152 5023 1309 5089 avaritiae
1333 5030 1387 5088 et⁰
1404 5023 1632 5091 delectationis
1656 5029 1829 5113 sepissime
1852 5027 1985 5112 propria
2007 5025 2085 5089 civi·

459 5133 534 5196 tatis
559 5150 637 5194 suae
662 5126 740 5192 sede
763 5127 879 5192 relicta
901 5129 1052 5213 cleroque
1077 5128 1227 5213 neglecto
1250 5128 1426 5191 remotiora
1448 5128 1521 5192 loca
1548 5129 1766 5215 frequentare.
1811 5129 1862 5194 De
1891 5151 1955 5215 qua
1984 5151 2020 5194 re
2050 5135 2084 5193 et
2103 5155 2127 5192 a

563 5319 589 5384 ο)
609 5337 657 5370 orn.
677 5317 699 5370 l.
786 5317 814 5386 p)
833 5321 869 5372 eis
889 5318 911 5370 l.
999 5317 1026 5384 q)
1045 5327 1181 5385 provectus
1198 5319 1309 5370 subeant
1328 5316 1350 5368 l.
1438 5318 1479 5385 qr)
1500 5321 1582 5373 larcr.
1602 5339 1650 5373 om.
1668 5319 1692 5373 3.
1780 5319 1803 5386 r)
1822 5321 1896 5372 cedat
1916 5319 1938 5373 l.

563 5489 608 5556 58)
631 5488 680 5542 Tit.
699 5489 724 5556 2,
739 5489 762 5542 l.
833 5489 877 5554 59)
898 5487 976 5542 Corte.
991 5487 1106 5542 Rauca.
1123 5488 1183 5554 cl,
1206 5487 1295 5555 Opera
1313 5487 1350 5542 ad.
1364 5488 1462 5544 Beracd.
1481 5491 1592 5557 malr,
1613 5491 1682 5559 App
1698 5491 1727 5557 V,
1744 5491 1877 5544 6011289.
1947 5491 1990 5558 60)
2007 5489 2085 5545 Omra.

462 5593 552 5648 Poris.
570 5593 614 5647 ab.
627 5593 654 5660 I,
672 5608 693 5646 o.
707 5593 754 5658 16,
778 5592 874 5646 Monoi
889 5591 973 5659 XIV,
992 5591 1038 5646 ool.
1051 5593 1103 5646 551)
1116 5608 1153 5660 aq.
1233 5594 1278 5659 61)
1299 5593 1355 5658 Osr.
1376 5593 1508 5661 Locainp,
1535 5593 1628 5647 Gessit.
1650 5594 1675 5647 d.
1694 5593 1819 5648 Deutsch.
1838 5593 2042 5648 Kircbcurcclvts
2060 5592 2085 5659 I,

456 5694 745 5766 p.2arsq.‚·11‚674.
771 5693 839 5766 [K]
926 5696 971 5762 62)
992 5693 1070 5749 Coae.
1089 5693 1178 5748 Paria
1196 5693 1239 5750 lah.
1255 5694 1278 5762 I,
1297 5710 1317 5748 c.
1330 5695 1372 5761 21,
1391 5696 1408 5749 l.
1427 5711 1449 5748 c.
1468 5695 1513 5750 col.
1527 5697 1579 5750 553
1592 5711 1628 5764 sq.
