4568 6420
484 440 728 495 wauauernbs
749 442 794 495 ltu
813 443 982 496 uxeubus
1002 445 1047 496 ΕΤ
1069 442 1316 497 lNCREMEN'PIS
1335 443 1416 498 BER.
1436 443 1532 498 ECCL.
1551 444 1626 498 aaa.
1805 447 1866 509 507

244 615 374 698 quidam
392 615 488 678 Greci
508 616 612 678 minus
629 616 794 699 sapientes
811 617 945 680 Latinos
962 619 1118 702 proximis
1135 624 1210 682 ante
1232 639 1288 681 nos
1305 617 1507 702 temporibus
1525 616 1693 680 calumniis
1709 619 1867 704 impetere

245 719 352 782 conati
377 727 461 782 sunt.
507 719 732 802 Intellegimus
763 725 872 783 tamen
902 741 961 783 nos
991 721 1023 784 in
1048 721 1109 784 hoc
1139 741 1203 784 non
1234 741 1344 783 errare
1369 721 1492 784 credita
1524 721 1868 806 consempiternitate!

246 820 367 904 gloriae
385 821 491 885 Patris
515 827 548 885 et
571 821 647 884 Filii
671 828 704 886 et
728 821 869 907 Spiritus
893 823 1006 900 saneti,
1033 824 1218 908 pariterque
1243 822 1396 902 scientes,
1420 823 1507 908 quod
1523 823 1665 888 Romani
1689 824 1868 887 firmissimi

246 923 323 988 fidei
348 931 534 990 servatores
558 927 692 990 remotis
716 927 833 990 ceteris
858 926 1146 1011 compositionibus
1169 926 1253 990 hunc
1277 926 1373 991 huius
1398 929 1487 1012 ymni
1512 935 1659 990 tenorem
1683 948 1748 991 non
1773 926 1870 990 aliter

207 1049 218 1086 s
247 1029 482 1114 suscepissent,
516 1029 578 1093 nisi
607 1050 681 1093 eum
712 1050 828 1114 purum
860 1029 901 1093 ab
932 1030 1018 1094 omni
1047 1049 1157 1094 errore
1185 1031 1426 1114 cognoverint¹.
1477 1030 1655 1094 Affirmant
1689 1028 1869 1114 siquidem⁸

245 1131 338 1195 multi
367 1152 500 1217 ymnum
533 1132 630 1196 istum
663 1131 782 1196 Niceni
812 1133 941 1212 concilii
970 1134 1193 1198 sacratissima
1232 1135 1398 1197 sanctione
1427 1125 1622 1218 prolatum7,
1652 1140 1688 1196 ut
1718 1132 1869 1197 omnibus

245 1237 359 1302 officiis
382 1245 415 1301 et
438 1238 636 1302 orationibus
661 1238 869 1302 intermixtus
893 1244 927 1302 et
950 1237 1047 1302 fidem
1066 1243 1263 1302 coaeternae
1288 1237 1440 1302 trinitatis
1465 1239 1607 1301 inculcet
1630 1244 1664 1300 et
1680 1238 1714 1300 in
1731 1236 1867 1320 singulis

245 1339 459 1426 petitionibus
491 1340 564 1424 ipse
596 1339 761 1403 confessio
793 1339 929 1404 meliusb
960 1341 1106 1404 favorem
1138 1340 1267 1404 divinae
1302 1339 1524 1404 exauditionis
1561 1340 1717 1404 obtineat.
1771 1339 1869 1403 Hunc

246 1444 375 1528 itaque⁰
399 1463 532 1526 ymnum
556 1442 705 1506 nonnulli
729 1443 879 1506 omnibus
903 1463 1008 1527 paene
1031 1442 1164 1527 psalmis
1189 1451 1222 1505 et
1245 1443 1408 1507 interdum
1432 1444 1646 1507 incisionibus
1670 1444 1870 1528 psalmorum

196 1565 220 1604 99
248 1553 412 1632 coeptant,
436 1546 653 1630 responsoriis
678 1567 754 1610 vero
777 1547 997 1630 paucioribus,
1021 1554 1057 1610 ut
1079 1546 1136 1625 illi,
1161 1547 1214 1630 qui
1239 1546 1382 1611 statutad
1408 1549 1510 1633 patris
1526 1547 1698 1612 Benedicti
1721 1548 1755 1610 iu
1778 1547 1868 1611 horis

247 1657 426 1735 sequuntur
450 1650 632 1723 canonicis;
656 1648 794 1713 Romani
810 1671 884 1713 eum
908 1651 941 1714 in
958 1650 1092 1736 psalmis
1115 1651 1250 1728 rarius0,
1276 1651 1307 1712 in
1332 1652 1549 1736 responsoriis
1568 1651 1714 1715 crebrius
1738 1651 1868 1715 iterant.

248 1753 335 1818 Sanc
360 1773 500 1830 versum,
526 1755 635 1838 quiin
660 1752 766 1837 capite
791 1753 933 1816 omnium
963 1761 1094 1838 praeter
1117 1754 1234 1816 missas
1260 1752 1451 1831 officiorum,
1483 1774 1565 1838 quae
1589 1754 1678 1817 horis
1702 1754 1866 1818 canonicis

247 1857 457 1934 exhibentur,
493 1857 556 1921 dici
584 1858 682 1934 solet,
717 1855 750 1920 id
779 1863 845 1920 est:
881 1849 1004 1922 ‘Dausss
1032 1859 1065 1921 in
1096 1857 1290 1921 adiutorium
1326 1877 1433 1921 meum
1467 1853 1622 1932 intende',
1652 1855 1701 1922 ct¹
1731 1858 1869 1940 reliqua,

249 1969 383 2045 patres⁸
413 1962 537 2045 antiqui
565 1963 632 2024 suis
657 1959 883 2024 collationibus
906 1960 1116 2024 inveniuntur
1140 1961 1294 2024 statuisse
1317 1960 1468 2023 omnibus
1495 1979 1560 2022 non
1592 1965 1717 2023 tantum
1743 1959 1870 2038 officiis,

197 2082 221 2121 ¹⁵
250 2064 306 2128 sed
331 2066 430 2128 etiarn
454 2063 606 2149 operibus
629 2062 936 2149 praemittendum),
965 2071 1002 2127 ut
1024 2064 1187 2127 invocatio
1216 2063 1345 2127 divinae
1374 2063 1596 2149 opitulationis
1625 2060 1733 2125 initioi
1761 2063 1870 2126 euius·

247 2168 326 2232 libet
349 2169 484 2232 actionis
509 2173 678 2252 assumpta
701 2167 881 2231 faciliorem
910 2167 1007 2231 faciat
1037 2175 1070 2230 et
1092 2165 1278 2252 postulandi
1303 2167 1520 2230 constantiam
1550 2174 1583 2230 at
1612 2165 1781 2251 optinendi
1804 2166 1870 2227 vir-

247 2277 361 2335 tutem.
409 2270 448 2334 In
481 2270 618 2354 agendis
653 2277 762 2333 autem
794 2275 993 2334 mortuorum
1029 2276 1061 2334 et
1096 2271 1183 2334 circa
1216 2271 1378 2354 passionis
1414 2268 1595 2334 dominicae
1628 2269 1870 2334 solemnitatem

246 2374 473 2438 inchoationes
505 2381 538 2439 et
569 2373 780 2458 expleeiones
813 2373 993 2437 officiorum
1022 2395 1086 2438 non
1119 2382 1155 2437 ut
1185 2373 1239 2437 iu¹t
1267 2374 1384 2438 ceteris
1416 2372 1512 2452 fiunt,
1543 2373 1694 2437 tristitiae
1719 2372 1872 2436 videlieet

249 2476 483 2561 significandae
506 2498 616 2556 cauae,
641 2475 719 2540 nonl
742 2477 849 2561 aliquo
871 2476 1013 2560 graviori
1038 2474 1181 2541 decreto.

195 2599 221 2638 so
356 2580 441 2654 Quia
464 2601 540 2645 vero
564 2587 654 2644 tanta
678 2587 728 2644 est
751 2580 783 2644 in
808 2579 887 2666 ipsis
912 2580 1085 2645 diversitas
1110 2578 1226 2644 officiis
1250 2601 1314 2644 non
1339 2581 1444 2644 solum
1467 2602 1525 2665 pro
1543 2580 1702 2644 varietate
1726 2580 1871 2664 gentium

247 2705 285 2748 ac
311 2684 505 2769 linguarum,
528 2693 670 2747 verumm
694 2684 792 2748 etiam
816 2684 848 2746 in
872 2705 938 2747 una
960 2692 1059 2768 geute
1085 2684 1136 2748 vel
1160 2684 1301 2768 linguam
1324 2705 1382 2770 pro
1407 2691 1589 2770 temporum
1614 2684 1794 2748 mutatione
1820 2681 1873 2744 vel

247 2789 476 2872 magistrorum
502 2787 648 2851 studiosa
671 2787 887 2866 institutione,
918 2795 964 2867 ut,
993 2790 1020 2852 si
1044 2789 1141 2852 velim
1165 2796 1282 2852 cuncta
1306 2789 1478 2874 replicare,
1506 2810 1589 2873 quae
1613 2787 1654 2852 de
1678 2787 1739 2850 hac
1762 2786 1871 2850 multi-

246 2893 394 2976 plicitate
419 2892 481 2954 iam
499 2892 649 2975 legimus,
673 2893 778 2975 magis
801 2913 960 2956 onerosus
984 2913 1081 2976 quam
1105 2893 1351 2978 profructuosus
1368 2891 1480 2956 videar
1495 2892 1670 2955 audituris:
1696 2890 1872 2967 omittam,

247 3015 331 3078 quae
347 2995 473 3058 infinita
489 3001 575 3072 sunt,
592 2995 654 3058 hoc
670 3002 815 3059 tantum⁰
831 2995 1008 3074 affirmans,
1025 2995 1109 3080 quod
1125 2995 1313 3081 plenariusl’
1337 2996 1518 3059 officiorum
1536 2993 1625 3075 ordo,
1642 2995 1696 3079 qui
1713 3014 1799 3058 nunc
1815 3015 1874 3078 per
1930 3009 1935 3018 ’

197 3114 222 3154 aa
249 3097 432 3162 Romanum
457 3096 567 3162 orbem
593 3104 750 3174 servatur,
774 3104 850 3182 post
873 3099 1100 3183 antiquitatem
1128 3099 1238 3161 multis
1262 3099 1464 3183 temporibus
1483 3099 1668 3162 evolutamq
1690 3098 1875 3161 institutusr

250 3208 283 3266 et
306 3201 347 3266 ad
371 3222 500 3266 omnem
524 3201 733 3266 eminentiam
765 3208 898 3266 sauctae
921 3202 1089 3286 religionis
1118 3209 1168 3264 est
1197 3201 1363 3267 dilatatus.
1409 3199 1586 3266 Crescente
1619 3201 1706 3265 enim
1729 3199 1875 3264 fidelium

249 3325 382 3368 numero
413 3312 445 3368 et
474 3305 657 3369 heresium·
688 3305 874 3391 pestilentia
901 3305 1111 3391 multiplicius
1141 3307 1272 3391 pacem‘
1295 3303 1481 3368 maculante
1512 3304 1707 3369 catholicam
1738 3323 1875 3367 necesse

250 3413 320 3471 erat
343 3409 456 3492 augeri
479 3409 600 3473 cultum
623 3429 721 3472 verae
745 3408 993 3486 observationis,
1024 3414 1082 3471 ut¹¹
1106 3414 1138 3473 ct
1162 3408 1279 3472 clarior
1302 3408 1419 3493 religio
1450 3407 1676 3473 secedentium
1706 3407 1746 3471 ad
1775 3404 1874 3469 fidem

250 3513 375 3577 animos
414 3512 569 3578 invitaret
607 3520 640 3578 et
678 3514 820 3576 auctior*
857 3513 962 3576 cultus
999 3513 1148 3577 veritatis
1187 3512 1406 3576 constentiam
1444 3511 1678 3576 catholicorum
1715 3509 1875 3574 adversus

199 3634 224 3672 so
251 3613 398 3679 inimicos
428 3615 626 3682 ostenderet.
672 3616 711 3679 Iu
744 3623 872 3680 tantum
900 3617 1041 3703 denique
1073 3617 1123 3681 vel
1154 3617 1338 3681 cautilenae
1369 3616 1422 3679 vel
1456 3617 1658 3702 psalmodiae
1688 3615 1877 3680 memoriter

251 3717 455 3782 exercendae
480 3739 558 3782 usus
576 3725 647 3783 erat
671 3729 789 3783 rarus'
813 3719 898 3805 apud
921 3721 1055 3805 priores,
1079 3727 1115 3783 ut
1138 3720 1178 3785 de
1202 3719 1388 3784 novissimis
1412 3740 1518 3806 paene
1535 3719 1756 3784 Romanorum
1779 3737 1874 3804 prae-

251 3821 376 3886 sulibus
401 3829 443 3898 et,
473 3823 528 3907 qui
552 3844 612 3887 nec
636 3822 784 3888 ducentis
809 3824 902 3888 annis
935 3831 1047 3887 nostra
1075 3831 1221 3909 tempora
1249 3832 1511 3909 praecessemnt,
1542 3823 1634 3908 quasi
1663 3820 1875 3886 memorabile

251 3923 404 4011 quiddam
428 3931 461 4018 et
484 3926 649 4011 singulare
673 3926 846 4007 scribatur,
871 3927 898 3990 si
922 3927 976 4010 qui
993 3946 1105 3990 eorum
1129 3927 1161 3990 in
1185 3926 1284 3991 rebus
1306 3925 1483 4012 praedietis
1501 3926 1731 3990 eminentiores
1757 3924 1875 3988 ceteris

252 4027 450 4092 viderentur.
512 4027 689 4093 Hormisda
731 4030 843 4094 enim¹
877 4030 910 4093 in
952 4029 1063 4094 ordine
1102 4022 1205 4095 LIV.9
1245 4021 1634 4114 ι9199999910’99999099ιί4
1672 4035 1706 4093 et
1739 4028 1875 4112 psalmis

199 4149 224 4188 as
252 4129 412 4210 erudivit',
443 4131 512 4195 Leo
542 4123 767 4196 Lxxxssfss
803 4138 836 4196 et
866 4130 1086 4197 Benedictus¹
1120 4139 1193 4219 post
1228 4145 1324 4198 euml
1361 4134 1530 4220 proximus
1561 4133 1703 4217 itemque
1742 4131 1876 4214 Sergius

251 4225 489 4299 Lxxxv1.=12
523 4234 706 4320 psalmodia
736 4241 769 4299 et
804 4236 987 4302 cautilenae
1023 4238 1160 4302 scientia
1191 4238 1341 4304 floruisse
1378 4229 1569 4302 dicuntur13.
1630 4234 1680 4300 De
1718 4236 1874 4319 Gregorio

251 4343 361 4402 autem
395 4339 491 4402 tertio
521 4340 610 4403 velut
644 4338 825 4410 inauditum
856 4340 1008 4425 quiddam
1042 4348 1074 4406 et
1104 4363 1222 4406 novum
1252 4333 1436 4421 refertur1⁴‚
1472 4340 1557 4426 quod
1587 4360 1699 4404 omnes
1730 4340 1875 4424 psalmos

250 4443 439 4506 memoriter
469 4443 627 4516 tenuerit3
660 4443 715 4506 nbi
739 4443 905 4530 intellegi·
940 4443 1036 4509 datur
1070 4467 1191 4532 paucos
1226 4447 1369 4532 priorum
1404 4447 1450 4509 ita
1484 4444 1673 4531 psalterium
1709 4441 1875 4506 didicisse.

253 4545 409 4611 Sciebant
433 4548 519 4611 enim
543 4549 686 4633 psalmos
709 4568 813 4632 aeque
836 4556 872 4612 ut
894 4555 1020 4613 ceteras
1050 4551 1228 4636 scripturas
1252 4549 1388 4636 partimb
1412 4549 1606 4626 memoriter,
1635 4547 1752 4632 partim
1778 4545 1876 4610 etiam

199 4736 226 4775 49
356 4719 385 4787 y)
404 4738 471 4772 corr.
483 4738 553 4772 mon.
567 4721 612 4771 alt
631 4739 690 4772 cum
709 4739 809 4790 semper
826 4724 962 4776 eternitate
980 4723 1005 4776 5.
1075 4723 1099 4788 a)
1118 4723 1327 4774 commeasti.
1346 4723 1528 4789 cognovissent
1545 4722 1568 4773 5.
1639 4719 1664 4784 a)
1684 4737 1710 4770 se
1729 4720 1833 4786 quidam
1851 4715 1876 4769 2.

251 4805 279 4870 b)
299 4807 398 4858 medius
415 4805 440 4858 4.
458 4805 483 4860 5.
579 4807 604 4873 c)
621 4826 730 4875 ymnum
748 4809 836 4875 itaque
854 4807 878 4860 2.
975 4807 1003 4875 d)
1022 4811 1141 4861 instituta
1157 4807 1181 4860 4.
1201 4810 1225 4862 5.
1324 4808 1348 4873 9)
1368 4816 1394 4860 et
1411 4809 1473 4860 odd.
1492 4805 1518 4859 2.
1616 4805 1642 4871 l)
1661 4808 1732 4857 Deus
1751 4805 1784 4856 ad
1802 4805 1875 4856 adiu-

251 4894 366 4945 vandum
388 4911 428 4946 me
453 4896 553 4947 festina.
589 4896 677 4946 Gloria
702 4904 728 4947 st
752 4896 813 4947 add.
832 4893 857 4948 4.
963 4895 991 4963 g)
1013 4914 1026 4947 c
1050 4897 1131 4964 patris
1153 4914 1220 4947 corr.
1239 4912 1309 4946 aran.
1327 4896 1373 4946 alt.
1396 4893 1421 4946 4.
1526 4891 1555 4960 h)
1578 4892 1832 4960 praetermittendum
1851 4889 1875 4942 2.

251 4977 272 5044 i)
290 4985 342 5030 lure
361 4978 386 5031 5.
457 4979 485 5044 k)
504 4997 631 5047 supcrrcr.
650 4999 718 5032 man.
737 4982 782 5032 alt.
801 4978 826 5033 4.
897 4980 916 5047 l)
935 4989 960 5032 st
978 5000 1029 5034 non
1046 4983 1074 5048 53
1093 4983 1143 5034 nisi
1161 4980 1184 5033 3.
1256 4979 1292 5045 m)
1311 4997 1401 5032 verum
1479 4981 1569 5048 lingua
1587 4997 1635 5031 om.
1654 4979 1678 5030 5.
1732 4979 1776 5054 ι99)
1795 4979 1875 5046 igitur

251 5064 313 5116 add.
325 5062 350 5128 3,
368 5064 507 5132 Kadpfler.
577 5068 602 5131 o)
621 5075 708 5119 tamen
724 5066 753 5132 43
773 5077 826 5120 tam
844 5067 868 5120 5.
939 5068 967 5135 p)
984 5086 1051 5120 corr.
1071 5069 1173 5136 plenius
1190 5085 1259 5118 nram
1279 5069 1324 5120 alt.
1343 5067 1367 5120 5.
1437 5069 1465 5131 q)
1484 5066 1595 5118 evolutis
1613 5083 1680 5116 corr.
1699 5063 1724 5117 5.
1795 5063 1818 5130 r)
1837 5066 1875 5114 in·

198 5168 223 5207 45
250 5151 347 5202 stitutio
364 5148 389 5200 2.
425 5149 447 5215 s)
465 5152 601 5203 haeresum
619 5151 642 5204 3.
713 5153 734 5218 t)
752 5170 816 5220 pane
834 5152 858 5205 4.
871 5153 896 5220 b,
914 5171 1123 5219 superseminans.
1136 5155 1180 5205 alt.
1194 5154 1236 5204 vel
1252 5169 1342 5220 pacem
1360 5151 1387 5216 43
1406 5153 1619 5205 commaculatam
1638 5147 1661 5202 5.
1733 5149 1762 5218 u)
1782 5169 1829 5202 om.
1845 5149 1877 5214 2)

250 5239 276 5290 et
293 5245 322 5290 ut
340 5236 364 5290 4.
435 5239 463 5304 v)
482 5242 814 5294 coenomanensem
832 5241 856 5294 5.
926 5242 961 5309 w)
976 5260 1023 5294 om.
1036 5241 1059 5294 4.
1074 5242 1098 5294 5.
1168 5241 1197 5308 x)
1216 5241 1355 5308 papaadd
1368 5239 1393 5292 4.
1407 5241 1430 5292 5.
1501 5239 1529 5306 y)
1547 5241 1659 5290 Leonem
1671 5235 1695 5288 4.
1768 5237 1792 5300 r.)
1811 5253 1877 5304 papa

249 5324 308 5388 (om.
325 5325 353 5392 5)
371 5328 529 5378 LXXXIIII.
546 5324 572 5378 4.
590 5327 615 5378 5.
702 5327 730 5390 a)
749 5329 826 5380 datur
844 5328 923 5379 intell.
943 5326 967 5378 2.
1056 5327 1084 5396 b)
1103 5330 1197 5395 purtim
1216 5329 1342 5380 memorit.
1361 5344 1410 5378 om.
1428 5324 1452 5379 3.

354 5480 380 5544 r)
400 5480 558 5550 ‘nomem
577 5481 690 5535 conare
709 5481 813 5536 nasso
831 5483 914 5536 aare
932 5483 1053 5537 sassa
1069 5485 1123 5550 aa,
1144 5483 1283 5553 alapres
1301 5486 1317 5538 ι.
1329 5498 1349 5536 0.
1364 5482 1445 5550 eso,
1464 5487 1520 5535 sor.
1534 5481 1557 5534 a.
1636 5481 1663 5548 9)
1684 5479 1784 5533 raam.
1798 5480 1840 5540 aa,
1853 5479 1877 5531 9.

249 5583 276 5649 9)
297 5581 406 5636 emtas
424 5581 491 5636 arr.
574 5583 957 5653 10)Db.pomis.1,p.269‚
977 5586 1046 5654 ssa.
1134 5587 1177 5652 99)
1197 5585 1452 5641 amacura.
1542 5585 1587 5651 99)
1606 5583 1698 5637 aaa
1717 5580 1877 5636 cxxxv

199 5696 225 5737 a
253 5687 296 5756 13)
315 5685 375 5739 99.
391 5685 490 5754 mss.
509 5686 578 5754 rp.
593 5689 652 5754 aaa,
671 5689 688 5757 s
708 5690 770 5750 aa
785 5705 815 5757 p.
829 5690 888 5754 ses,
908 5690 925 5758 s
945 5691 1121 5760 151;p.371‚
1140 5691 1157 5760 a
1177 5694 1234 5746 rsa.
1324 5691 1367 5756 14)
1388 5689 1464 5744 rua.
1479 5690 1579 5757 para,
1598 5688 1615 5757 a
1634 5689 1692 5742 999.
