4634 6436
420 445 481 508 156
710 439 957 496 carlmannum
975 439 1105 495 REGUM
1124 437 1309 495 nanneten
1330 431 1612 494 0615165558.-
1630 437 1679 493 Nr.
1691 436 1752 492 242.

339 623 399 680 860.
418 615 570 700 publicae
592 619 791 700 potestatem
815 635 875 700 per
898 625 951 680 ser
967 615 1141 701 spiscopus
1158 613 1230 678 velr
1246 634 1306 698 per
1325 612 1489 677 ministros
1507 631 1583 677 suos
1602 610 1724 689 adeat¹,
1747 615 1785 673 ut
1800 609 2041 694 constringatur

418 725 452 783 et
481 717 522 783 ad
555 717 816 784 emendationem
848 739 885 781 ac
914 717 1149 804 poenitentiam
1180 723 1335 801 peccator
1357 715 1479 780 redeat.
1524 714 1588 789 Qui
1617 716 1734 788 etiam,
1768 714 1795 778 si
1824 713 1871 779 ita
1898 712 1940 778 ad
1969 734 2040 778 cor-

417 823 596 888 rectionem
629 820 765 908 perduci
797 822 996 908 nequiverit,
1031 828 1108 885 tunc
1139 820 1317 886 seeundum
1348 822 1440 905 leges
1469 807 1744 884 ecclesiasticas34
1775 815 1958 882 medicinali
1989 838 2039 882 sa·

416 925 586 1009 paratione
610 928 646 990 ιιι
670 926 897 990 communione
922 925 1163 990 ecclesiasticat
1186 929 1389 1008 segregetur.

530 1033 558 1092 7.
592 1028 661 1094 Ut¹²
683 1029 748 1094 illis
771 1028 973 1108 hominibus,
997 1029 1052 1113 qui
1075 1029 1107 1092 in
1131 1027 1250 1093 talibus
1272 1024 1585 1112 perturbationibus,
1617 1024 1701 1088 sicut
1725 1023 1758 1087 in
1781 1022 1833 1087 his
1855 1023 2041 1108 praeteritis
2073 1049 2084 1087 s

419 1132 513 1196 annis
537 1131 735 1212 acciderunt,
759 1131 919 1196 inDeum
942 1131 1029 1194 etin
1054 1136 1202 1195 sanctam
1226 1128 1400 1194 eeclesiam
1423 1135 1520 1213 atque
1544 1127 1576 1191 in
1599 1147 1659 1191 nos
1683 1132 1912 1212 peccaverunt,
1936 1127 1963 1190 si
1987 1137 2043 1191 sev

419 1257 462 1300 ex
484 1235 622 1301 veritate
648 1240 949 1320 recognoscentesw
972 1235 1128 1319 petierint
1151 1239 1185 1298 et
1199 1232 1355 1317 deinceps
1372 1231 1467 1296 nobis
1483 1232 1643 1296 veraciter
1658 1229 1773 1296 fideles
1790 1251 1865 1295 esse
1880 1229 2044 1295 voluerint

419 1344 453 1403 et
480 1337 514 1402 in
546 1338 655 1424 regnis
687 1338 807 1403 nostris
837 1337 967 1424 pacifici
1000 1358 1038 1402 ac
1066 1336 1169 1421 quieti
1199 1344 1232 1400 et
1258 1335 1388 1421 legibus
1416 1355 1455 1399 ac
1483 1333 1627 1398 iustitiae
1651 1332 1841 1399 obedientes
1865 1332 2043 1412 extiterint,

418 1441 620 1506 rationabilis
645 1432 906 1507 misericordia³⁵
929 1439 1137 1525 impendatur
1165 1459 1231 1504 non
1259 1439 1365 1503 solum
1392 1439 1425 1503 in
1453 1437 1658 1522 indulgentia
1685 1437 1932 1502 commissorum
1955 1443 1987 1502 et
2009 1435 2043 1501 in

420 1544 633 1609 concessione
654 1545 909 1631 proprietatum,
937 1563 1051 1608 verum
1075 1543 1174 1607 etiam
1202 1548 1236 1608 ct
1263 1542 1296 1608 in
1320 1539 1491 1626 largitione
1515 1540 1673 1607 honorum
1696 1539 1880 1606 secundum
1899 1545 2042 1605 nostram
2062 1565 2087 1605 ro

420 1646 649 1713 rationabilem
672 1646 937 1733 possibilitatem.
1648 1634 1649 1638 ¹

529 1753 558 1816 8.
594 1743 677 1816 Ut³⁶
700 1751 741 1816 de
764 1751 887 1836 rapinis
911 1771 950 1814 ac
973 1748 1279 1835 depraedationibus
1298 1756 1332 1813 et
1347 1748 1388 1812 dc
1404 1746 1697 1834 conspirationibus
1713 1753 1812 1833 atque
1828 1746 2043 1812 seditionibus

421 1853 518 1919 etde
548 1855 650 1939 raptis
673 1854 879 1933 seminarum,
911 1854 995 1918 sicut
1018 1852 1260 1917 ecclesiasticae
1286 1857 1319 1915 et
1343 1850 1539 1916 christianae
1563 1851 1655 1935 leges
1679 1856 1777 1935 atque
1800 1852 2044 1937 progenitorum

420 1963 628 2021 nostrorumv
651 1957 794 2042 capitula
818 1956 993 2035 continent,
1016 1955 1062 2020 ita
1083 1954 1117 2018 in
1141 1953 1291 2018 omnibus
1316 1962 1350 2019 et
1373 1954 1414 2019 ab
1438 1952 1589 2018 omnibus
1613 1958 1859 2030 conserventur.

530 2071 559 2132 9.
599 2058 681 2133 Ut³⁷
713 2068 779 2133 alia
813 2069 914 2133 etiam
948 2067 1092 2152 capitula
1126 2065 1306 2132 eorundem
1340 2067 1581 2152 progenitorum
1616 2071 1801 2131 nostrorum
1834 2065 1876 2131 de
1912 2071 2044 2131 sanctae
2063 2091 2087 2130 rs

423 2169 582 2234 eeclesiae
611 2170 733 2236 honore
767 2176 801 2235 et
830 2171 1034 2235 immunitate
1064 2190 1103 2234 ac
1132 2169 1377 2234 conservatione
1408 2174 1442 2234 et
1469 2167 1509 2233 de
1538 2168 1629 2253 ragio
1657 2168 1756 2234 etiam
1778 2169 1901 2235 honore
1924 2149 2047 2256 'atque'

422 2272 554 2357 vigorev
583 2277 617 2338 et
644 2273 757 2358 populi
787 2271 882 2337 nohis
914 2272 1078 2338 commissi
1105 2272 1181 2358 lege
1213 2293 1251 2337 ac
1279 2273 1405 2338 iustitia
1433 2271 1467 2336 in
1489 2271 1640 2337 omnibus
1667 2277 1701 2336 et
1730 2272 1772 2337 ab
1796 2272 1946 2338 omnibus
1970 2293 2046 2338 con-

424 2381 603 2441 serventur.
1364 2397 1366 2404 ’

512 2482 560 2544 10.
593 2488 654 2544 Ut¹
675 2487 766 2543 nostri
787 2487 895 2554 fideles,
918 2486 1162 2556 unusquisquam
1186 2504 1236 2542 suo
1259 2486 1356 2542 ordine
1379 2490 1409 2543 et
1431 2489 1524 2553 statu,
1548 2485 1686 2542 veraciter
1708 2487 1766 2541 sint
1787 2487 1822 2543 de
1844 2488 1926 2543 nobis
1948 2489 2046 2554 securi,

423 2570 490 2640 quia
508 2573 616 2627 nullum
634 2571 738 2626 abhinc
755 2570 889 2627 inantea
907 2576 1005 2626 contra
1023 2571 1114 2640 legem
1132 2573 1182 2625 etv
1200 2569 1337 2625 iustitiam
1355 2571 1399 2626 vel
1418 2570 1616 2626 auctoritatem
1634 2587 1668 2625 ae
1683 2569 1786 2626 iustam
1803 2572 1961 2627 rationemt
1979 2576 2046 2628 aut¹
2064 2587 2090 2627 an

423 2655 638 2726 dampnabimus
656 2661 725 2714 ant⁸
743 2657 995 2714 dehonorabimus⁸
1013 2659 1063 2710 aut
1081 2655 1269 2726 opprimemus
1288 2656 1332 2710 val
1351 2655 1483 2713 indebitis
1505 2655 1761 2712 machinationibus
1779 2657 1956 2728 adfligemus,
1981 2658 2043 2715 sm·

423 2741 541 2809 illorum,
554 2743 827 2799 scilicetveraciterb
846 2743 926 2799 nobis
941 2742 1092 2808 fideliumb‚
1112 2741 1252 2797 communi
1270 2741 1386 2798 consilio
1404 2742 1556 2797 secundum
1577 2741 1628 2821 Ilei
1644 2742 1820 2798 voluntatem
1837 2746 1885 2798 ct⁰
1903 2760 2049 2800 commune

423 2829 645 2885 salvamentum⁰
669 2829 706 2884 ad
729 2829 937 2884 restitutionem
956 2833 1071 2884 sanctae
1089 2828 1140 2884 Dei
1159 2829 1293 2884 ecclesiae
1311 2829 1359 2884 etd
1377 2831 1484 2884 statum
1508 2829 1588 2900 regni
1610 2832 1639 2884 et
1656 2829 1692 2884 ad
1710 2829 1843 2886 honorem
1860 2829 1987 2900 regium(¹
2006 2833 2048 2885 at·

424 2931 479 2984 qne
497 2933 595 2985 pacem
609 2916 708 2986 populi
726 2916 864 2971 commissi
882 2915 983 2971 nobis⁸
1000 2915 1173 2985 pertinenti⁸
1189 2915 1336 2980 adsensum
1349 2914 1552 2985 praebebimus,
1577 2915 1626 2969 ins
1643 2915 1726 2979 hoc¹,
1744 2918 1777 2969 ut
1794 2914 1837 2968 illi
1855 2925 1930 2970 non¹
1942 2917 2050 2971 solum·

424 3017 481 3055 non
499 3001 557 3056 sint
573 3001 654 3057 nobis
674 3002 918 3057 contradicentes·
937 3004 989 3056 ct*
1006 3002 1167 3058 resistentes
1185 3003 1221 3056 ad
1239 3002 1295 3056 ista
1312 3001 1483 3070 exequenda,
1502 3019 1598 3057 verum
1617 3002 1702 3058 etiam
1717 3001 1757 3056 sic
1773 3001 1831 3056 sint
1842 3001 1942 3057 nobis⁸
1954 3002 2049 3058 fideles
2066 3017 2092 3058 as

425 3088 473 3141 et·
493 3086 674 3144 obedientem
698 3107 731 3144 ac
749 3089 808 3144 veri
831 3088 971 3143 adiutores
990 3092 1093 3158 atque⁸
1113 3077 1307 3159 cooperatores
1325 3105 1390 3144 vero
1409 3088 1525 3145 consilio
1544 3091 1573 3143 et
1591 3087 1698 3144 sincero
1718 3087 1842 3143 auxilio0
1861 3089 1898 3144 ad
1915 3088 1971 3144 ista
1988 3105 2050 3159 per·

425 3175 543 3245 agenda,
562 3185 655 3244 quae*
673 3174 865 3244 praemisimus
874 3184 895 3238 Β,
919 3172 992 3230 sicut
1011 3179 1185 3245 perrectum
1203 3175 1409 3245 musquaques
1425 3175 1455 3230 in
1473 3193 1522 3231 sno
1541 3174 1637 3231 ordine
1656 3179 1707 3232 eos
1725 3178 1802 3230 statu
1820 3185 1890 3230 suos
1909 3174 2052 3245 principi¹¹
2163 3169 2165 3172 ’

425 3261 466 3314 eti
484 3277 533 3315 suo
551 3259 667 3316 seniorii
686 3261 765 3315 esseh
783 3259 875 3314 debet.

516 3352 562 3412 ll.
597 3355 637 3410 Ut
668 3355 708 3411 sic
739 3355 822 3410 simul
849 3356 992 3412 coniuncti
1025 3360 1055 3413 et
1082 3374 1134 3412 nos
1164 3357 1266 3413 fratres
1296 3369 1334 3412 ae
1363 3369 1466 3434 nepos
1499 3354 1611 3412 noster
1637 3358 1674 3412 ad
1696 3357 1816 3413 invicem
1851 3361 1881 3412 et
1908 3376 1959 3414 nos
1988 3376 2051 3414 cum

426 3441 554 3498 fidelibus
577 3442 681 3497 nostris
705 3431 758 3496 etk
778 3443 874 3498 fideles
896 3443 987 3498 nostri
1009 3443 1155 3498 nobiscum
1178 3447 1207 3498 et
1230 3433 1347 3500 omnesk
1369 3444 1452 3499 simul
1474 3461 1537 3499 curn
1552 3445 1612 3500 Deo
1634 3434 1701 3499 ιιοιι1
1723 3443 1970 3514 reconiungamus,
2000 3435 2050 3511 et¹‚
2069 3465 2095 3502 ao

426 3531 459 3583 nt
485 3528 567 3584 nobis
590 3528 628 3583 sit
650 3527 797 3598 propitius,
821 3529 891 3583 illim
913 3547 965 3599 pro
987 3530 1091 3585 devoto
1114 3547 1229 3585 munere
1253 3531 1436 3586 offeramusm.
1481 3521 1525 3585 Et
1546 3530 1738 3600 unusquisque
1762 3521 1901 3585 οιιιιιίιιιιιι
1923 3535 2051 3587 nostrum

426 3611 532 3681 absque
557 3629 608 3667 sua
631 3611 760 3682 proprial
784 3613 963 3669 excusatione
986 3613 1045 3668 vell
1067 3613 1279 3668 iustificationel
1301 3631 1544 3685 recognoscamus,
1572 3613 1722 3683 inquibus
1745 3617 1795 3668 aut
1818 3613 1984 3685 singillatim
2002 3620 2052 3670 ant

427 3696 611 3752 communiter
633 3700 732 3753 contra
754 3696 829 3752 illius
852 3699 987 3754 mandata
1010 3702 1058 3754 et¹¹
1081 3700 1193 3754 decreta
1217 3717 1329 3754 suorum
1351 3703 1531 3755 sanctorum1¹
1554 3699 1690 3754 fecimus⁰
1708 3703 1776 3755 suar
1796 3699 2004 3756 consensimus⁰
2022 3701 2052 3754 in

427 3784 523 3839 ordine
542 3782 729 3839 ecclesiastico
753 3785 782 3837 et
806 3786 883 3838 statu
904 3783 998 3854 regni,
1024 3786 1053 3839 et
1071 3800 1121 3854 per
1138 3783 1251 3855 singula
1272 3784 1302 3839 in
1320 3785 1443 3840 medium
1461 3784 1526 3839 illal
1543 3785 1739 3854 producamus,
1765 3788 1794 3840 et
1822 3802 1903 3840 nemo
1926 3789 2053 3841 nostrum

427 3890 478 3929 suo
507 3863 571 3927 aut¹
594 3872 684 3927 amico
718 3875 768 3926 aut
794 3871 953 3942 propinquo
977 3872 1041 3928 velq
1064 3873 1275 3940 confoederato,
1303 3873 1409 3929 immoq
1431 3891 1483 3929 nec
1510 3873 1564 3928 sibi
1591 3864 1655 3949 ipsi
1677 3873 1842 3930 seculariter
1863 3878 1975 3945 parcat,
2004 3876 2055 3930 utr
2072 3895 2097 3936 rs

428 3956 594 4027 spiritaliter
611 3959 641 4012 et
658 3955 807 4011 salubriter
824 3973 938 4026 parcere
956 3955 1073 4026 possita
1099 3956 1182 4025 quin,
1201 3956 1274 4011 sicut
1291 3957 1484 4027 praemisimus
1502 3957 1531 4011 in
1550 3956 1729 4027 praecedenti
1749 3958 1887 4028 capitulo,
1905 3975 1971 4014 vero
1990 3976 2053 4014 con·

428 4042 490 4097 silio
509 4046 555 4098 et⁸
573 4041 680 4097 sincero
698 4040 819 4097 auxilio⁸
836 4041 887 4096 illa
904 4041 934 4096 in
947 4058 1092 4097 commune
1105 4041 1234 4098 certatim
1246 4042 1407 4100 emendarei
1418 4043 1502 4099 totisl
1512 4043 1630 4099 viribusl
1642 4059 1828 4114 procuremus,
1847 4045 2055 4113 qnantocius

430 4126 651 4183 rationabiliterl
670 4128 830 4197 poterimus.

520 4219 568 4280 12.
601 4222 639 4280 m
661 4225 685 4279 si
706 4225 809 4295 aliquis
831 4225 867 4281 de
889 4226 1009 4281 subditis
1037 4226 1066 4280 in
1094 4243 1270 4296 quocumque
1293 4227 1390 4283 ordine
1413 4217 1457 4283 et¹
1479 4215 1570 4282 etatu¹
1596 4226 1631 4282 de
1657 4226 1711 4281 hac
1733 4225 1932 4280 convenientia
1953 4225 2055 4281 exierit

429 4314 501 4366 autu
524 4326 553 4364 se
576 4308 745 4364 retraxeritv
768 4310 813 4364 vel
840 4309 906 4366 hnic
934 4308 1073 4364 communi
1095 4309 1207 4364 decreto
1226 4310 1441 4376 contradixerit,
1465 4308 2099 4367 seniorescumversciter¹fide1ibussuisro

430 4398 500 4451 haec
518 4395 670 4451 secundnm
688 4395 739 4450 Dei
757 4395 932 4451 voluntatem
951 4397 980 4450 et
997 4395 1088 4464 legem
1106 4394 1260 4451 acinetum
1278 4396 1423 4461 rationem,
1443 4396 1512 4452 velit
1529 4395 1602 4451 nolit
1619 4395 1675 4460 ille,
1694 4394 1743 4463 qui
1761 4393 1856 4450 divino
1874 4395 1991 4451 consilio
2008 4399 2057 4450 etv

430 4483 562 4538 decreto*
586 4484 615 4536 et
637 4480 702 4536 huic
728 4481 941 4538 convenientiae
967 4479 1113 4537 resistensl
1136 4479 1181 4536 etl
1204 4481 1398 4538 contradicens
1415 4481 1508 4548 fuerit,
1534 4485 1745 4551 exequantur'.
1784 4479 1868 4536 Etsi
1893 4481 1995 4550 aliquis
2022 4482 2056 4536 de

534 4669 557 4735 r)
575 4672 673 4738 seipsos
691 4679 717 4724 at
733 4669 757 4722 2.
829 4669 853 4734 a)
872 4670 966 4723 adeant
983 4669 1008 4722 2.
1087 4673 1107 4736 ι)
1125 4671 1311 4724 communionis
1328 4672 1515 4724 ecclmiasticae
1533 4689 1580 4724 om.
1599 4670 1655 4726 ιι2.
1733 4673 1761 4738 ιι)
1780 4675 1815 4726 Ut
1831 4673 1884 4726 illia
1901 4673 2056 4738 hominibus,

431 4757 520 4823 quiin
537 4774 585 4810 noa
602 4764 781 4824 peccaverunt,
800 4757 933 4808 rationalis
951 4757 1124 4809 misericordia
1142 4757 1305 4825 impendatur
1321 4758 1393 4808 ναὸν.
1412 4758 1440 4808 ia
1455 4756 1500 4809 bb.
1570 4757 1598 4825 v)
1616 4777 1665 4812 cm.
1683 4757 1707 4810 2.
1777 4761 1812 4824 ιι)
1829 4760 1931 4812 veniam
1950 4759 2012 4812 add.
2030 4757 2056 4812 2.

431 4843 460 4909 ιι)
479 4844 514 4894 m
531 4844 611 4895 nostri
629 4842 717 4895 fideles
734 4844 914 4909 unusquisque
933 4842 960 4894 in
977 4860 1024 4895 auo
1043 4844 1130 4896 ordina
1148 4850 1174 4895 et
1191 4850 1260 4896 statu
1278 4860 1295 4895 a
1312 4844 1387 4896 nobis
1404 4845 1488 4896 securi
1505 4845 1558 4896 sint
1574 4846 1646 4898 ναὸν.
1664 4847 1692 4896 irs
1707 4843 1752 4898 55.
1831 4844 1858 4912 y)
1877 4853 1903 4898 et
1980 4846 2056 4897 ratio·
2073 4862 2098 4900 ιι

431 4947 491 4981 nam
508 4946 557 4980 cm.
576 4925 652 4980 3-5.
732 4929 756 4993 a)
775 4946 824 4979 om.
842 4926 866 4980 4.
877 4928 902 4979 5.
979 4928 1007 4996 a)
1024 4946 1073 4980 ons.
1086 4927 1163 4982 3-5.
1240 4927 1286 4995 a‘)
1305 4931 1350 4982 aed
1368 4927 1393 4981 2.
1404 4926 1429 4982 4.
1438 4929 1463 4982 5.
1537 4930 1566 4996 b)
1584 4933 1708 4984 varaciter
1784 4931 1898 4982 fidelium
1915 4948 1963 4982 orn.
1979 4928 2056 4984 3-5.

433 5015 457 5078 c)
476 5023 501 5067 ct
580 5015 768 5066 salvamentum
793 5032 842 5066 mn.
860 5012 937 5066 3—5.
1041 5013 1068 5080 d)
1092 5021 1118 5068 et
1202 5016 1301 5082 ιοςίιιιιι
1325 5033 1374 5067 om,
1392 5013 1497 5067 3—5..
1580 5015 1605 5082 e)
1630 5025 1708 5084 atque
1790 5017 1888 5069 auxilio
1912 5033 1961 5068 orn.
1980 5014 2057 5067 3-5.

433 5099 458 5164 s)
482 5117 532 5151 orn.
553 5099 574 5151 l.
585 5098 609 5151 2.
680 5098 708 5166 g)
727 5106 754 5151 et
831 5116 878 5152 suo
897 5097 1034 5152 emb-5.
1094 5098 1123 5165 h)
1141 5101 1314 5168 principiano
1332 5100 1459 5154 screno.
1521 5102 1540 5166 i)
1558 5109 1585 5154 et
1661 5103 1755 5155 seniori
1773 5099 1861 5155 crrs.3.
1922 5102 1950 5166 k)
1969 5109 1996 5153 et

433 5200 522 5237 omnes
540 5201 588 5235 nm.
601 5182 625 5236 3.
637 5182 662 5235 4.
714 5185 736 5250 l)
754 5202 801 5237 can.
815 5183 839 5236 3.
849 5182 874 5236 4.
927 5185 964 5252 ιιι)
982 5185 1021 5236 illi
1098 5187 1236 5238 offeramus
1254 5184 1375 5239 οιιι.3.4.
1427 5184 1455 5250 n)
1473 5194 1498 5238 et
1575 5195 1721 5241 sarrctorum
1734 5186 1853 5241 cm.3.4.
1906 5187 1932 5254 ο)
1950 5205 2057 5240 eonsen-

433 5269 724 5323 sinrusvelsecimusd.
783 5271 809 5338 p)
828 5278 873 5322 aut
886 5271 1061 5323 consensimus
1079 5289 1127 5324 om.
1141 5269 1165 5324 3.
1236 5270 1263 5337 q)
1282 5271 1324 5324 vel
1401 5272 1477 5324 immo
1495 5270 1614 5325 cm.3.4.
1685 5273 1708 5338 r)
1726 5281 1756 5324 ut
1834 5275 1914 5340 possit
1931 5291 1979 5326 cm.
1997 5272 2056 5327 34.
2076 5291 2102 5330 so

433 5357 456 5422 s)
475 5364 502 5409 at
579 5355 676 5407 anxilio
694 5372 742 5407 cm.
760 5353 819 5407 al.
889 5355 911 5421 t)
930 5356 1060 5409 emendari
1080 5355 1103 5408 1.
1113 5355 1136 5408 2.
1216 5358 1244 5419 ιι)
1263 5363 1310 5408 aut
1387 5359 1523 5409 retraxerit
1543 5375 1593 5410 cm.
1612 5357 1672 5410 34.
1751 5362 1779 5425 v)
1797 5369 1823 5412 et
1842 5378 1890 5413 cm.
1909 5357 1938 5420 4;
1957 5361 2059 5412 decreto

434 5461 481 5494 aar.
494 5441 519 5494 3.
532 5441 557 5494 4.
661 5445 695 5508 ιι)
715 5443 777 5493 baec
800 5450 924 5508 sequatur
942 5441 967 5494 3.
980 5443 1004 5494 4.

538 5613 583 5680 34)
610 5611 666 5678 Osr.
690 5626 775 5679 supra
793 5627 823 5678 p.
841 5613 887 5680 66,
910 5629 938 5666 n.
957 5613 982 5667 2.
1087 5611 1132 5680 35)
1159 5611 1214 5678 Osr.
1233 5612 1362 5666 Βιιιιιιιιι
1383 5613 1414 5666 {a
1437 5613 1515 5680 ‘Z.f.
1537 5613 1601 5668 RG.
1622 5613 1747 5682 XXXI,
1772 5615 1947 5682 pervadet!
1966 5617 2057 5685 p.'83.

434 5719 480 5786 36)
501 5717 557 5784 Ost.
575 5717 653 5783 infra
670 5731 692 5771 c.
706 5718 731 5771 6.
742 5717 765 5772 7.
870 5719 915 5786 37)
934 5717 1037 5771 Ibidem
1053 5733 1074 5771 c.
1086 5716 1112 5770 4.
