4568 6420
418 435 479 512 434
526 427 795 498 ADDITAMENTA
814 427 864 482 AD
883 426 1000 494 CAPIT.
1020 425 1102 482 ΒΕΘ.
1122 426 1307 482 carnellu
1325 425 1516 482 OCGlDEN'l'.
1535 425 1683 494 (KAROLI
1701 426 1747 496 ΙΙ).
1764 453 1796 466 -
1815 426 1933 480 mear.

335 609 395 664 058.
526 607 555 668 8.
590 602 793 692 Monasteria
827 600 926 664 etiam
961 599 1113 685 religiosa
1146 605 1242 685 atque
1276 602 1453 686 praecipua
1489 600 1719 666 canonicorum
1750 604 1784 663 et
1816 600 2046 666 monachorum

416 714 514 793 atque
537 704 857 794 sanctimonialiuml,
887 725 971 788 quaa
995 703 1036 767 ab
1060 704 1192 788 antiquo
1221 707 1396 788 tempore*
1428 705 1488 769 sub
1519 703 1663 790 religiosi
1687 703 1818 767 habitus
1842 709 1968 772 rectore
1993 706 2044 768 vel

418 811 555 876 rectrica
573 810 714 888 luerunt,
738 818 771 890 et
794 807 948 894 qnando*
972 813 1126 894 parentes
1143 809 1241 872 vestri
1259 809 1433 893 primatum
1451 809 1543 894 regni
1559 812 1736 876 tenuerunt
1751 813 1785 872 et
1799 807 1899 880 etiam
1915 807 2045 892 quando

418 919 551 978 sanctus
574 913 742 998 Remigius
764 912 909 977 Francos
933 912 973 986 ad
996 910 1094 976 fidem
1119 911 1338 997 cooperante¹¹
1361 911 1502 980 Domino
1519 911 1680 977 convertit
1702 917 1736 976 et
1759 931 1831 974 eum
1856 931 1934 996 rege
1957 912 2044 997 ipso-

417 1039 488 1080 rum
512 1016 700 1102 baptizavit,
725 1022 758 1080 et
781 1017 883 1080 irater
906 1020 1016 1079 vester
1039 1013 1188 1079 dominus
1210 1021 1323 1080 noster
1344 1015 1482 1102 partim¹¹
1505 1015 1697 1096 iuventute¹,
1722 1016 1837 1102 partim
1857 1015 2045 1100 fragilitate,
2076 1032 2088 1069 ὁ

418 1120 535 1206 partim
559 1121 696 1184 aliorum
726 1118 846 1184 callida
877 1118 1105 1206 suggestione,
1138 1119 1236 1182 etiam
1273 1125 1312 1198 et
1336 1119 1524 1185 minarumm
1553 1119 1752 1204 necessitate
1781 1155 1822 1164 —
1854 1118 1930 1203 quia
1958 1118 2046 1186 dice·

418 1223 498 1288 bant
513 1223 677 1310 petitores,
701 1224 763 1288 nisi
788 1224 836 1288 eis
859 1222 916 1286 illa
930 1223 1003 1286 loca
1026 1242 1119 1286 saera
1142 1221 1287 1301 donaret,
1312 1223 1353 1287 ab
1376 1243 1416 1287 eo
1439 1221 1617 1296 deficerent
1640 1223 1767 1309 etipse
1789 1222 1962 1307 aliquando
1987 1243 2046 1308 per

416 1349 490 1408 vos,
529 1328 613 1391 sicut
645 1349 730 1391 nnnc
761 1311 869 1412 patet,
904 1325 1081 1412 aliquando
1114 1345 1172 1410 per
1206 1325 1340 1389 fratrem
1373 1332 1518 1390 vestrum
1550 1346 1686 1410 regnum
1716 1325 1892 1398 destitutus
1925 1326 1967 1390 ab
1997 1326 2045 1392 eis

416 1432 569 1518 perderet
594 1468 632 1477 -
658 1431 789 1510 talibus,
814 1431 897 1496 sicut
921 1431 1023 1512 scitis,
1047 1430 1196 1515 personis
1220 1430 1393 1509 commisit,
1417 1429 1528 1500 debito
1552 1428 1723 1516 privilegio
1739 1429 1915 1500 restituite.
1960 1428 2045 1494 Nam

417 1535 504 1601 idem
534 1536 636 1599 frater
663 1541 770 1600 vester
798 1540 838 1612 et¹
858 1535 969 1606 divina
998 1525 1213 1620 inspiratione
1245 1540 1279 1616 at
1313 1534 1508 1601 sacerdotali
1546 1533 1775 1620 redargutione
1805 1541 1839 1599 et
1871 1534 1970 1599 etiem
2001 1534 2043 1598 ab
2063 1548 2088 1586 ¹⁰

419 1639 601 1726 apostolica
627 1630 741 1704 sede⁵⁷
765 1640 980 1703 commonitus
1005 1661 1047 1703 ex
1071 1638 1179 1723 alique
1195 1644 1299 1724 parte,
1323 1659 1407 1724 quae
1429 1648 1587 1724 perpcre¹¹
1610 1640 1687 1724 egit,
1712 1644 1936 1712 correxerat¹¹;
1961 1659 2045 1723 quae

418 1750 529 1818 eutem
565 1741 694 1806 adhuch
729 1743 911 1812 incorrecte
944 1749 1053 1823 erant,
1088 1741 1250 1826 quomodo
1282 1742 1457 1806 emendare
1492 1748 1621 1827 posset,
1661 1742 1786 1827 saepeh
1819 1740 2045 1826 gemebundus

417 1846 605 1933 quaerebat.
654 1845 755 1910 Absit
778 1853 898 1924 autem,
923 1851 958 1911 ut
980 1867 1049 1922 vos,
1074 1846 1128 1930 qui
1152 1867 1209 1931 pro
1228 1846 1467 1912 restauratione
1484 1853 1619 1910 sanctae
1644 1845 1803 1911 ecclesiae
1820 1845 1883 1908 huc
1899 1846 2045 1922 venistis,

416 1957 473 2034 aut
495 1952 560 2032 illa,
584 1973 669 2037 quae
692 1953 763 2037 ipsc
780 1950 978 2034 emendavit,
1003 1949 1208 2019 deterioretis
1233 1957 1276 2032 et,
1300 1950 1384 2014 sieut
1406 1949 1460 2014 ille
1479 1949 1625 2030 offendit,
1649 1957 1682 2014 et
1706 1970 1764 2014 vos
1782 1947 1954 2013 offendatis
1979 1956 2045 2030 aut,

417 2076 501 2140 quae
524 2055 594 2141 ipse
614 2039 949 2132 ¹necdumcmcndare
967 2055 1084 2138 potuit,
1109 2054 1318 2118 inemendata
1334 2054 1463 2136 sinatis;
1488 2054 1542 2139 qui
1554 2076 1671 2140 saepe,
1695 2053 1781 2118 sicut
1805 2057 1838 2117 et
1860 2074 1919 2116 nos
1943 2057 2045 2127 testes
2065 2070 2090 2108 1⁵

417 2139 545 2240 sumus,
577 2160 693 2224 fratres
717 2163 844 2222 vestros
872 2156 912 2221 de
938 2155 1058 2221 talibus
1089 2157 1262 2222 monuistis
1292 2163 1325 2221 et
1354 2157 1389 2232 in,
1418 2157 1505 2221 omni
1534 2156 1796 2235 adnuntiatione,
1828 2176 1924 2241 quam
1956 2177 2044 2228 com-

416 2262 557 2346 muniter
580 2261 768 2340 faciebatis,
797 2260 1042 2346 promptissima
1072 2261 1147 2325 inde
1178 2260 1411 2348 disputabatis,
1442 2261 1527 2327 siout
1554 2268 1588 2325 et
1611 2283 1706 2326 secus
1730 2259 2045 2338 Teudonis0-villam

416 2367 448 2430 in
472 2362 841 2449 loeo,quiludicium1¹
866 2364 994 2448 dicitur,
1019 2356 1210 2449 capitulaiss,
1240 2385 1325 2450 quae
1357 2364 1532 2444 habemus,
1564 2387 1637 2429 cum
1662 2365 1779 2438 vestris
1806 2363 1960 2432 fratribus
1990 2383 2044 2426 ac-

417 2471 572 2558 ceptastis
595 2476 629 2535 et
651 2471 685 2548 in
709 2469 926 2554 chirographo
950 2467 1039 2555 apud
1056 2461 1259 2533 Marenam⁵⁰
1283 2469 1536 2556 manupropria
1551 2469 1775 2538 confirmastis.
1822 2467 1944 2532 Contra
1960 2465 2047 2551 quod

417 2578 443 2640 si
466 2575 551 2650 forte
576 2573 694 2662 aliquis
719 2573 801 2658 egit,
832 2593 897 2636 non
919 2580 1094 2658 propterea
1117 2595 1173 2638 vos
1202 2575 1363 2639 immunes
1387 2574 1492 2654 eritis,
1517 2574 1545 2638 si
1568 2573 1662 2654 illud,
1686 2571 1881 2658 qu,0d1teste
1904 2571 2046 2648 Domino
2065 2582 2092 2622 2⁰

417 2677 589 2768 pepigistis
614 2683 647 2741 et
670 2676 900 2754 confirmastis,
930 2675 1121 2757 observare,
1152 2676 1238 2763 quod
1262 2677 1362 2766 absit,
1390 2698 1455 2746 uon
1486 2676 1690 2752 studueritis,
1730 2675 1904 2760 Neminem
1928 2676 2046 2762 quippe

418 2783 567 2861 adiuvat,
596 2780 701 2866 quod‘¹
733 2780 841 2856 aliena
868 2779 955 2844 male
978 2781 1204 2866 reprehendit,
1234 2782 1296 2846 nisi
1327 2789 1360 2846 et
1386 2782 1456 2868 ipse
1484 2782 1540 2846 illa
1568 2788 1698 2862 careat,
1730 2780 1817 2866 quod
1846 2780 2049 2850 demonstret

417 2886 538 2952 Paulus
564 2884 694 2966 dicens:
720 2884 831 2948 ‘Putas
840 2877 880 2967 ⁶⁰,
904 2907 923 2950 ο
947 2885 1052 2967 horno,
1078 2885 1165 2972 quod
1188 2894 1223 2951 tu
1245 2886 1366 2952 evades
1382 2886 1535 2951 iudicium
1551 2885 1626 2966 Dei,
1650 2886 1705 2970 qui
1728 2884 1842 2966 eadem
1859 2885 1940 2970 agis,
1956 2906 2053 2970 quae.

418 2986 572 3080 iudicast’

527 3097 556 3158 0.
591 3092 751 3158 Rectores
782 3093 882 3158 etiam
905 3093 1191 3175 monasteriorum,
1221 3094 1338 3179 quibus
1367 3094 1566 3172 monasteria
1594 3092 1826 3174 committitur,
1856 3093 1992 3166 firmiter
2014 3100 2048 3158 et
2066 3111 2092 3151 rs

422 3198 543 3262 obnixe
572 3197 767 3283 praecipite,
799 3203 834 3260 ut
865 3197 1043 3262 secundum
1075 3199 1220 3262 ordinem
1258 3205 1290 3262 et
1319 3198 1470 3280 habitum,
1497 3221 1535 3265 ac
1568 3219 1699 3276 sexum,
1733 3219 1796 3282 quo
1829 3196 2049 3264 inhabitantes

418 3301 586 3366 constituti
612 3305 697 3381 sunt,
721 3299 860 3364 sollicite
885 3306 918 3365 et
941 3301 1092 3366 sollerter
1114 3301 1338 3387 praevideant,
1362 3310 1398 3376 nt
1421 3301 1599 3368 secundum
1622 3300 1938 3380 debitumordineur
1952 3301 2050 3371 ,servi

419 3404 471 3486 vel
496 3404 633 3468 ancillae
657 3403 927 3482 Dominirivant
950 3410 983 3468 et
1006 3405 1194 3468 necessaria
1218 3404 1382 3490 stipendia
1405 3406 1437 3468 in
1462 3405 1550 3474 victu
1573 3411 1606 3469 et
1629 3405 1751 3470 vestitu
1775 3411 1808 3469 et
1831 3405 1950 3470 ceteris
1974 3404 2047 3490 qui-

420 3507 545 3592 busque
578 3507 785 3573 habeantet
813 3508 926 3573 domos
956 3529 994 3584 ac
1025 3509 1227 3586 servitores¹,
1258 3516 1355 3596 prout
1383 3510 1554 3596 competit,
1587 3511 1671 3574 sicut
1694 3508 1838 3593 religiosi
1862 3514 1894 3572 et
1917 3509 2048 3584 habitus
2110 3586 2118 3596 .

420 3620 454 3676 et
483 3611 740 3686 conversationis
771 3618 915 3676 rectores
953 3613 1000 3676 eis
1033 3610 1237 3697 provideant.
1298 3613 1546 3700 Susceptionem
1576 3614 1673 3677 etiam
1704 3612 1870 3697 hospitum
1901 3619 2045 3699 etpau-
2065 3631 2092 3669 ³⁰

421 3737 536 3802 perum
561 3714 770 3800 nullomodo
794 3717 970 3806 negligant.
1017 3716 1074 3782 Ett
1102 3718 1194 3803 quia2
1223 3718 1490 3790 inconvenientes
1513 3738 1673 3802 personae
1703 3724 1736 3781 et
1760 3737 1811 3781 res
1835 3718 1933 3796 tales,
1964 3737 2048 3802 quae

422 3819 571 3906 religioni
596 3840 662 3883 non
685 3826 897 3905 congruuntu,
926 3821 1123 3886 monasteria
1145 3821 1492 3902 nonintroducantur,
1523 3821 1762 3900 condicimus,
1795 3821 1947 3906 quoniam
1972 3820 2048 3884 reli·
2101 3819 2106 3828 '

420 3925 528 4008 giosos
553 3928 698 4004 rectores
722 3922 961 4009 providentiam
986 3930 1019 3988 et
1042 3945 1152 3989 curem
1175 3926 1320 3992 debitam
1343 3926 1418 3990 inde
1442 3946 1572 3990 sumere
1596 3924 1714 3992 debere
1738 3946 1803 3989 non
1828 3925 2026 4009 ignoramus.

534 4031 581 4096 10,
615 4026 802 4113 Hospitalis
823 4028 1080 4114 peregrinorum,
1105 4030 1188 4095 sicut
1209 4021 1515 4098 suntScottoruml1
1543 4035 1675 4115 atquae
1693 4035 1838 4115 tempore
1855 4032 2045 4092 antecesso-

422 4152 492 4195 rum
516 4137 697 4194 vestrorum
720 4153 834 4216 regum
859 4138 1043 4196 constructa
1057 4139 1100 4218 wet
1123 4134 1302 4198 constituta
1324 4135 1469 4213 luerunt,
1493 4138 1529 4196 ut
1552 4131 1594 4197 ad
1617 4133 1690 4212 hoc,
1714 4132 1755 4208 sd
1779 4131 1865 4216 quod
1889 4131 2046 4218 deputata
2064 4156 2090 4196 as

422 4239 510 4314 sunt,
534 4238 708 4298 teneantur
736 4241 770 4300 ct
792 4231 811 4298 a
834 4234 1013 4300 rectoribus
1037 4234 1145 4314 Deum
1170 4236 1358 4308 timentibus
1382 4236 1588 4314 ordinentur,
1619 4235 1859 4316 custodiantur,
1887 4256 1929 4299 ne
1953 4234 2048 4299 dissi÷

423 4342 553 4423 pentur,
586 4336 742 4404 obtinete.
798 4338 863 4402 Sed
892 4344 925 4403 et
954 4339 1131 4404 rectoribus
1160 4341 1428 4405 monasteriorum
1465 4347 1499 4404 et
1526 4339 1820 4417 xenodochiorum,
1851 4339 1883 4403 id
1910 4344 1961 4403 cst
1988 4338 2047 4402 ho·

422 4440 597 4527 spitslium,
621 4441 810 4526 praecipite,
832 4447 879 4522 ut,
903 4441 986 4508 sicut
1008 4445 1164 4508 canonica
1181 4443 1276 4508 docet
1291 4447 1464 4510 auctoritas
1488 4450 1522 4508 et
1538 4443 1681 4530 capitula
1704 4444 1755 4512 ari
1780 4449 1813 4507 et
1829 4443 1930 4529 patris
1947 4443 2048 4507 vestri

423 4543 629 4632 praecipiunt
638 4535 677 4624 ⁶²,
702 4545 864 4632 episcopis
888 4546 1028 4632 propriis
1052 4548 1115 4611 sint
1139 4548 1277 4612 subiecti
1301 4553 1334 4612 ct
1349 4547 1548 4613 monasteria
1563 4553 1660 4632 atque
1677 4547 1852 4632 hospitalia
1875 4546 1936 4612 sibi
1959 4569 2047 4611 ccm-

422 4649 522 4712 missa
546 4648 689 4732 ipsorum
714 4655 831 4734 regant
854 4650 1000 4728 consilio,
1023 4672 1158 4736 quorum
1181 4652 1327 4738 episcopi
1344 4658 1513 4738 paternam
1530 4650 1782 4716 sollicitudinem
1807 4652 1854 4716 eis
1871 4652 2048 4716 secundum
2066 4676 2092 4714 ro

422 4751 639 4816 ministerium
668 4751 797 4816 illorum
829 4752 1008 4817 studebunt
1031 4753 1230 4840 impendere.
1275 4753 1318 4819 Et
1341 4756 1418 4840 quia
1442 4777 1543 4841 saepe
1566 4755 1742 4841 unicuique
1766 4757 1798 4820 in
1823 4756 1910 4820 omni
1935 4756 2048 4820 ordine

526 4923 552 4989 ⁸²)
571 4924 598 4976 5.
612 4921 714 4990 parcit:
739 4925 869 4992 parentes
887 4923 971 4978 vestri
990 4924 1041 4978 sub
1063 4924 1194 4995 religioso
1213 4925 1313 4980 habitu
1332 4927 1540 4981 constituerunt
1561 4928 1591 4980 et
1614 4924 1643 4980 in
1668 4927 1706 4980 eis
1729 4929 1849 4982 rectores
1874 4927 1903 4978 et
1920 4925 2049 4980 rectrices

421 5007 536 5063 luerunt
553 5009 582 5062 et
599 5007 719 5076 quaudo.

527 5169 545 5232 i)
564 5175 709 5219 sanctarum
728 5167 877 5218 monialium
896 5167 924 5228 2;
948 5170 1099 5222 habitacula
1117 5171 1179 5222 add.
1197 5169 1222 5222 b.
1309 5171 1337 5235 k)
1356 5179 1478 5239 operante
1498 5170 1519 5223 l.
1607 5171 1627 5234 l)
1646 5173 1771 5222 innuente
1788 5171 1812 5222 5.
1901 5175 1936 5234 ml
1954 5175 2049 5224 anima-

423 5272 480 5307 rum
499 5253 523 5305 b.
604 5253 632 5316 n)
652 5255 759 5322 peregit,
777 5257 887 5306 correxit
904 5253 929 5306 b.
1009 5253 1034 5320 ο)
1053 5258 1198 5309 'l'haodonis
1216 5258 1240 5310 5.
1322 5257 1350 5325 p)
1369 5259 1494 5310 Iuliacum
1512 5257 1536 5308 5.
1612 5257 1639 5324 q)
1659 5257 1745 5324 quib.
1827 5258 1850 5322 r)
1868 5260 2006 5310 committis
2023 5255 2049 5310 2.
2066 5261 2092 5302 ⁴⁵

422 5343 445 5406 s)
465 5343 575 5396 habeant
589 5341 654 5406 ‚aaa
673 5339 698 5392 b.
788 5343 807 5405 t)
825 5342 888 5408 quin
907 5348 933 5393 et
950 5341 974 5392 5.
1061 5343 1090 5404 n)
1108 5344 1135 5394 in
1153 5343 1214 5395 add.
1233 5344 1257 5396 5.

527 5497 572 5562 57)
592 5495 974 5552 Iatcalittcracmmcxstunt.
1045 5497 1090 5564 08)
1109 5495 1207 5566 Synod.
1220 5495 1256 5549 ud
1272 5495 1471 5551 lisand-uillam
1482 5497 1543 5564 844,
1559 5513 1646 5566 aspra
1663 5512 1704 5550 nr.
1718 5495 1777 5551 227.
1847 5497 1892 5565 59)
1912 5496 1991 5550 Gonu
2004 5511 2048 5566 ap.

425 5600 568 5653 Marsicam
581 5599 605 5653 Ι.
626 5600 684 5668 847,
703 5597 828 5652 Adeunt.
848 5597 936 5652 Hlud.
954 5615 976 5654 c.
988 5602 1011 5653 5.
1029 5601 1054 5666 6,
1073 5616 1159 5668 aspra
1171 5617 1201 5667 p.
1214 5601 1297 5668 losa.
1367 5601 1411 5666 60)
1432 5599 1508 5655 Itoni.
1528 5601 1586 5680 2¹3.
1656 5601 1701 5671 61)
1721 5599 1777 5667 Gsr.
1798 5599 1876 5654 Gom.
1897 5598 1977 5654 Melet.
1989 5601 2050 5666 845,

422 5718 507 5771 aspro
519 5720 548 5771 p.
561 5705 621 5770 408,
638 5720 660 5756 c.
672 5703 714 5756 40.
802 5705 846 5769 62)
867 5703 923 5768 Gfr.
945 5703 1009 5773 (lap.
1028 5703 1098 5756 ruins.
1116 5720 1204 5774 persar.
1222 5706 1282 5771 802,
1300 5711 1361 5760 tom.
1377 5705 1400 5772 I,
1414 5720 1443 5771 p.
1458 5705 1500 5771 94,
1518 5720 1539 5757 c.
1554 5706 1594 5760 15.
