4546 6398
310 635 370 689 829.

392 459 432 519 40
654 450 924 506 ADDITAMENTA
943 450 991 505 AD
1010 449 1222 505 HLUDOWICI
1241 449 1289 503 Pll
1308 448 1563 504 CAPITULARIA.
1582 479 1614 488 —
1633 450 1681 503 Nr.
1695 450 1752 504 196.

498 626 578 712 (36.)
615 627 659 692 II.
693 618 759 690 Ut⁹
794 631 887 688 extra
923 628 1046 689 statuta
1079 629 1227 709 tempora
1257 614 1453 686 canonum¹⁰
1478 622 1677 707 baptismata
1705 644 1767 688 non
1799 625 2014 705 celebrentur,

389 733 464 816 quia
486 731 568 795 sacri
591 751 733 795 canones
757 729 818 794 hoc
841 726 944 793 modis
967 726 1130 804 omnibus,
1168 727 1230 789 nisi
1255 725 1377 809 aliquid
1399 726 1582 811 periculum
1607 718 1806 804 institerit¹¹,
1840 727 1910 791 fieri
1939 750 2013 813 pro-

391 834 513 910 hibent,
537 835 570 896 in
592 837 718 896 tantum
743 838 778 896 ut
801 834 899 897 etiem
923 853 991 910 eos,
1015 831 1069 915 qui
1089 831 1152 894 alio
1172 835 1319 915 tempore
1334 830 1552 914 baptizantur,
1576 852 1596 893 a
1611 828 1768 914 gradibus
1785 831 2014 896 ecclesiasticis
2085 907 2088 918 ¹

390 942 534 1002 arceant.
1814 1001 1815 1004 ,

494 1039 575 1123 (31.)
610 1038 671 1104 ΠΙ.
706 1039 757 1103 Dc
782 1059 821 1102 eo
846 1039 945 1101 etiam
969 1036 1161 1101 instruendo
1185 1036 1299 1100 lideles
1324 1035 1547 1100 necessarium
1571 1035 1801 1120 praevidimus,
1826 1043 1863 1101 ut
1886 1038 2011 1103 intelle·
2044 1060 2056 1099 s

390 1149 470 1228 gant
492 1151 639 1228 pactum,
671 1141 757 1227 quod
781 1163 852 1206 cum
877 1141 949 1204 Deo
973 1141 1006 1203 in
1030 1140 1226 1225 baptismate
1251 1140 1429 1205 leceruntt.
1474 1129 1656 1216 Pactumffi,
1680 1139 1862 1224 quodcum
1885 1139 1959 1205 Deo
1981 1142 2014 1205 in

391 1245 605 1331 baptismatey
628 1247 681 1324 lit,
714 1245 866 1308 amultis
890 1265 932 1308 ex
956 1249 1039 1323 toto,
1071 1244 1222 1308 amultis
1246 1265 1289 1309 cn
1316 1250 1410 1329 parte
1435 1243 1680 1328 transgreditur.
1725 1242 1778 1307 Ex
1802 1250 1869 1307 toto
1893 1247 2014 1330 quippe

389 1348 643 1433 transgreditur,
676 1348 804 1433 quando
831 1349 903 1432 quis
931 1352 1005 1432 post
1034 1353 1204 1432 acceptam
1231 1347 1438 1432 baptismatis
1466 1347 1604 1431 gratiam
1634 1352 1690 1411 aut
1719 1346 1759 1410 ad
1788 1346 2013 1412 infidelitatem

391 1458 447 1515 aut
475 1451 516 1516 ad
544 1452 686 1516 heresim
711 1460 767 1516 aut
790 1459 879 1515 certe
905 1451 944 1513 ad
970 1452 1088 1515 scisma
1111 1452 1308 1536 prolabitur;
1339 1472 1378 1515 ex
1405 1458 1497 1536 parte
1522 1472 1613 1530 vero,
1646 1449 1774 1534 quando
1799 1451 1869 1535 quis
1894 1458 1950 1515 aut
1973 1451 2015 1515 ad

389 1555 575 1640 superbiam
600 1555 719 1620 autad
743 1553 897 1619 invidiam
921 1561 977 1617 aut
1001 1554 1041 1618 ad
1066 1561 1197 1618 caetere
1211 1555 1292 1618 vitia
1315 1553 1508 1638 spiritualia,
1533 1573 1614 1638 quae
1638 1575 1681 1617 ex
1705 1553 1814 1618 radice
1839 1554 2012 1638 superbiae
2034 1576 2058 1616 ιο

390 1656 563 1743 prodeunt,
588 1657 718 1722 labitur.

495 1761 576 1844 (38.)
610 1762 668 1826 IV.
704 1761 787 1834 Quid
812 1765 854 1826 sit
877 1761 1106 1828 abrenuntiare
1124 1763 1265 1841 diabole,
1290 1762 1444 1846 operibus
1469 1767 1502 1824 et
1525 1762 1652 1845 pompis
1676 1762 1759 1838 eius,
1782 1761 1879 1826 valde
1902 1782 2015 1825 omnes

391 1865 505 1930 fideles
528 1865 720 1949 intellegere
744 1870 883 1950 oportet.
919 1859 1161 1952 Quapropter1³
1186 1885 1322 1929 necesse
1348 1869 1408 1942 est,
1433 1871 1470 1928 ut
1495 1863 1737 1949 praedicatores
1762 1865 1795 1928 in
1812 1864 2015 1930 admonendo

392 1975 426 2034 et
455 1969 621 2034 auditores
650 1971 682 2032 in
713 1969 868 2034 discendo
898 1976 931 2033 et
960 1991 1059 2055 opere
1083 1969 1265 2055 conplendo
1289 1969 1422 2046 abhinc,
1454 1975 1490 2031 ut
1518 1988 1610 2030 suum
1637 1988 1754 2032 cavere
1779 1968 1907 2052 possint
1929 1969 2015 2054 peri-

392 2074 516 2152 eulum,
544 2074 648 2158 magis
672 2072 848 2137 adhibeant
876 2072 1027 2137 studium.
1075 2075 1316 2138 abrenuntiare
1340 2073 1440 2157 igitur
1462 2071 1591 2135 diabolo
1616 2079 1680 2146 est,
1709 2072 1840 2156 penitus
1864 2093 1938 2136 eum
1962 2094 2013 2137 re·
2035 2093 2059 2132 rs

392 2197 520 2262 spuere,
547 2197 712 2261 spernere,
735 2176 858 2239 reicere
882 2177 978 2260 eique
1003 2176 1235 2254 contradicere,
1260 2195 1360 2259 seque
1384 2183 1436 2238 et*
1460 2194 1723 2260 unumquemque
1747 2174 1788 2238 ab
1806 2196 1845 2239 eo
1862 2174 2017 2254 alienare,

392 2280 461 2343 sive
486 2278 585 2356 aliud,
609 2277 794 2364 quidquod
818 2277 879 2342 hoc
895 2278 995 2343 verbo
1020 2281 1053 2343 in
1075 2280 1136 2342 hoc
1161 2300 1260 2343 sensu
1285 2279 1423 2363 exprimi
1447 2285 1565 2363 potest.
1604 2277 1713 2363 Opera
1736 2280 1807 2344 eius
1825 2284 1910 2358 sunt,
1933 2299 2016 2362 quae

392 2383 505 2466 utique
532 2382 686 2468 operibus
714 2381 893 2446 Salvatoris
923 2382 1087 2446 contraria
1116 2382 1271 2446 existunt.
1316 2381 1462 2445 Primum
1492 2381 1663 2467 superbia,
1694 2383 1786 2444 cuius
1817 2383 1872 2446 ille
1904 2387 2018 2445 auctor

393 2491 460 2564 cst,
491 2493 524 2550 et
553 2505 635 2571 quae
664 2507 738 2551 eum
766 2507 809 2550 ex
833 2487 951 2570 angelo
975 2486 1144 2549 demonem
1168 2485 1260 2566 lecit,
1293 2504 1376 2569 quae
1400 2492 1451 2548 cst
1475 2487 1572 2550 etiam
1595 2485 1722 2549 initium
1747 2486 1851 2548 omnis
1875 2485 2016 2569 peccati;

393 2595 427 2653 et
455 2595 567 2653 cetera
589 2590 685 2669 vitia,
715 2608 798 2674 quae
821 2611 863 2652 ex
887 2588 994 2653 radice
1018 2588 1180 2673 prodeunt
1203 2588 1389 2673 superbiae.
1435 2588 1560 2673 Pompa
1583 2587 1703 2652 diaboli
1726 2588 1808 2652 haec
1832 2594 1899 2666 est,
1931 2607 2015 2672 quae
2034 2608 2059 2647 vo

394 2698 427 2757 et
455 2713 574 2778 pompa
605 2692 731 2773 mundi,
767 2690 800 2756 id
828 2697 878 2756 est
907 2691 1057 2772 ambitio,
1089 2693 1292 2776 arrogantia,
1324 2713 1407 2756 vena
1436 2693 1541 2776 gloria
1567 2693 1738 2778 omnisque
1768 2691 1942 2755 cuiuslibet
1970 2691 2017 2754 rei

394 2795 600 2882 superfluitas
629 2797 662 2859 in
690 2796 839 2861 humanis
868 2796 998 2875 usibus,
1026 2796 1113 2859 unde
1137 2797 1256 2860 crescit
1284 2796 1396 2875 elatio,
1426 2816 1510 2881 quac
1535 2797 1720 2860 multotiens
1745 2795 1908 2860 honestati
1932 2794 2017 2859 solet

394 2899 531 2978 ascribi,
559 2906 592 2963 et
615 2905 746 2964 caetera
769 2900 969 2978 huiusmodi,
999 2920 1082 2984 quae
1107 2897 1147 2962 de
1171 2899 1259 2964 lontc
1288 2899 1462 2984 superbiae
1487 2898 1665 2984 procedere
1689 2906 1877 2963 noscuntur.
1923 2897 2017 2962 Haec

355 3091 356 3096 ἵ
394 3011 426 3068 et
446 3003 497 3068 his
519 3003 636 3068 similia
657 3009 742 3084 sunt,
767 3024 851 3089 quae
868 3004 1093 3088 uuusquisque
1110 3001 1216 3066 fidelis
1233 3009 1378 3087 tempore
1396 3003 1598 3088 baptismatis
1617 3025 1636 3067 a
1652 3023 1686 3068 sc
1701 3004 1815 3067 reiecit
1823 2993 1851 3040 ¹4
1868 3001 2015 3066 Christo-

392 3127 455 3191 que
479 3128 515 3171 se
539 3107 738 3192 mancipavit
759 3114 957 3193 pactumque
982 3128 1055 3171 cum
1072 3105 1143 3170 Deo
1168 3107 1254 3186 iecit,
1281 3128 1320 3171 ne
1344 3108 1473 3192 penitus
1496 3107 1537 3170 ad
1555 3129 1604 3184 ea,
1629 3108 1746 3194 quibus
1764 3106 2015 3184 abrenuntiavit,
2035 3125 2059 3166 as

393 3211 523 3276 rediret.
563 3211 686 3276 Verum
712 3211 738 3275 si
766 3211 836 3275 iura
859 3212 1020 3276 humanae
1044 3212 1203 3297 pactionis
1227 3213 1363 3275 firmiter
1385 3216 1635 3288 conservantur,
1665 3211 1763 3275 fixius
1787 3217 1894 3274 tamen
1919 3215 2016 3294 atque

392 3315 573 3380 ferventius
594 3315 666 3379 iura
690 3315 772 3378 tanti
795 3317 895 3400 pacti,
919 3336 1002 3400 quae
1028 3335 1101 3378 cum
1124 3312 1196 3378 Deo
1218 3314 1307 3378 iacta
1329 3320 1419 3396 suut,
1449 3313 1680 3378 inviolabiliter
1703 3318 1778 3377 sunt
1801 3311 2014 3377 observanda.

497 3417 578 3502 (33.)
612 3417 653 3486 V.
689 3411 816 3483 lnter1⁵
842 3440 902 3483 nos
934 3419 1004 3504 pari
1034 3438 1195 3482 consensu
1224 3417 1444 3500 decrevimus,
1474 3425 1508 3481 ut
1536 3418 1760 3502 unusquisqne
1790 3417 2018 3502 episcoporum

394 3523 427 3587 in
450 3522 547 3586 scolis
571 3521 729 3587 habendis
758 3528 791 3586 et
820 3522 861 3586 ad
889 3522 1064 3586 utilitatem
1088 3522 1272 3587 aecclesiae
1296 3522 1454 3586 militibus
1479 3519 1600 3585 Ohristi
1624 3519 1858 3607 praeparandis
1881 3526 1915 3584 et
1938 3517 2016 3582 edu-

394 3625 506 3690 candis
530 3623 650 3690 abhinc
678 3626 782 3690 maius
812 3626 956 3691 studium
979 3616 1194 3706 adhiberetff‘,
1224 3633 1257 3690 et
1280 3627 1312 3690 in
1334 3625 1397 3690 hoc
1420 3624 1676 3708 uniuscuiusque
1702 3621 1843 3687 studium
1867 3622 2014 3686 volumus
2034 3641 2059 3680 so

394 3727 544 3814 probare,
568 3733 614 3810 ut,
637 3727 766 3814 quando
789 3728 830 3792 ad
853 3728 1052 3815 provinciale
1076 3728 1304 3814 episcoporum
1325 3729 1495 3792 concilium
1513 3735 1646 3791 ventum
1661 3727 1770 3804 fuerit,
1793 3723 2016 3810 unusquisque

393 3837 556 3896 rectorum
585 3833 777 3897 scolasticos
805 3853 882 3896 suos
910 3831 1018 3896 eidem
1042 3830 1180 3895 concilio
1204 3831 1322 3896 adesse
1346 3831 1459 3913 faciet,
1491 3831 1645 3915 quatinus
1671 3835 1703 3892 et
1726 3829 1844 3893 ceteris
1869 3827 2016 3892 ecclesiis

392 3936 462 3999 noti
485 3935 550 3998 sint
573 3942 624 4000 et¹
648 3935 765 4000 sollers
788 3934 929 3998 studium
954 3937 1041 3999 circa
1064 3932 1206 3999 divinum
1231 3938 1351 4001 cultum
1375 3937 1524 4001 omnibus
1548 3934 1758 3999 manifestum
1781 3934 1845 3997 fiat.

498 4038 578 4122 (40.)
611 4037 670 4105 Vl.
711 4029 791 4103 Ut1⁷
826 4039 973 4124 episcopi
1011 4039 1140 4102 nonnisi
1177 4039 1276 4103 ieiuni
1310 4061 1369 4126 per
1403 4039 1631 4126 inpositionem
1669 4058 1822 4101 manuum
1861 4036 2016 4124 Spiritum

395 4147 542 4205 sanctum
574 4140 723 4220 tradant,
758 4143 907 4228 exceptis
940 4141 1074 4205 infirmis
1106 4151 1139 4205 et
1167 4151 1270 4209 morte
1300 4144 1574 4229 periclitantibus.
1625 4142 1718 4206 Sicut
1749 4147 1857 4205 autem
1890 4142 2016 4208 duobus
2035 4161 2060 4201 ³⁵

394 4243 605 4329 temporibus,
630 4245 752 4331 pascha
774 4245 929 4310 videlicet
952 4251 985 4309 et
1007 4251 1233 4331 pentecosten,
1257 4248 1465 4332 baptismum,
1489 4247 1535 4311 ita
1558 4248 1656 4311 etiam
1682 4245 1888 4310 traditionem
1913 4246 2017 4310 sancti

395 4347 537 4434 Spiritus
560 4369 580 4411 a
602 4347 717 4413 ieiunis
741 4347 948 4434 pontificibus
973 4349 1124 4413 convenit
1147 4350 1324 4416 celebrere.

499 4449 580 4535 (41.)
613 4450 690 4515 VII.
725 4442 806 4514 Ut18
834 4449 1022 4535 presbiteri,
1054 4450 1139 4515 sicut
1166 4451 1324 4517 hactenus
1352 4453 1474 4518 factum
1503 4461 1568 4528 est,
1602 4453 1777 4518 indiscrete
1808 4473 1866 4538 per
1889 4452 2018 4518 diversa

395 4576 460 4620 non
482 4555 665 4633 mittantur,
696 4571 756 4616 nce
780 4553 821 4617 ab
845 4552 1007 4639 episcopis
1031 4555 1156 4619 neceb
1180 4555 1253 4619 aliis
1277 4559 1411 4642 prelatis
1436 4578 1497 4622 nec
1520 4557 1617 4620 etiam
1643 4579 1662 4621 a
1685 4557 1792 4637 laicis,
1820 4577 1860 4620 ne
1884 4563 2018 4642 propter

394 4680 505 4726 eorum
533 4657 765 4721 abstinentiam
794 4664 826 4722 et
853 4657 1033 4722 animarum
1056 4658 1202 4743 pericula
1226 4666 1258 4723 et
1282 4662 1510 4738 ecclesiarum,
1543 4659 1575 4722 in
1599 4659 1715 4745 quibus
1739 4659 1906 4724 constituti
1931 4665 2016 4738 sunt,
2035 4679 2061 4718 so

394 4763 612 4856 neglegantur
635 4760 750 4824 officia.

498 4950 527 5018 y)
546 4951 663 5002 iecerunt
741 4951 893 5017 baptismata
910 4969 959 5003 om.
979 4951 1003 5002 1.
1090 4949 1115 5016 z)
1134 4969 1183 5003 orn.
1203 4950 1226 5005 1.

497 5121 523 5182 9)
544 5117 620 5172 (lonc.
640 5117 731 5171 Paris.
749 5117 791 5171 lib.
810 5119 837 5186 Ι,
856 5135 878 5174 c.
890 5118 915 5186 8,
934 5134 1045 5188 arcum,
1067 5113 1164 5173 Musaei
1181 5119 1266 5188 XIV,
1285 5121 1330 5173 col.
1343 5121 1401 5175 54⁴2.
1501 5120 1543 5188 10)
1564 5119 1591 5173 C.
1606 5122 1646 5175 11.
1660 5122 1699 5174 12.
1712 5123 1751 5176 li.
1764 5124 1803 5189 18,
1827 5121 1898 5174 Dist.
1917 5119 2019 5173 Iuda

394 5237 514 5290 wimar,
533 5221 610 5289 Gorp.
623 5221 676 5276 iar.
689 5237 784 5275 canoa.
798 5220 835 5275 al.
850 5221 992 5290 Blvcdbcry
1005 5223 1029 5289 I,
1048 5224 1096 5276 coi.
1111 5223 1177 5276 1364
1188 5239 1243 5291 sqq.
1262 5222 1329 5293 [K]
1417 5225 1460 5288 11)
1481 5221 1538 5289 Gfr.
1553 5221 1615 5291 Gap.
1630 5224 1698 5278 miss.
1711 5225 1789 5293 813?,
1808 5232 1867 5279 tom.
1881 5224 1904 5291 Ι,
1919 5239 1948 5291 p.
1960 5224 2017 5290 182,

393 5344 414 5381 c
427 5327 451 5394 5,
469 5325 516 5379 ubi
529 5341 596 5393 pro:
620 5324 712 5379 sehuti
730 5324 878 5379 morbostis
896 5323 1034 5393 lacendum
1052 5330 1103 5378 cst:
1127 5325 1196 5378 sehu
1214 5326 1243 5392 (i.
1256 5341 1276 5380 a.
1290 5328 1350 5394 seu)
1369 5325 1454 5379 timor
1471 5325 1567 5389 hostis,
1586 5331 1617 5380 ut
1636 5328 1739 5381 amauit
1757 5329 1794 5383 K.
1807 5328 1927 5381 huma.
1950 5326 2019 5397 [K]
2036 5334 2061 5374 4⁵

398 5431 440 5496 12)
461 5428 539 5482 (lonc.
554 5427 645 5483 Paris.
657 5427 698 5481 bb.
713 5428 738 5495 l,
756 5445 777 5483 c.
791 5429 815 5496 9,
833 5428 918 5496 inuio,
938 5429 955 5482 l.
967 5445 987 5482 c.
1000 5429 1045 5482 col.
1056 5429 1115 5483 542.
1191 5430 1233 5496 13)
1253 5429 1326 5482 ibid.
1339 5445 1359 5484 c.
1374 5429 1414 5497 10,
1432 5430 1477 5482 col.
1490 5430 1541 5485 543
1554 5447 1590 5497 sq.
1662 5432 1705 5500 14)
1725 5431 1780 5498 Gfr.
1795 5430 2019 5500 lauaoyartosa

394 5531 615 5600 &responsiones
631 5530 810 5598 baptismales,
833 5536 893 5584 tom.
911 5532 938 5598 I,
953 5547 981 5598 p.
994 5531 1054 5584 222.
1177 5532 1219 5597 15)
1241 5530 1316 5586 Ocno.
1337 5531 1425 5585 Paris.
1448 5531 1491 5586 lib.
1511 5535 1539 5598 1,
1561 5547 1582 5586 c.
1596 5533 1642 5600 30,
1671 5535 1768 5589 abbrau
1786 5541 1809 5588 el
1827 5539 1933 5600 mutat,
1961 5535 1977 5588 l.
1996 5549 2017 5586 c.

394 5636 441 5690 ool.
454 5634 506 5690 558
517 5650 555 5702 sq.
626 5634 670 5703 16)
684 5632 740 5700 Ofr.
753 5634 872 5703 Euqanii
886 5635 928 5688 II.
942 5650 1013 5689 coac.
1028 5633 1144 5688 Roma
1156 5633 1215 5701 826,
1234 5639 1293 5688 tom.
1307 5635 1329 5701 1,
1344 5651 1373 5703 p.
1383 5635 1442 5702 316,
1460 5649 1480 5689 c.
1490 5635 1539 5702 34;
1557 5634 1692 5692 Adatoait.
1703 5638 1849 5704 823-825,
1862 5637 1879 5690 l.
1889 5653 1910 5691 c.
1918 5653 1948 5704 p.
1958 5637 2017 5702 304,

394 5754 416 5794 c.
429 5737 453 5792 6.
471 5737 539 5806 [K]
611 5736 656 5804 17)
676 5735 753 5791 (lonc.
766 5736 854 5792 Paris.
867 5737 946 5806 lobi
965 5753 986 5792 c.
1000 5737 1043 5804 33,
1060 5750 1170 5803 arcum,
1189 5735 1206 5789 l.
1218 5752 1238 5792 c.
1257 5737 1372 5791 cottidi).
1443 5737 1485 5806 18)
1505 5737 1607 5792 Ibidem
1619 5739 1662 5792 lib.
1676 5740 1737 5807 III,
1756 5757 1776 5795 o.
1786 5743 1811 5809 4,
1830 5740 1847 5794 l.
1860 5755 1881 5793 c.
1898 5737 1945 5791 col.
1959 5737 2018 5790 597.
