4568 6434
413 413 472 476 186
526 409 795 464 Auulrausuus
812 410 862 464 AD
880 409 1127 466 carissimum
1146 410 1274 465 RDGUM
1293 409 1478 486 rusticias
1497 408 1726 464 Oltlllll'l'AhlS.
1745 439 1777 448 -
1796 409 1844 463 Νι.
1856 409 1916 464 249.

329 590 389 644 852.
408 580 557 647 Levitico
573 581 614 648 de
632 582 783 649 decimis:
813 582 948 648 ‘Omnes
956 573 985 621 ²5
1001 582 1129 648 decime
1146 591 1245 663 terre,
1269 584 1338 648 sive
1354 582 1394 646 de
1411 582 1582 661 fructibus,
1606 583 1675 647 sive
1692 579 1732 645 de
1748 581 1852 666 pomis
1870 580 2031 663 arborum,

406 685 538 750 Domini
562 687 628 751 aiut
651 693 685 752 ct
707 687 753 751 illi
776 687 1031 752 sanctificantur.
1068 686 1177 751 Boves
1201 693 1235 751 et
1258 707 1337 751 oves
1361 693 1394 751 et
1417 706 1547 771 caprae,
1572 706 1656 771 quae
1679 682 1739 749 sub
1760 685 1923 769 pastoris⁰
1940 685 2032 770 virga

406 794 589 870 transeunt,
620 788 773 875 quicquid
802 789 964 854 decimum
989 789 1130 867 venerit,
1162 788 1419 853 sanctificabitur
1441 787 1613 853 Demiror.
1660 787 1695 852 si
1724 787 1797 873 quis
1825 789 2031 870 mutaverit),

406 898 441 958 et
464 891 548 977 quod
571 899 685 974 mutat,
709 899 743 958 et
766 893 853 978 quod
876 893 1065 973 mutabitur,
1089 891 1348 957 sanctificabitur
1362 891 1514 956 Domino.
1552 890 1627 955 Non
1649 891 1806 975 eligetur·r
1828 911 1889 956 nec
1912 890 2032 955 bonum

406 1015 468 1060 uec
499 996 635 1076 malum,
669 1017 731 1062 nec
763 997 867 1062 altero
898 995 1166 1076 commutabitur,
1201 1001 1234 1060 et
1264 1017 1327 1060 non
1357 992 1556 1060 redimetur.’
1608 991 1675 1060 Sed
1704 994 1780 1079 quia
1811 993 1906 1058 modo
1938 994 2032 1059 multi
2062 1015 2074 1053 s

406 1097 615 1162 inveniuntur
637 1097 782 1163 decimas
805 1098 883 1163 darc
907 1099 1070 1178 uolentes,
1099 1097 1285 1178 statuimus,
1308 1104 1346 1162 ut
1368 1097 1547 1161 secundum
1570 1097 1703 1161 Domini
1726 1104 1933 1183 preceptum,
1962 1118 2031 1161 anr-

407 1206 601 1264 moneantur
624 1200 724 1265 semel
748 1208 782 1264 ct
805 1201 949 1266 secundo
973 1208 1070 1287 atque
1094 1203 1207 1276 tertio;
1227 1202 1267 1266 vsi
1290 1223 1355 1266 non
1380 1201 1635 1280 emendaverint,
1658 1200 1878 1266 anathematis
1902 1202 2031 1266 vinculo

408 1305 672 1389 constringantur
694 1325 797 1389 usque
821 1305 862 1369 ad
880 1305 1140 1370 satisfactionem
1157 1312 1190 1370 et
1206 1304 1466 1371 emendationem
1483 1315 1685 1390 congruam.
1722 1303 1807 1367 Nam
1823 1303 1887 1368 hoc
1904 1305 2031 1369 censui-

407 1428 489 1487 mus,
513 1407 591 1492 quia
614 1407 699 1471 sacri
721 1397 901 1472 canones26
916 1409 1110 1494 precipiunt,
1134 1407 1175 1472 de
1196 1406 1333 1472 decimis
1356 1406 1500 1471 fidelium
1518 1412 1674 1491 quattuor
1695 1406 1766 1472 lieri
1788 1407 1966 1492 portiones,
1990 1427 2033 1471 ex

407 1510 525 1594 quibus
559 1529 624 1572 una
663 1510 703 1573 ad
745 1511 986 1596 susceptionem
1026 1511 1191 1596 pertineat
1228 1511 1383 1597 episcopi.
1441 1505 1641 1590 Statuimus,
1682 1514 1720 1573 ut
1757 1530 1818 1595 per
1850 1509 2030 1574 aecclesias
2050 1529 2075 1567 ιο
2174 1493 2184 1510 “

407 1612 639 1677 monachorum
662 1612 715 1677 vel
741 1613 899 1677 laicorum
928 1620 961 1678 et
987 1634 1048 1698 per
1076 1613 1241 1699 cappellas
1265 1612 1444 1677 dominicas
1475 1633 1534 1677 seu
1556 1611 1795 1691 beneficiatas‘,
1825 1610 1882 1675 ubi
1905 1610 2031 1676 decime

407 1713 540 1795 dautur,
568 1716 714 1802 episcopi
737 1714 835 1800 digno
858 1715 982 1780 honore
1006 1715 1238 1801 suscipiantur,
1268 1722 1304 1779 ut
1327 1716 1586 1780 ecclesiasticum
1610 1715 1753 1779 officium
1776 1714 1821 1778 ibi
1844 1714 2032 1800 persolvere

407 1818 546 1905 possint.
590 1810 766 1882 Ιιοοιιιιιιιθ27
789 1827 947 1897 antiquitus
975 1827 1150 1883 constitute¹³
1175 1831 1292 1902 propter
1318 1845 1392 1882 nova
1419 1828 1544 1883 oratoria
1566 1846 1618 1883 nec
1639 1826 1755 1882 decimis
1776 1843 1829 1882 nec
1850 1825 2031 1897 possessioni-

408 1923 460 1978 bus
482 1920 547 1977 aliis
570 1922 718 1993 priventur
740 1935 800 1978 uec
823 1914 924 1978 ullam
948 1914 1077 1977 omniuo
1099 1913 1251 1977 iniuriam
1275 1914 1456 1998 paciantur.

517 2049 576 2135 (4.)
606 2049 658 2115 Ut
680 2052 816 2116 nullus
840 2049 986 2114 audeat
1008 2050 1290 2115 inmunitates'
1310 2051 1549 2135 infringere.
1584 2041 1751 2128 Quisquis²⁸
1766 2059 1868 2114 fastuw
1883 2057 2031 2138 superbiae
2050 2073 2074 2113 ιι

408 2150 499 2203 elatus
522 2147 635 2202 domum
658 2145 709 2202 Dei
732 2146 810 2201 ducit
832 2147 1075 2217 contemptibilem
1102 2149 1132 2201 et
1159 2146 1350 2217 possessiones
1373 2147 1432 2201 Deo
1455 2149 1636 2200 consecratas
1655 2149 1742 2215 atque
1765 2145 1802 2200 oh
1823 2145 1960 2200 honorem
1982 2145 2033 2200 Dei

407 2234 459 2289 sub
488 2233 567 2304 regia
595 2232 774 2288 inmunitatis
801 2233 964 2288 defensione
994 2233 1164 2287 constitutas
1194 2232 1343 2288 inhoneste
1375 2231 1542 2287 tractaverit
1569 2232 1613 2286 vel
1642 2231 1796 2302 infringere
1823 2230 2032 2301 presumpserit,

408 2319 490 2390 quasi
519 2320 633 2374 invasor
661 2324 691 2374 et
713 2320 835 2375 violator
857 2319 955 2373 domus
978 2319 1030 2374 Dei
1057 2319 1321 2374 excommunicetur.
1366 2317 1455 2374 Decet
1482 2318 1572 2384 enim,
1602 2321 1634 2372 ut
1655 2317 1880 2388 indignationem
1901 2307 2034 2371 Domini

407 2404 504 2483 atque
528 2397 629 2481 ipsius
652 2395 739 2480 regis
763 2404 876 2470 sentiat,
900 2405 978 2460 cuius
994 2405 1209 2461 benevolentiae
1229 2409 1407 2476 contemptor
1427 2409 1456 2460 et
1477 2404 1689 2459 constitutionis
1705 2404 1899 2475 prevaricator
1914 2403 2032 2459 exstitit.

406 2492 595 2548 Nihilominus
618 2495 713 2547 tamen
736 2510 785 2546 rex
807 2508 874 2546 suae
897 2490 1085 2546 concessionis
1108 2491 1308 2547 inmunitatem
1323 2491 1359 2546 ab
1377 2490 1506 2546 omnibus
1521 2491 1646 2545 dicioni¹
1670 2508 1737 2545 suae
1758 2490 1891 2546 subiectis
1914 2489 2033 2545 inlesam
2051 2501 2076 2540 ao

407 2578 587 2636 conservariy
609 2577 760 2648 precipiam
790 2595 935 2632 assensum
957 2595 1023 2633 vero
1051 2595 1108 2632 non
1137 2578 1256 2648 prebeat
1282 2578 1429 2648 inprovide
1457 2577 1662 2632 affirmantibus
1689 2594 1746 2633 non
1768 2577 1871 2633 debere
1899 2594 1960 2632 esse
1989 2593 2033 2631 res

407 2664 577 2730 dominicas,
607 2663 636 2717 id
665 2663 850 2718 estDomino
873 2663 1080 2718 dominantium
1108 2663 1243 2732 traditas,
1272 2665 1315 2720 ita
1341 2665 1392 2720 sub
1415 2663 1578 2719 defensione
1605 2663 1680 2734 regis
1708 2663 1781 2719 sicut
1809 2663 1941 2734 propriae
1967 2679 2033 2718 suaa

407 2749 605 2813 haereditatia;
636 2749 726 2820 magis
749 2749 928 2819 magisque
951 2751 1095 2816 advertat,
1118 2751 1199 2819 quia,
1222 2755 1330 2820 quanto
1351 2752 1425 2806 Deus
1449 2750 1632 2806 excellentior
1654 2753 1698 2806 est
1720 2750 1845 2828 homine,
1868 2752 1950 2806 tanto
1972 2765 2032 2820 pre-

408 2838 530 2893 stantior
552 2839 596 2892 est
618 2837 714 2891 divina
736 2853 821 2890 causa
842 2835 1004 2891 mortalium
1027 2837 1212 2906 possessione.
1256 2837 1413 2902 Quocirca*
1435 2836 1583 2906 decipitur,
1613 2836 1740 2907 quisquis
1764 2837 1827 2907 plus
1850 2837 1879 2891 ιιι
1902 2833 2032 2906 propriis,

407 2942 493 2995 quam
522 2924 552 2978 iu
578 2921 725 2978 dominicis
754 2922 837 2977 rebus
865 2923 1018 2993 gloriatum
1053 2941 1171 2992 quarum
1199 2923 1358 2978 divinarum
1385 2923 1515 2978 defensor
1544 2926 1575 2979 et
1603 2924 1717 2978 custos·
1744 2923 1880 2978 divinitus
1909 2926 2033 2977 statutus
2051 2932 2077 2974 ae

408 3009 538 3082 diligenti
561 3026 628 3064 cura
649 3026 707 3064 non
730 3009 820 3063 solum
843 3026 890 3064 eas
913 3027 1038 3076 servare,
1062 3009 1111 3064 sed
1134 3010 1221 3064 etiam
1243 3010 1432 3080 multiplicare
1455 3010 1554 3074 debet;
1582 3009 1728 3080 magisque
1751 3009 1813 3076 illa,
1836 3028 1891 3079 que
1913 3008 2034 3064 diximus

408 3085 627 3168 prestantiorab,
644 3113 729 3165 quam
753 3112 803 3149 sua
825 3095 974 3151 defendere
998 3096 1077 3149 illum
1100 3099 1214 3166 oportet
1237 3099 1266 3150 et
1288 3099 1479 3167 augmentare.
1503 3095 1548 3150 ,Si
1563 3096 1627 3166 quis
1642 3096 1731 3166 igitur
1746 3095 1861 3151 maanus
1877 3095 2033 3166 inportuni-

409 3187 470 3239 tate
492 3182 675 3253 inprobitatis
698 3199 765 3236 suae
787 3199 884 3251 regem
903 3198 920 3235 a
940 3185 1018 3236 recto
1038 3182 1184 3251 proposito
1202 3186 1364 3252 pervertere
1385 3181 1569 3252 temptaverit
1587 3182 1728 3252 nullisque
1743 3182 1874 3238 remediis
1890 3181 2035 3252 mitigeri⁰

409 3287 491 3341 posse
514 3269 590 3323 visus
618 3267 716 3334 fuerit,
745 3267 813 3323 licet
840 3267 982 3337 obsequiis
1009 3267 1150 3337 aliquibus
1176 3269 1348 3324 transitoriis
1371 3269 1409 3340 sit
1430 3268 1618 3336 necessarius,
1648 3269 1833 3325 abscidendus
1855 3269 1892 3323 ab
1914 3286 1948 3324 eo
1970 3285 2032 3338 pro·

408 3343 612 3425 iciendusquetl
635 3357 692 3420 est,
713 3353 795 3408 iuxta
816 3353 883 3408 illut
904 3354 1113 3425 evangelicum:
1148 3336 1220 3410 ί8ι29
1242 3373 1305 3425 pes,
1327 3373 1427 3410 manus
1450 3355 1602 3426 oculusque
1625 3358 1691 3412 tuus
1715 3355 1885 3411 scandalizet
1907 3357 1945 3421 te,
1968 3371 2034 3411 erue
2052 3363 2078 3404 ιθ

408 3443 486 3498 illam
509 3445 540 3498 et
561 3441 655 3511 proice
678 3440 729 3495 aba
751 3441 798 3495 te?

518 3559 579 3646 (5.)
613 3559 663 3625 Ut
691 3557 861 3623 heredes
892 3558 1132 3624 ecclesiam·
1158 3581 1238 3626 non
1261 3561 1476 3626 dividaris.
1519 3562 1688 3627 Perlatum
1710 3562 1752 3627 ad
1775 3583 1834 3627 nos
1858 3568 1924 3644 est,
1948 3562 2034 3648 quod

409 3665 496 3729 inter
517 3662 658 3727 heredes
681 3660 864 3725 aecclesiae
888 3662 921 3724 in
945 3660 1043 3726 rebus
1066 3663 1205 3748 propriis
1230 3664 1405 3728 constitute
1428 3662 1615 3729 dividantur
1638 3670 1671 3729 et
1699 3671 1792 3729 tanta
1813 3687 1874 3751 per
1896 3665 2034 3731 eandem

408 3768 602 3833 divisionem
627 3765 797 3829 ειιιιιιιιιιει
820 3765 957 3846 ematur,
988 3771 1024 3829 ut
1047 3767 1142 3830 unius
1166 3767 1278 3831 altaris
1302 3773 1456 3854 quattuor
1477 3773 1590 3853 partes
1613 3768 1693 3832 fiant
1715 3774 1748 3832 et
1771 3769 1900 3854 singule
1923 3775 2033 3855 partas

412 3872 557 3957 singulos
595 3868 737 3933 habeant
773 3867 987 3954 presbiteros;
1030 3867 1121 3933 sineh
1158 3868 1319 3933 discordia
1363 3878 1396 3934 et
1437 3870 1601 3935 simultate
1639 3871 1730 3936 nullo
1767 3872 1864 3937 modo
1899 3872 2035 3958 augeri¹²
2051 3896 2077 3937 as

410 3981 531 4063 potest.
576 3971 672 4038 Unde
694 3971 789 4037 nobis
813 3972 919 4036 visum
944 3977 1004 4051 est,
1028 3971 1114 4058 quod
1138 3971 1366 4038 huiuscemodi
1391 3973 1554 4038 ecclesiae
1576 3973 1662 4038 inter
1683 3974 1823 4040 heredes
1845 3974 1947 4040 dividi
1969 3997 2035 4042 non

409 4069 602 4152 debeant3⁰;
634 4081 667 4141 et
700 4075 727 4139 si
755 4075 789 4138 in
817 4076 1061 4140 contentionem
1084 4075 1234 4140 venerint
1263 4082 1297 4141 et
1324 4077 1508 4141 simultates
1537 4077 1702 4143 intereos
1732 4079 1948 4164 surrexerint,
1975 4100 2035 4166 per

409 4203 490 4267 quas
521 4179 673 4245 sacerdos
704 4197 763 4242 suo
793 4177 840 4241 ihi
872 4176 978 4240 officio
1009 4177 1164 4242 canonice
1197 4178 1289 4264 fungi
1323 4199 1385 4244 non
1421 4180 1541 4265 possit,
1576 4181 1775 4267 precipiatur
1806 4181 1846 4246 ab
1878 4183 2034 4269 episcopo

409 4285 561 4364 civitatis,
584 4288 620 4346 ut
643 4282 732 4346 nullo
755 4280 851 4344 modo
876 4281 920 4345 ibi
944 4281 1116 4344 missarum
1141 4281 1300 4346 solemnia
1324 4282 1541 4365 celebrentur,
1568 4284 1670 4350 donec
1694 4285 1741 4349 illi
1765 4285 1805 4350 ad
1829 4287 2034 4351 concordiam

410 4387 560 4468 redeant,
592 4408 635 4451 ex
662 4384 734 4471 pari
758 4391 833 4449 voto
860 4390 960 4468 atque
984 4384 1124 4448 consilio
1148 4384 1306 4449 ccclesiai
1328 4385 1386 4451 illa
1409 4387 1614 4453 sacerdotem
1638 4387 1791 4453 canonice
1814 4388 1949 4469 habeat,
1979 4390 2034 4474 qui
2050 4411 2078 4450 u

408 4492 513 4558 libere
537 4511 630 4556 suum
654 4486 879 4574 mynisterium
904 4486 950 4550 ihi
971 4507 1132 4572 peragere
1154 4488 1267 4572 possit.

511 4711 536 4777 o)
555 4718 629 4779 pasto
647 4729 667 4763 c.
754 4710 781 4776 p)
800 4717 847 4761 etc.
866 4709 940 4761 codd.
961 4709 1077 4774 Merrae,
1095 4727 1143 4761 orn.
1162 4711 1190 4762 si
1270 4711 1414 4764 redimatrrr.
1497 4714 1525 4780 q)
1543 4715 1687 4766 mutabitur
1704 4732 1724 4766 c.
1806 4713 1830 4779 r)
1849 4715 1942 4767 elietur
1959 4735 1989 4779 c.,
2006 4719 2035 4768 in

407 4817 490 4866 morp.
514 4799 648 4850 alienetur.
763 4797 785 4859 s)
809 4795 919 4860 Reliqua
941 4795 1033 4847 ιιωιωιι
1052 4797 1081 4846 iu
1103 4797 1177 4847 codd.
1196 4795 1301 4848 Monac.
1413 4798 1434 4864 t)
1460 4799 1633 4851 benefaciatis
1651 4818 1672 4850 c.
1783 4797 1814 4863 u)
1839 4788 1995 4854 constitutori.
2013 4821 2034 4856 c.

408 4885 436 4950 v)
457 4886 597 4937 munitates
619 4902 640 4936 c.
745 4881 780 4946 vr)
803 4882 838 4932 In
859 4899 941 4948 morp.
963 4883 1051 4948 pluma
1074 4880 1207 4933 Theotisca
1229 4883 1362 4934 nonnullis
1380 4883 1470 4935 titteris
1487 4885 1591 4936 usas
1668 4891 1698 4936 ut
1714 4885 1857 4952 uudgisemi
1935 4889 2034 4942 hahtot.

408 4970 436 5036 x)
455 4971 562 5022 dicionis
578 4987 598 5021 c.
703 4965 731 5035 y)
749 4983 902 5019 conservare
920 4984 941 5018 c.
1046 4966 1071 5031 a)
1090 4967 1185 5018 Gloaeo
1208 4967 1237 5017 in
1261 4984 1345 5033 morp.
1368 4969 1439 5019 initio
1463 4977 1584 5021 trmwoto
1671 4971 1725 5022 idiu
1812 4973 1906 5025 siuhau
1929 4975 2034 5028 uuirdit.
2052 4985 2078 5024 ss

408 5057 436 5122 a)
455 5063 545 5108 cusum
561 5072 583 5107 c.
662 5053 688 5118 b)
708 5053 891 5120 praestantiore
909 5069 930 5104 c.
1018 5052 1043 5116 c)
1062 5053 1179 5119 mitigare
1197 5069 1217 5103 c.
1307 5052 1334 5118 d)
1351 5054 1396 5120 qui
1415 5072 1435 5105 c.
1518 5053 1542 5118 e)
1562 5056 1686 5107 decimam
1705 5074 1726 5108 c.
1805 5057 1830 5122 f)
1848 5059 1996 5112 dividumm
2013 5079 2034 5114 c.

407 5146 435 5212 g)
460 5144 605 5195 simultates
622 5158 644 5192 c.
737 5139 765 5204 h)
785 5139 869 5191 Verbo
885 5148 1008 5206 corrupto
1025 5139 1159 5203 videnum
1180 5141 1297 5206 formare
1316 5149 1375 5192 oute
1393 5142 1448 5192 sine
1466 5141 1638 5208 supplendum
1655 5143 1789 5208 estquod,
1812 5145 1935 5196 muniuit
1952 5146 2036 5212 Perta,

408 5239 432 5282 ct
443 5248 496 5296 pre
515 5228 605 5294 augeri
623 5225 812 5279 euveudaudum
830 5227 926 5277 auderi.
1013 5225 1033 5289 i)
1052 5225 1178 5277 ecclesiae
1196 5241 1264 5276 corr.
1283 5225 1393 5278 ecclesia
1410 5244 1432 5278 c.

511 5432 557 5498 25)
576 5428 659 5485 Laod,
677 5429 841 5496 auso-33.
895 5429 941 5498 26)
962 5429 1019 5496 Csr.
1037 5429 1153 5485 Decreta
1174 5429 1278 5485 curus·
1294 5431 1370 5499 cai,
1391 5447 1477 5500 supra
1493 5433 1541 5488 lin.
1555 5433 1666 5488 35-37.
1719 5432 1765 5501 27)
1785 5433 1862 5488 Gom.
1881 5433 1955 5504 Moy.
1974 5434 2033 5502 847,

407 5549 428 5587 c.
446 5533 492 5602 11,
519 5547 605 5600 saepta
624 5547 655 5600 p.
674 5531 732 5586 179.
843 5531 887 5600 28)
911 5531 987 5587 Ibid.
1010 5536 1074 5588 ab.
1182 5534 1228 5604 29)
1252 5532 1352 5586 Mattb.
1372 5535 1413 5601 18,
1428 5535 1486 5589 8.9.
1594 5535 1640 5604 30)
1660 5534 1717 5604 Ofr.
1739 5534 1805 5610 cap.
1824 5536 2033 5610 warnacarii,
2052 5553 2078 5594 eo

408 5649 494 5703 supra
507 5649 536 5702 p.
551 5635 592 5702 12,
610 5650 632 5690 c.
645 5635 677 5700 2,·
695 5633 874 5705 Meidvctbcct,
893 5635 965 5692 Hist.
986 5635 1107 5709 Frisissp.
1123 5639 1142 5692 I
1154 5638 1177 5706 b,
1190 5655 1220 5708 p.
1233 5639 1285 5694 268
1296 5654 1342 5707 sq,
1360 5654 1404 5693 nr.
1416 5639 1475 5694 510.
