4590 6420
360 443 629 499 ADDl'l'AMFlN'l'A
649 443 931 500 euomuisse.
953 441 1135 497 Fasuclas
1153 440 1343 498 OCOIDENT.
1363 439 1512 511 (KAROLI
1525 439 1571 509 ll).
1590 469 1621 479 -
1641 439 1690 497 Nr.
1702 440 1761 495 293.
1812 445 1874 505 405

359 621 409 683 26.
445 618 695 705 Suggerendum
718 626 769 683 est
792 617 913 684 etiamlt
937 624 970 682 et
993 639 1035 683 ex
1059 617 1168 682 divino
1185 616 1337 682 mandate
1353 616 1568 681 intimandum
1585 617 1695 702 regiae
1711 615 1874 701 dignitati,
1892 621 1952 676 815.

251 723 300 788 ut¹
324 723 534 810 episcopium,
557 723 643 809 quod
668 723 784 787 domus
808 723 982 808 episcopim
1004 723 1198 808 appellatur,
1222 722 1466 808 qualiscumque
1491 722 1533 787 sit
1557 721 1589 786 in
1614 723 1717 786 oculis
1741 720 1874 786 Domini

251 829 440 913 episcopus,
471 827 543 913 ipse
575 834 684 892 tamen
709 848 728 890 a
750 847 828 911 rege
852 846 965 910 regum
994 846 1054 889 rex
1077 827 1288 904 constitutus,
1321 845 1379 910 pro
1404 827 1578 891 sanctitate
1602 825 1722 890 ordinis
1746 827 1871 913 episco-

251 932 349 1017 palis,
379 932 464 996 sieut
497 936 628 996 sanctus
652 921 867 1016 Gregorius7⁰
890 928 952 993 ad¹¹
975 929 1190 994 Fortunatum
1215 928 1310 994 docet
1333 930 1537 1016 episcopum,
1565 928 1817 994 venerabiliter⁰
1841 933 1875 993 et

221 1055 233 1091 ι
253 1043 444 1101 reverenter
466 1035 623 1114 introeat,
649 1042 703 1099 etr
727 1033 905 1099 secundum
930 1040 1074 1098 sanctam
1099 1031 1387 1119 praedecessorum
1410 1032 1711 1113 consuetudinem,
1744 1032 1873 1120 quande

252 1139 407 1203 orationis
439 1147 472 1204 et
499 1138 629 1204 debitae
658 1137 877 1224 susceptionis
907 1137 1012 1222 gratia
1043 1137 1074 1200 in
1104 1136 1242 1201 transitu
1271 1138 1479 1202 convenienti
1507 1139 1673 1202 civitatem
1705 1139 1874 1223 ingressus

250 1243 381 1322 fuerim,
404 1242 599 1307 habitaculis
623 1241 864 1328 episcopalibus
895 1246 1084 1324 reverenter
1114 1239 1288 1317 inhabitet,
1318 1248 1351 1304 ct
1383 1262 1448 1306 non
1477 1240 1658 1306 diversoria
1680 1241 1873 1305 feminarum

251 1347 495 1432 magnificentia
517 1368 576 1412 sua
599 1353 633 1412 et
654 1347 769 1430 religio
794 1344 989 1411 venerabilis
1018 1344 1140 1408 ibidem
1171 1344 1260 1408 lierir
1283 1344 1459 1430 permittat.
1510 1343 1596 1417 Quia
1623 1344 1666 1408 si·
1696 1343 1873 1408 secundum

251 1451 342 1536 leges
368 1443 575 1516 canoniea-fl
600 1451 634 1515 in
657 1451 843 1516 mansiones
872 1450 1064 1514 clericorum
1093 1449 1242 1513 introitus
1271 1449 1465 1514 feminarum
1496 1449 1724 1537 prohibentur,
1753 1457 1874 1535 quanto

211 1575 235 1614 ιι
254 1556 357 1641 magia
372 1554 486 1620 domus
503 1554 646 1640 episcopi
671 1555 712 1618 ab
728 1552 932 1618 huiusmodit
955 1552 1189 1618 inhabitatione
1213 1559 1267 1616 et¹²
1290 1553 1550 1632 couversatione,
1571 1555 1669 1618 etiam
1693 1561 1727 1619 et
1750 1575 1769 1618 a
1792 1554 1873 1638 legi-

253 1661 331 1724 timo
356 1661 493 1725 conubio
518 1661 763 1744 coniugatorum
787 1657 887 1723 debet
909 1658 1050 1721 inmunis
1082 1677 1156 1721 esse
1181 1665 1214 1722 et
1236 1657 1362 1721 aliena?
1398 1657 1464 1722 Sed
1488 1664 1521 1723 et
1543 1659 1755 1723 inmunitates
1779 1681 1874 1744 prae-

253 1763 438 1828 cedentium
462 1763 693 1850 imperatorum
724 1782 762 1826 ac
791 1781 904 1846 regum
935 1761 975 1824 ab
1005 1759 1189 1824 huiusmodi
1217 1759 1355 1847 longiori
1386 1770 1418 1827 et
1447 1761 1599 1827 diuturna
1629 1764 1875 1826 conversatione

253 1873 287 1930 et
310 1867 584 1932 commorationev
607 1886 721 1951 regum
751 1873 784 1930 et
813 1884 1090 1951 quorumcumque
1115 1864 1296 1950 potentium
1328 1886 1365 1929 ac
1389 1865 1582 1929 secularium
1607 1886 1818 1953 personarum
1842 1867 1874 1930 in

254 1971 422 2057 episcopio
447 1970 631 2058 prohibent.
678 1969 886 2056 Quapropter
909 1975 942 2032 et
965 1967 1120 2031 divinitus
1149 1975 1182 2032 et
1205 1967 1392 2032 humanitus
1417 1970 1586 2034 sancitasw
1609 1969 1734 2034 divinas
1758 1976 1791 2034 et
1815 1970 1874 2034 hu-

212 2099 236 2136 ιι
253 2095 367 2139 manas
392 2077 480 2161 leges
504 2080 612 2140 vestra
635 2072 764 2138 devotio
788 2081 821 2138 et
852 2072 995 2157 dignitas
1019 2071 1193 2137 observare
1217 2073 1375 2151 curabit¹,
1407 2074 1434 2137 si
1465 2080 1498 2138 et
1524 2073 1579 2137 iu¹
1608 2074 1744 2138 caelesti
1773 2093 1876 2158 regno

252 2185 305 2242 ety
327 2179 362 2242 in
383 2185 534 2244 terrenoy
558 2178 697 2243 feliciter
720 2177 839 2262 cupitis
862 2175 1056 2261 prosperari.
1525 2165 1526 2168 ¹

361 2303 412 2362 27.
447 2297 532 2372 Quia
556 2298 713 2363 hactenus
736 2302 869 2384 propter
885 2295 1031 2360 diversas
1047 2296 1281 2362 necessitatum
1298 2297 1582 2363 incommoditates
1606 2298 1702 2362 aliter
1726 2319 1781 2362 vos
1806 2298 1876 2362 lieri

253 2405 509 2489 incompetentia
531 2403 696 2490 compulit,
721 2423 818 2489 quam
842 2401 1017 2466 salubritas
1040 2403 1242 2488 poposcisset
1265 2408 1298 2466 et
1321 2401 1476 2466 honestas
1500 2407 1598 2487 atquc
1621 2401 1745 2465 utilitas
1761 2407 1874 2487 postu·

253 2510 387 2588 lassent,
412 2515 522 2573 vestra
545 2506 691 2572 studebit
712 2505 901 2591 magnitudo
925 2506 1097 2570 obniuiusz
1121 2505 1332 2584 observare*,
1361 2515 1412 2582 ut,
1436 2505 1564 2592 quando
1589 2506 1745 2570 transitus
1770 2510 1878 2570 vester

210 2631 237 2670 ao
255 2613 347 2676 iuxta
370 2612 518 2677 civitates
542 2608 705 2688 acciderit,
729 2610 880 2674 inmunes
903 2615 936 2673 et
958 2608 1077 2673 liberas
1099 2614 1212 2700 vestra
1241 2608 1419 2674 dominatio
1449 2611 1581 2675 iubeat⁸
1603 2632 1623 2674 a
1646 2609 1874 2695 depraedatio-

255 2737 330 2781 num
348 2713 629 2781 euastationibusb
652 2713 722 2777 fieri
738 2714 923 2778 mansiones
939 2713 1023 2777 intra
1039 2712 1215 2792 civitatem,
1238 2715 1314 2798 quia
1337 2735 1460 2792 omnes,
1484 2715 1539 2801 qui
1564 2735 1623 2779 sua
1645 2712 1686 2778 ad
1710 2714 1878 2778 civitates⁰

255 2819 459 2900 deferebant,
482 2828 519 2884 ut
541 2817 598 2883 et¹l
622 2818 713 2883 salva
736 2838 884 2903 quaeque
907 2817 971 2881 11ιίο
994 2817 1154 2882 haberent
1177 2825 1210 2881 et
1234 2817 1289 2881 illa
1313 2817 1386 2903 plus
1413 2817 1546 2908 pacifice
1563 2809 1790 2896 vendereut72,
1813 2819 1876 2882 iem

256 2923 303 2987 ct‘
330 2923 390 2987 hoc
422 2923 587 3007 refugiunt
617 2931 650 2987 et
683 2921 840 3007 pristinae
871 2920 1081 2984 inmunitates
1112 2929 1145 2984 et
1174 2921 1438 2986 confirmationes
1468 2921 1704 3006 infringuntur,
1739 2921 1815 2985 dum
1845 2930 1878 2986 et

255 3028 344 3092 cives
368 3028 409 3092 ab
428 3027 612 3112 hospitibus
629 3026 855 3112 opprimuntur
878 3030 932 3088 et8
954 3023 994 3088 ab
1018 3023 1079 3103 his,
1105 3046 1124 3087 a
1147 3025 1265 3109 quihus
1282 3047 1345 3089 non
1363 3025 1468 3088 solum
1486 3024 1741 3111 opprimunturss,
1765 3046 1878 3090 verum

211 3153 236 3192 as
256 3139 289 3196 ct
312 3131 535 3217 diripiunturl,
560 3152 619 3195 sua
642 3150 706 3193 non
731 3128 836 3192 solum
860 3127 1002 3193 vendere
1027 3127 1249 3213 prohibentur,
1274 3127 1332 3194 sed
1355 3135 1388 3193 et
1410 3136 1545 3215 propter
1561 3128 1781 3215 direptionem
1806 3136 1880 3215 post

256 3257 312 3300 eos
336 3257 409 3300 cum
431 3236 555 3322 gemitu
579 3233 720 3298 clamare
744 3237 912 3317 coguntur.

364 3359 415 3421 28.
449 3353 508 3420 Ut¹
531 3355 623 3441 regis
645 3353 887 3438 magnificentia
909 3351 1097 3418 liberiorem
1120 3353 1305 3420 libertatem
1323 3354 1486 3441 episcopis
1510 3353 1551 3418 sd
1574 3351 1693 3418 suum¹¹
1716 3373 1879 3439 peragen-

257 3459 332 3523 dum
357 3459 388 3524 in
413 3479 525 3524 eorum
549 3456 728 3544 parrochiis
745 3456 961 3520 ministerium
969 3454 986 3536 ¹,
1011 3477 1108 3540 quam
1125 3457 1284 3523 hactenus
1300 3464 1435 3545 propter
1451 3457 1599 3523 diversas
1615 3457 1880 3544 perturbationes

257 3560 458 3640 habuissent,
481 3562 651 3626 manimem
673 3561 705 3624 in
729 3559 957 3624 sacratissimis
981 3561 1192 3646 temporibus,
1215 3560 1487 3647 quadragesimae
1512 3563 1638 3626 scilicet
1661 3569 1695 3626 et
1718 3560 1879 3625 adventus

215 3694 240 3733 ro
258 3667 400 3746 Domini,
424 3651 556 3744 tribuat,
580 3665 733 3752 quatinus
757 3669 790 3729 et
813 3664 997 3750 periculum
1020 3671 1053 3729 et
1075 3664 1161 3751 ipsin
1184 3667 1330 3752 episcopi
1359 3672 1392 3731 et
1415 3667 1507 3751 regia
1530 3665 1694 3751 dignitas⁰
1717 3665 1880 3731 salubrius

258 3781 336 3856 prot
359 3770 540 3834 ministerio
562 3768 622 3833 sibi
647 3768 819 3833 commisso
843 3773 876 3830 et
898 3766 1048 3852 neglecto
1076 3768 1201 3853 possint
1231 3768 1371 3835 evadere
1400 3775 1433 3835 et
1463 3791 1521 3856 pro
1545 3776 1699 3834 strenue<l
1723 3777 1881 3834 exsecuto

258 3872 400 3938 divinam
422 3871 678 3937 misericordiam
701 3872 763 3936 sibi
787 3870 979 3934 conciliarer
993 3855 1250 3957 praevaleant&
1296 3873 1364 3959 Ipsi
1389 3879 1498 3938 autem
1521 3874 1663 3959 episcopi
1687 3894 1881 3937 eoncessum

259 3978 319 4042 sihi
343 3978 443 4042 otium
466 3998 532 4041 non
555 3977 587 4042 in
611 3997 686 4041 suas
710 3975 922 4060 voluptstos⁸,
948 3973 1061 4038 sedin
1085 3973 1228 4038 divinum
1252 3983 1285 4040 et
1301 3976 1482 4040 officiosum
1499 3984 1689 4041 convertant
1704 3977 1881 4061 negotium,

259 4091 418 4168 quatenus
440 4082 609 4148 studentes
634 4079 884 4168 praedicationi*
908 4085 963 4143 et¹¹
987 4079 1198 4144 correctioniu
1222 4085 1321 4166 atque
1346 4080 1590 4161 confirmationi,
1614 4079 1700 4165 quod
1723 4079 1882 4144 hactenus

216 4289 240 4330 aa
364 4273 389 4338 *)
411 4269 490 4326 cmc.
508 4271 533 4324 2.
551 4272 636 4326 4-6.
655 4272 679 4324 3.
699 4268 819 4322 addunt:
838 4271 871 4323 ut
889 4267 1018 4323 civitates
1037 4285 1086 4338 per
1104 4268 1178 4338 regis
1196 4268 1346 4324 transitum
1364 4285 1419 4323 non
1439 4268 1684 4339 depraedantem&

361 4447 389 4510 1ι)
409 4465 457 4500 eoa.
475 4447 500 4500 9.
582 4447 601 4512 1)
621 4466 668 4499 om.
691 4447 729 4500 10.
744 4447 783 4498 ll.
866 4447 902 4512 ιιι)
921 4447 970 4498 Dei
990 4444 1029 4498 10.
1051 4444 1089 4496 ll.
1177 4445 1206 4511 n)
1225 4464 1274 4499 οιιι.
1291 4444 1316 4499 4.
1404 4445 1430 4510 ο)
1449 4447 1614 4498 venerabitur
1633 4446 1656 4498 1.
1744 4444 1771 4512 p)
1790 4453 1816 4496 et
1833 4481 1839 4495 .
1856 4480 1882 4496 ..

258 4537 410 4588 consuetud.
428 4554 476 4589 oon.
495 4534 519 4587 4.
590 4536 617 4603 q)
636 4537 766 4588 civitatem
785 4535 847 4587 add.
866 4534 890 4585 1.
961 4531 984 4594 r)
1001 4549 1050 4585 οιιι.
1065 4531 1104 4585 11.
1173 4532 1196 4597 s)
1214 4551 1261 4584 orn.
1282 4532 1304 4584 1.
1319 4531 1343 4583 9.
1414 4533 1435 4596 t)
1454 4534 1532 4585 hrrius
1545 4532 1584 4583 ll.
1674 4533 1703 4597 u)
1722 4549 1770 4583 om.
1784 4530 1808 4582 2.
1821 4529 1845 4583 3.
1858 4529 1882 4581 9.

257 4621 286 4685 v)
304 4623 542 4675 commemoratione
562 4621 636 4674 1-3.
657 4621 696 4675 ll.
772 4620 806 4689 w)
825 4622 949 4674 sanctitas
966 4628 992 4672 et
1010 4619 1034 4670 1.
1104 4618 1132 4682 x)
1151 4621 1255 4671 curavit
1271 4620 1308 4670 sic
1326 4621 1354 4670 in
1373 4619 1396 4672 1.
1475 4619 1502 4687 y)
1520 4629 1546 4673 et
1629 4629 1729 4672 terreno
1748 4637 1796 4671 ons.
1815 4617 1839 4670 4.
1858 4617 1882 4670 9.

258 4709 282 4772 z)
301 4710 429 4762 obnoxius
446 4707 472 4760 2.
490 4707 514 4760 3.
584 4707 610 4773 ι)
629 4710 728 4761 iubebit
747 4708 775 4774 l;
800 4710 906 4760 iubebat
924 4705 948 4760 3.
1019 4707 1046 4771 b)
1065 4706 1141 4770 ita13
1160 4707 1337 4760 exactionibus
1355 4707 1413 4759 rell.
1483 4707 1507 4770 c)
1527 4707 1631 4758 civitate
1649 4703 1674 4757 2.
1692 4703 1717 4770 3,
1736 4723 1802 4758 corr.
1822 4707 1884 4758 civi·

215 4811 240 4848 so
257 4802 336 4848 tatem
354 4794 384 4857 2;
415 4797 545 4848 civitatem
564 4793 588 4846 9.
693 4795 719 4860 ι1)
735 4797 767 4848 ad
793 4794 814 4846 1.
920 4794 945 4863 e)
969 4813 1017 4848 om.
1041 4792 1065 4845 9.
1171 4795 1194 4859 s)
1214 4812 1263 4846 om.
1280 4791 1305 4844 4.
1410 4792 1439 4862 g)
1462 4801 1488 4844 st
1510 4833 1515 4844 .
1534 4831 1565 4844 ..
1590 4794 1769 4860 opprimuntur
1791 4811 1839 4846 ons.
1860 4793 1881 4844 1.

258 4880 287 4949 1ι)
305 4885 483 4951 deprimuntur
501 4884 525 4935 b.
543 4880 567 4933 6.
672 4885 692 4950 1)
710 4885 786 4947 Quod
803 4901 820 4935 a
838 4901 898 4951 rege
921 4883 1103 4951 postulandum
1120 4883 1167 4946 sit,
1191 4889 1222 4934 ut
1240 4883 1350 4948 episcopi
1370 4889 1482 4948 tempore
1500 4889 1643 4946 opportuno
1661 4881 1694 4930 ad
1713 4880 1884 4930 ministerium

259 4970 308 5021 sihi
328 4971 491 5022 commissum
509 4979 602 5022 vacare
621 4971 719 5036 possim
736 4971 807 5023 rubr.
825 4971 853 5021 in
867 4969 907 5022 12.
977 4971 1005 5032 k)
1024 4987 1072 5020 om.
1092 4967 1132 5020 12.
1202 4969 1221 5033 l)
1240 4977 1352 5036 praestet
1369 4968 1432 5019 odd.
1453 4965 1492 5019 12.
1563 4967 1598 5032 ιιι)
1618 4968 1729 5020 maxime
1814 4983 1885 5034 pras·

259 5055 429 5120 calesmata.
442 5055 487 5122 32)
500 5074 548 5109 orn.
560 5054 599 5107 12.
664 5057 692 5123 ιι)
705 5058 727 5108 si
739 5058 851 5124 episcopi
865 5055 887 5108 7.
900 5055 928 5117 8;
942 5057 1018 5124 episc.
1032 5057 1079 5123 ipsi
1090 5056 1114 5108 5.
1124 5054 1149 5106 c.
1213 5055 1239 5120 o)
1251 5055 1373 5107 divinitas
1383 5053 1407 5105 2.
1473 5051 1500 5120 p)
1514 5071 1559 5122 per
1575 5055 1595 5105 1.
1666 5055 1694 5119 q)
1707 5060 1811 5105 strenuo
1824 5051 1848 5104 2.
1859 5051 1884 5103 3.

259 5141 282 5210 r)
300 5143 428 5194 consiliari
448 5141 471 5194 1,
564 5141 586 5206 s)
605 5144 752 5194 voluntates
771 5141 795 5194 1·.
882 5140 903 5208 t)
922 5142 1165 5209 praedicationibus,
1184 5159 1232 5192 ens.
1251 5149 1285 5206 ct,
1302 5137 1379 5192 2-4.
1400 5137 1441 5190 12.
1529 5143 1556 5198 ιι)
1576 5155 1624 5190 em.
1644 5137 1668 5189 7.
1686 5137 1710 5189 8.

215 5331 240 5370 ιι
362 5315 407 5383 70)
428 5313 484 5380 Osa.
508 5313 631 5385 Gregorii
644 5313 669 5367 Ι.
688 5313 802 5382 chistr.
820 5313 864 5367 lib.
881 5312 948 5381 111,
965 5329 1003 5381 ep.
1016 5312 1064 5380 60,
1083 5312 1145 5367 EE.
1159 5311 1182 5379 I,
1197 5327 1225 5380 p.
1239 5311 1299 5379 219,
1317 5309 1391 5376 Jofft
1408 5311 1425 5365 7.
1438 5325 1459 5363 c.
1480 5307 1523 5375 1²,
1541 5323 1585 5364 ar.
1599 5309 1674 5364 1265.
1761 5309 1806 5374 71)
1828 5307 1883 5373 Ufr.

258 5433 342 5486 supro
356 5433 383 5486 p.
397 5419 444 5485 33,
462 5423 518 5472 aot.
530 5419 651 5474 53-55.
746 5416 790 5487 72)
813 5415 867 5484 dtr.
887 5417 1022 5484 Βιιιιιιιιι,
1048 5415 1111 5470 RG.
1124 5416 1170 5482 11,
1191 5417 1325 5485 pitisso.
1414 5415 1458 5484 73)
1478 5413 1554 5482 Quos
1572 5413 1661 5479 serbo,
1684 5428 1743 5466 cam
1761 5429 1779 5464 o
1797 5417 1885 5466 maore

259 5523 341 5575 haias
357 5522 473 5591 capituli
486 5538 602 5591 prorem
619 5521 779 5576 obhemsoat
797 5521 871 5590 (esra
901 5538 950 5591 per
968 5519 1043 5589 regis
1061 5519 1210 5574 transitum
1234 5524 1272 5573 et:
1299 5521 1391 5573 vestra
1414 5517 1597 5586 magnitudo,
1620 5516 1755 5570 transitus
1774 5519 1885 5584 vester),

259 5625 436 5694 rependeant
454 5643 513 5679 creso
523 5627 647 5681 melicas
667 5642 753 5694 supra
768 5642 796 5694 p.
809 5626 869 5680 392.
888 5625 979 5692 meae,
998 5623 1067 5676 stilai
1078 5628 1151 5684 mem,
1170 5622 1224 5675 nisi
1236 5639 1340 5676 mammo
1358 5623 1465 5690 capitis,
1482 5639 1552 5690 quoe
1569 5622 1600 5673 in
1617 5621 1737 5690 margins
1754 5619 1887 5690 ordume

262 5730 357 5799 amplo
377 5711 463 5784 essere
480 5731 581 5784 scribae
598 5731 645 5784 hoc
663 5731 719 5786 loco
736 5731 767 5783 in
784 5735 931 5784 molestam
946 5729 1038 5798 pairs
1056 5733 1099 5782 eat.
