4568 6420
488 431 729 487 WALAFRIDUS
748 432 794 486 DII
812 433 981 488 uxouous
1000 433 1046 488 ΕΤ
1065 434 1314 489 lucoauuurls
1334 435 1416 491 aaa.
1435 435 1533 491 abab.
1552 454 1574 492 e.
1587 437 1631 492 23.
1812 441 1874 501 497

248 606 299 668 vel
324 605 539 690 religiositate
563 606 717 678 maiores,
742 606 800 670 sed
825 608 901 692 quia
924 608 970 671 illi
997 611 1139 674 maxime
1165 610 1322 672 curabant
1346 608 1386 672 ab
1410 609 1602 673 infidelitate
1625 609 1686 673 ad'
1709 608 1823 685 fidem,
1857 631 1876 672 a

248 709 393 774 tenebris
423 709 571 774 homines
600 709 640 772 ad
663 710 771 773 lucem
799 731 919 775 vocare
949 717 982 776 et
1015 713 1049 776 in
1077 713 1213 777 veritate
1246 712 1382 776 stabiles
1415 712 1572 794 reddere,
1606 714 1678 799 ipsa
1714 713 1874 777 facilitate

251 811 419 897 religionis
442 812 575 892 melius,
609 813 693 896 quod
723 813 887 894 volebant,
917 814 1052 879 rudibus
1082 815 1281 900 persuadere
1311 822 1502 902 potuerunt;
1532 815 1618 880 unde
1651 816 1764 892 etiam,
1794 816 1877 880 sicut

251 905 417 999 legitur²²‚
442 915 613 980 credentes
636 918 763 1001 primo·
786 917 826 981 de
850 917 1002 1002 gentibus
1018 917 1174 1002 legalium
1198 918 1343 1003 pondere
1367 917 1594 982 mandatorum
1618 917 1757 1004 deprimi
1782 918 1876 982 nolu-

210 1036 221 1074 ι
251 1025 355 1083 erunt.
406 1018 503 1084 Multi
534 1021 646 1104 itaque
676 1021 761 1106 apud
792 1019 917 1085 Grecos
947 1029 979 1085 et
1009 1021 1145 1086 Latinos
1174 1022 1294 1086 missae
1323 1021 1485 1104 ordinem,
1519 1027 1556 1086 ut
1586 1021 1648 1086 sibi
1679 1022 1784 1086 visum
1816 1028 1877 1101 est,

250 1129 450 1197 statuerunt;
474 1129 506 1186 et
528 1123 669 1187 Romani
693 1123 823 1208 quidem
847 1145 941 1189 usum
966 1125 1254 1190 observationumb
1278 1146 1297 1189 a
1320 1124 1416 1190 beato
1433 1125 1551 1190 Ριιιιοο
1576 1125 1721 1210 principe
1745 1130 1877 1210 aposto·

249 1226 353 1290 lorum
378 1227 576 1311 accipientes
604 1228 671 1292 suis
696 1227 836 1313 quiquetl
859 1229 1078 1313 temporibus,
1109 1250 1193 1313 quae
1217 1249 1361 1313 congrua
1383 1228 1526 1292 iudicata
1550 1233 1641 1304 sunt,
1671 1226 1877 1292 addiderunt.

250 1328 395 1402 Quorum
426 1340 568 1395 ιιιοιοιιιο
598 1331 672 1396 ideo
700 1333 732 1396 in
758 1333 859 1396 sacris
891 1331 988 1396 rebus
1020 1340 1087 1396 tam
1115 1333 1236 1397 multae
1266 1338 1381 1416 gentes
1411 1332 1592 1414 imitantur,
1622 1332 1698 1416 quia
1721 1329 1776 1396 et‘
1798 1331 1879 1394 tanti

250 1435 439 1518 magysterii
474 1455 515 1498 ex
550 1436 642 1520 epioe
673 1436 851 1519 apostolico
883 1435 1091 1520 primordiiass
1123 1435 1247 1500 clarent
1278 1435 1332 1500 et¹¹
1367 1435 1456 1500 nulla
1486 1456 1545 1520 per
1575 1435 1686 1500 orbem
1722 1432 1878 1498 ecclesia¹

199 1553 224 1594 ιο
250 1536 375 1621 aeque¹¹
397 1543 433 1601 ut
448 1537 597 1602 Romana
613 1538 654 1602 ab
674 1539 762 1602 omni
786 1537 893 1604 faece¹
912 1539 1102 1604 hereseonm
1124 1540 1250 1603 cunctis
1268 1545 1353 1602 retro
1370 1537 1573 1624 temporibus
1589 1559 1671 1622 pura
1688 1538 1878 1623 permansit.

250 1638 444 1705 Ambrosius
468 1661 596 1726 quoque
613 1641 867 1706 Mediolanensis
885 1643 1056 1729 episcopus
1074 1648 1140 1707 tam
1158 1644 1286 1722 missae,
1310 1663 1405 1727 quam
1429 1650 1611 1707 ceterorum
1631 1641 1878 1727 dispositionem

253 1743 434 1809 officiorum
458 1766 537 1809 suae
555 1745 713 1810 ecclesiae
738 1754 771 1810 et
793 1747 866 1810 aliis
882 1746 1081 1831 Liguribus¹²
1104 1746 1275 1827 ordinavit,
1300 1767 1383 1832 quae
1408 1753 1440 1809 et
1456 1767 1560 1831 usque
1583 1745 1680 1810 hodie
1704 1747 1736 1809 in
1752 1744 1879 1810 Medio-

251 1847 378 1912 lanensi
395 1853 545 1912 tenetur⁰
569 1849 721 1913 ecclesia.
751 1847 879 1933 Igitur-1²
896 1849 1041 1913 ordinem
1060 1851 1179 1914 missae
1196 1849 1374 1929 Romanae,
1393 1855 1429 1913 ut
1446 1869 1627 1934 possumus,
1648 1858 1879 1934 exequamurp.

359 1952 566 2037 Antiphanes
590 1952 631 2017 ad
654 1953 820 2016 introitum
843 1952 951 2018 dicere
976 1952 1183 2018 Caelestinus
1207 1973 1293 2038 papa
1316 1941 1451 2016 XLV.²³
1473 1953 1625 2031 instituit,
1654 1953 1737 2016 sieut
1760 1952 1881 2036 legitur

200 2082 224 2120 n
250 2055 410 2140 ingestis
434 2056 621 2141 pontificum
640 2046 907 2135 Romanorum2⁴‚
931 2078 1003 2120 curn
1022 2057 1063 2120 ad
1090 2058 1161 2120 eius
1185 2077 1289 2140 usque
1306 2062 1454 2140 tempora
1470 2061 1545 2120 ante
1570 2055 1765 2120 sacrificium
1782 2055 1879 2120 lectio

251 2179 317 2223 una
340 2159 479 2244 apostoli
503 2164 629 2223 tantum
658 2164 691 2223 et
715 2160 922 2245 evangelium
945 2161 1120 2243 legeretur.
1165 2158 1347 2224 Laetaniae
1371 2165 1492 2236 autern,
1523 2179 1608 2243 quae
1633 2165 1826 2244 sequuntur,
1849 2156 1881 2220 id

252 2269 301 2328 est
323 2261 449 2348 Kyriea
471 2263 595 2326 eleison
626 2269 675 2326 etr
699 2261 847 2327 Christe·
870 2264 995 2328 eleison
1019 2285 1039 2327 a
1060 2264 1238 2328 Grecorum
1263 2285 1324 2328 usu
1348 2269 1498 2348 sumptae
1522 2261 1708 2341 creduntur,
1733 2261 1809 2346 quia
1833 2261 1882 2325 et2

253 2363 357 2430 Greca
387 2372 462 2430 sunt
490 2365 591 2430 verba
620 2373 653 2430 et
681 2387 721 2430 ea
751 2367 813 2451 ipsi
841 2365 939 2432 Greci
968 2367 1099 2452 saepius
1129 2368 1162 2430 in
1192 2367 1258 2430 suis
1287 2367 1408 2430 iterant
1430 2366 1547 2429 missis.
1593 2363 1736 2428 Ymnum
1771 2369 1882 2426 autem

254 2469 453 2552 angelicum,
483 2471 517 2532 in
548 2489 610 2554 quo
639 2470 752 2555 paucis
776 2468 899 2548 verbis,
931 2479 1035 2553 quaeu
1064 2470 1105 2534 ab
1129 2470 1256 2554 angelis
1281 2470 1369 2534 circa
1396 2469 1600 2533 nativitatem
1629 2467 1826 2532 dominicam
1850 2467 1882 2529 in

200 2597 226 2636 ao
252 2571 371 2638 laudev
386 2572 449 2636 Dei
473 2579 547 2636 sunt
570 2574 707 2658 prolata,
732 2578 910 2658 sequentes
928 2574 1032 2636 saneti
1048 2581 1158 2658 patres
1176 2572 1217 2636 ad
1234 2581 1465 2636 communemw
1489 2576 1622 2636 sanctae
1646 2575 1680 2633 et
1695 2569 1883 2634 individuae

253 2676 406 2740 trinitatis
429 2675 648 2740 laudationem
668 2675 873 2742 dulcissimas
898 2682 931 2740 et
955 2676 1268 2759 congruentissimas
1290 2675 1449 2738 dictiones
1480 2673 1685 2753 addiderunt,
1709 2681 1776 2753 ut¹,
1800 2674 1883 2737 sicut

253 2780 322 2843 eius
346 2779 538 2864 principium
562 2800 581 2842 a
598 2778 795 2842 caelestibus
812 2787 863 2844 est
879 2779 1064 2844 ordinatum
1089 2781 1255 2860 ministris,
1278 2779 1324 2843 ita
1342 2779 1440 2842 etiam
1464 2783 1532 2842 tota
1552 2779 1623 2842 eius
1648 2778 1749 2842 series
1767 2777 1883 2841 divinis

253 2888 341 2946 esset
356 2883 452 2966 plena
468 2881 647 2966 mysteriis:
671 2882 773 2958 illurn,
791 2883 933 2967 inquam,
951 2903 1086 2967 ymnum
1103 2889 1200 2947 anter
1217 2881 1410 2946 sacrificium
1427 2881 1503 2961 dici,
1526 2881 1771 2967 Thelesphorus
1789 2871 1882 2945 IX.¹⁴

252 2983 470 3050 Romanorum
487 2985 618 3071 praesul
635 2976 850 3064 eonstituit25,
874 2993 910 3049 ut
927 2985 968 3050 ad
987 2993 1097 3052 tantae
1116 2987 1299 3052 sanctitatis
1316 2985 1592 3049 caelebrationem
1610 2991 1881 3070 congregatorum

201 3115 226 3154 rs
254 3090 353 3154 animi
375 3089 543 3174 angelicae
568 3088 797 3154 modulationis
821 3089 1015 3154 dulcedinez
1038 3091 1269 3154 mulcerentur.
1311 3088 1377 3153 Sed
1399 3089 1432 3152 in
1454 3088 1516 3152 hoc
1539 3088 1609 3154 loco
1626 3089 1738 3173 quaeri
1763 3094 1884 3174 potest,

255 3195 282 3257 si
312 3192 397 3257 idern
427 3214 542 3278 ymnus
570 3193 666 3257 huius
695 3213 800 3278 papae
832 3193 1034 3278 temporibus
1064 3199 1161 3257 ante·
1191 3193 1402 3257 sacrificium·
1434 3193 1542 3278 coepit
1565 3191 1643 3271 dici,
1676 3193 1753 3256 curb
1784 3192 1882 3276 longo

254 3306 402 3383 tempore
425 3304 499 3382 post
521 3297 582 3361 sub
606 3295 793 3362 Caelestino
817 3297 947 3381 legatur
969 3303 1095 3361 tantum
1126 3303 1201 3362 ante
1224 3296 1418 3361 sacrificium
1441 3295 1637 3359 lectionem⁰
1661 3293 1820 3380 apostoli‘l
1852 3301 1884 3360 et

234 3401 463 3486 ‘evangelium
486 3401 720 3486 praecessisse,
750 3406 787 3464 ut
809 3400 865 3464 ille
889 3401 1073 3465 necessario
1097 3400 1138 3463 de
1161 3401 1297 3486 psalmis
1321 3398 1430 3463 David
1458 3398 1663 3483 antiphonas,
1695 3418 1778 3482 quae
1809 3405 1885 3463 ante

255 3507 344 3591 ipsas
369 3504 524 3568 lectiones
549 3510 773 3581 cantarentur,
803 3503 1035 3589 praeposuisse
1059 3501 1218 3567 videatur.
1263 3501 1329 3567 Ubi
1358 3500 1621 3588 respondendum
1645 3505 1695 3563 est
1717 3501 1771 3566 vel
1806 3521 1884 3565 con-

204 3639 230 3679 a
256 3609 406 3673 stitutum
436 3605 566 3692 quidem
593 3606 694 3670 luisse
723 3606 1005 3693 a'Ihelesphoro,
1034 3615 1071 3672 ut
1094 3607 1181 3672 idem
1213 3629 1331 3693 ymnus
1362 3609 1396 3671 in
1424 3607 1531 3693 capite
1560 3605 1680 3670 missae
1710 3603 1885 3687 diceretur,

257 3711 315 3778 aed
338 3711 424 3798 apud
454 3717 602 3796 posteros
632 3711 735 3796 ipsam
760 3711 829 3775 eius
855 3712 1124 3776 constitutionem
1148 3712 1386 3792 intermissam,
1416 3709 1520 3775 donec
1549 3730 1568 3773 a
1591 3709 1886 3793 subsequentibus⁶
2005 3741 2010 3752 ·

256 3814 385 3901 plenius
417 3821 504 3912 totus
528 3814 608 3879 ordo
637 3815 758 3878 missae
783 3823 1048 3900 componeretur,
1072 3814 1125 3878 vel
1148 3816 1193 3879 ita
1217 3820 1375 3879 statutum
1406 3813 1524 3894 abeo,
1554 3813 1681 3898 ut-ipse
1705 3833 1822 3898 ymnus
1852 3814 1885 3876 in

258 3919 391 3981 summis
420 3916 653 3982 festivitatibus
690 3916 741 3981 et‘
767 3939 788 3981 a
816 3919 894 3981 solis
922 3919 1085 4004 episcopis
1113 3924 1342 4003 usurparetur,
1373 3916 1459 4002 quod
1486 3917 1583 3980 etiam
1613 3916 1646 3979 in
1675 3917 1782 4002 capite
1810 3915 1887 3980 libri

257 4027 534 4086 sacramentorum
563 4020 771 4105 designatum
796 4011 958 4085 videtur²⁶
989 4027 1022 4086 et
1049 4021 1122 4086 ideo
1146 4023 1301 4107 seriptum
1332 4041 1405 4085 esse
1429 4039 1533 4104 usque
1564 4018 1605 4082 ad
1628 4024 1778 4104 tempora
1801 4017 1886 4082 Cae-

204 4157 230 4197 25
256 4125 365 4189 lestini
395 4131 471 4189 ante
502 4124 697 4189 sacrificium
729 4124 889 4189 lectiones
918 4131 1065 4189 tantuma
1096 4124 1240 4205 habitas,
1269 4131 1306 4188 ut
1336 4122 1624 4207 subintellegatur,
1653 4122 1801 4207 quamvis
1830 4121 1887 4186 ille

256 4249 373 4312 ymnus
397 4227 561 4293 interdum
576 4235 653 4292 ante
677 4228 792 4292 missas
809 4227 980 4308 diceretur,
1003 4234 1039 4290 ut
1056 4227 1289 4314 praediximus,
1313 4248 1377 4292 non
1392 4227 1496 4291 fuisse
1514 4232 1634 4304 tamen,
1658 4225 1744 4311 quod
1767 4225 1888 4310 iugiter

257 4333 291 4394 in
314 4331 463 4397 omnibus
487 4332 597 4395 missis
621 4330 661 4395 ab
685 4331 837 4396 omnibus
862 4323 1085 4396 sacerdotibus
1108 4337 1185 4396 ante
1208 4331 1366 4396 lectiones
1389 4334 1577 4415 poneretur,
1601 4335 1775 4413 antequam
1799 4327 1886 4393 idem

228 4433 465 4500 Caelestinus
496 4434 694 4520 antiphonas
728 4433 769 4498 ad
796 4434 961 4498 introitum
988 4433 1142 4498 dicendas
1172 4435 1323 4498 instituit.
1368 4432 1432 4498 Vel
1460 4433 1506 4496 ita
1535 4432 1640 4518 potuit
1671 4433 1822 4512 evenire,
1851 4437 1887 4495 ut

259 4536 344 4601 idem
370 4537 577 4602 Caelestinus
601 4536 769 4616 ‘Sanctus,
794 4545 934 4616 sanctus,
958 4543 1090 4602 sanetus
1114 4537 1271 4600 Dominus
1295 4533 1428 4615 Deusl’,
1457 4543 1490 4600 et
1519 4535 1644 4622 reliqua
1666 4534 1762 4599 ante¹¹
1786 4534 1886 4598 sacri-

204 4717 231 4757 ω
362 4694 386 4759 a)
405 4692 455 4745 ιι5.
540 4693 566 4758 a)
584 4694 660 4761 prImi
678 4691 709 4756 33
727 4695 759 4744 de
776 4693 916 4760 gentilibus
934 4692 963 4752 6;
982 4693 1149 4759 diligentibus
1167 4690 1189 4743 I.
1203 4691 1227 4744 8.
1314 4692 1341 4754 b)
1360 4693 1554 4744 observantium
1571 4689 1596 4741 4.
1609 4688 1633 4743 5.
1715 4689 1740 4754 c)
1761 4707 1808 4742 om.
1822 4687 1848 4742 4.
1861 4689 1886 4742 5.

258 4780 286 4849 d)
304 4797 407 4847 quoque
425 4777 450 4832 3.
529 4779 553 4845 e)
572 4798 639 4832 corr.
657 4798 726 4832 moa.
748 4780 794 4832 alt.
814 4797 896 4831 mores
914 4779 944 4840 5;
963 4797 1061 4831 morum
1079 4779 1104 4830 2.
1182 4781 1271 4841 flora.
1283 4777 1308 4830 4.
1389 4778 1417 4845 g)
1436 4795 1503 4830 corr.
1516 4778 1653 4845 primordia
1665 4776 1690 4830 5.
1769 4775 1798 4841 h)
1815 4783 1846 4827 ut
1862 4774 1887 4826 2.

258 4865 278 4935 ἰ)
297 4868 422 4920 ecelesiae
440 4865 466 4918 2.
554 4864 583 4934 k)
602 4881 719 4931 quaeque
736 4863 760 4916 4.
779 4865 804 4917 5.
892 4865 912 4929 l)
931 4868 984 4918 sere
1002 4863 1026 4918 3.
1119 4866 1155 4931 m)
1174 4883 1242 4918 corr.
1261 4883 1330 4918 mart.
1349 4867 1395 4916 alt.
1414 4881 1558 4918 crassorum
1577 4863 1602 4918 5.
1689 4862 1717 4929 ιι)
1735 4863 1887 4930 Luguribue

258 4955 398 5020 (veneticis
417 4954 459 5005 vel
477 4954 568 5005 cemus
592 4953 721 5004 adfinibus
736 4951 835 5018 yloaaa)
855 4951 879 5004 8.
979 4952 1005 5016 ο)
1023 4959 1144 5004 tenentur
1161 4951 1191 5013 43
1215 4954 1380 5004 continentur
1398 4951 1422 5004 I.
1522 4950 1549 5019 p)
1567 4951 1650 5016 Igitur
1730 4965 1888 5014 exequamur

257 5036 492 5104 qvtasirubm'a'l.
562 5037 589 5104 q)
605 5039 676 5090 Kirie
690 5036 713 5088 1.
727 5036 751 5090 7.
822 5039 844 5102 r)
864 5036 987 5090 om.4.5.
1058 5037 1081 5102 a)
1094 5039 1189 5090 Christi
1204 5039 1228 5090 1.
1298 5037 1319 5102 t)
1338 5034 1607 5104 ontoncpmcat.
1678 5033 1707 5102 ιι)
1726 5032 1887 5101 ιιιιιιοᾱιιιιθ.

205 5146 231 5184 ts
257 5125 285 5188 v)
304 5125 406 5177 laudam
424 5123 449 5176 3.
554 5123 587 5190 w)
605 5125 810 5176 communionem
829 5123 853 5176 6.
952 5123 979 5188 x)
998 5141 1045 5175 om.
1064 5122 1088 5174 4.
1195 5124 1222 5190 y)
1242 5132 1380 5191 antequam
1397 5121 1421 5175 5.
1518 5121 1543 5186 a)
1562 5137 1689 5186 repertor.
1709 5136 1778 5171 maa.
1797 5121 1843 5171 alt.
1861 5117 1888 5172 5.

257 5212 282 5276 ιι)
300 5227 427 5276 repertor.
446 5228 515 5263 asca.
535 5211 581 5262 alt.
598 5208 623 5262 4.
703 5209 732 5275 b)
750 5227 810 5262 curn
827 5209 852 5263 5.
935 5209 1116 5274 ellectionem
1135 5207 1159 5260 2.
1248 5210 1276 5273 d)
1295 5227 1343 5261 cm.
1360 5209 1385 5261 5.
1473 5208 1498 5272 e)
1516 5207 1684 5272 sequentibus
1703 5203 1728 5272 3,
1748 5205 1888 5273 Katpy'ler.

258 5297 325 5362 I)et
342 5315 358 5350 a
375 5299 437 5350 solis
455 5315 503 5350 oar.
516 5296 540 5349 2.
627 5295 656 5364 g)
676 5313 723 5348 cm.
742 5293 767 5347 2.
849 5293 878 5359 b)
898 5296 968 5345 Deus
987 5295 1100 5347 Sabaoth
1118 5302 1177 5346 ante
1195 5293 1220 5344 6.

362 5434 407 5503 22)
427 5432 483 5500 Osr.
501 5433 560 5486 Aet.
578 5436 661 5500 apost.
682 5431 723 5494 15,
743 5429 841 5497 aruo.
939 5429 985 5498 23)
1005 5429 1104 5482 Pota'aa
1124 5425 1240 5481 XLIII.
1333 5427 1378 5494 24)
1397 5425 1458 5482 Iab.
1472 5427 1572 5495 pomr's.
1585 5426 1611 5492 1,
1625 5443 1656 5496 p.
1666 5427 1726 5494 230,
1745 5427 1822 5496 §625
1839 5425 1888 5492 cfr.

259 5535 399 5604 Kadpflcr
416 5536 433 5590 l.
451 5552 471 5590 c.
485 5535 568 5603 poe,
585 5539 640 5588 aot.
653 5533 677 5587 2.
691 5534 716 5587 4.
812 5532 858 5601 25)
877 5531 949 5586 Ibid.
964 5533 989 5599 I,
1003 5548 1031 5599 p.
1042 5531 1101 5598 129,
1120 5531 1178 5600 §92
1199 5529 1355 5594 constituIt,
1379 5532 1411 5583 ut
1429 5570 1435 5582 .
1450 5571 1476 5585 ..
1494 5533 1561 5584 ante
1584 5530 1750 5585 sacrificium
1769 5530 1889 5598 hymnus

209 5662 234 5702 ω
261 5639 401 5696 diceretur
418 5640 573 5711 angelmus,
591 5639 644 5694 hoo
662 5640 718 5693 eet:
737 5637 843 5694 ‘Gloria
861 5637 891 5691 in
909 5637 1022 5692 excelsis
1041 5636 1114 5690 Deo'.
1220 5635 1266 5704 26)
1288 5631 1345 5700 Csr.
1367 5631 1531 5702 cremer
1553 5631 1636 5687 Liber
1656 5638 1888 5701 accomodarum,

263 5744 352 5814 Opera
370 5744 431 5811 111,
450 5745 497 5799 col.
511 5746 534 5798 1.
1635 5821 1684 5876 63·
