<?xml version="1.0" encoding="UTF-8"?>
<!DOCTYPE html PUBLIC "-//W3C//DTD XHTML 1.0 Transitional//EN"
    "http://www.w3.org/TR/xhtml1/DTD/xhtml1-transitional.dtd">
<html xmlns="http://www.w3.org/1999/xhtml" xml:lang="en" lang="en">
 <head>
  <title>
</title>
<meta http-equiv="Content-Type" content="text/html;charset=utf-8" />
  <meta name='ocr-system' content='tesseract 3.04.00' />
  <meta name='ocr-capabilities' content='ocr_page ocr_carea ocr_par ocr_line ocrx_word'/>
</head>
<body>
  <div class='ocr_page' id='page_1' title='image "./monumentagerman07mittgoog_0335.png"; bbox 0 0 4560 6426; ppageno 0'>
   <div class='ocr_carea' id='block_1_1' title="bbox 428 432 1888 504">
    <p class='ocr_par' dir='ltr' id='par_1_1' title="bbox 428 432 1888 504">
     <span class='ocr_line' id='line_1_1' title="bbox 428 432 1888 504; baseline -0.002 -13"><span class='ocrx_word' id='word_1_1' title='bbox 428 438 488 500; x_wconf 67' lang='lat'>294</span> <span class='ocrx_word' id='word_1_2' title='bbox 592 434 838 490; x_wconf 75' lang='lat' dir='ltr'>CAPITULdeA</span> <span class='ocrx_word' id='word_1_3' title='bbox 859 434 984 490; x_wconf 76' lang='lat' dir='ltr'>uuduu</span> <span class='ocrx_word' id='word_1_4' title='bbox 1008 433 1189 489; x_wconf 68' lang='lat' dir='ltr'>llllANClrlld</span> <span class='ocrx_word' id='word_1_5' title='bbox 1207 433 1470 489; x_wconf 75' lang='lat' dir='ltr'>occlnuu&#39;rnuls</span> <span class='ocrx_word' id='word_1_6' title='bbox 1489 433 1638 504; x_wconf 79' lang='lat' dir='ltr'>(KAllOLl</span> <span class='ocrx_word' id='word_1_7' title='bbox 1652 432 1697 502; x_wconf 86' lang='lat' dir='ltr'>ll).</span> <span class='ocrx_word' id='word_1_8' title='bbox 1716 463 1748 473; x_wconf 92' lang='lat'>-</span> <span class='ocrx_word' id='word_1_9' title='bbox 1768 432 1816 489; x_wconf 86' lang='lat' dir='ltr'>Nr.</span> <span class='ocrx_word' id='word_1_10' title='bbox 1829 433 1888 488; x_wconf 73' lang='lat'>268.</span> 
     </span>
    </p>
   </div>
   <div class='ocr_carea' id='block_1_2' title="bbox 318 608 2098 2770">
    <p class='ocr_par' dir='ltr' id='par_1_2' title="bbox 350 608 2050 902">
     <span class='ocr_line' id='line_1_2' title="bbox 350 608 2050 695; baseline -0.002 -21"><span class='ocrx_word' id='word_1_11' title='bbox 350 618 409 674; x_wconf 75' lang='lat'>857.</span> <span class='ocrx_word' id='word_1_12' title='bbox 429 609 632 686; x_wconf 85' lang='lat' dir='ltr'>acciderunt,</span> <span class='ocrx_word' id='word_1_13' title='bbox 664 631 765 695; x_wconf 89' lang='lat' dir='ltr'>usque</span> <span class='ocrx_word' id='word_1_14' title='bbox 797 609 893 674; x_wconf 91' lang='lat' dir='ltr'>modo</span> <span class='ocrx_word' id='word_1_15' title='bbox 927 631 990 673; x_wconf 92' lang='lat' dir='ltr'>non</span> <span class='ocrx_word' id='word_1_16' title='bbox 1020 609 1081 673; x_wconf 86' lang='lat' dir='ltr'>luit</span> <span class='ocrx_word' id='word_1_17' title='bbox 1111 615 1288 692; x_wconf 81' lang='lat' dir='ltr'><strong>oportunus</strong></span> <span class='ocrx_word' id='word_1_18' title='bbox 1321 609 1429 683; x_wconf 91' lang='lat' dir='ltr'>locus,</span> <span class='ocrx_word' id='word_1_19' title='bbox 1460 614 1496 672; x_wconf 93' lang='lat' dir='ltr'>ut</span> <span class='ocrx_word' id='word_1_20' title='bbox 1519 629 1581 694; x_wconf 84' lang='lat' dir='ltr'>ego</span> <span class='ocrx_word' id='word_1_21' title='bbox 1604 615 1637 672; x_wconf 91' lang='lat' dir='ltr'>et</span> <span class='ocrx_word' id='word_1_22' title='bbox 1660 609 1722 672; x_wconf 91' lang='lat' dir='ltr'>iste</span> <span class='ocrx_word' id='word_1_23' title='bbox 1746 629 1838 673; x_wconf 89' lang='lat' dir='ltr'>meus</span> <span class='ocrx_word' id='word_1_24' title='bbox 1863 608 2050 673; x_wconf 87' lang='lat' dir='ltr'>carissimus</span> 
     </span>
     <span class='ocr_line' id='line_1_3' title="bbox 428 705 2048 800; baseline -0.002 -22"><span class='ocrx_word' id='word_1_25' title='bbox 428 735 529 799; x_wconf 90' lang='lat' dir='ltr'>nepos</span> <span class='ocrx_word' id='word_1_26' title='bbox 554 713 682 777; x_wconf 79' lang='lat' dir='ltr'>insimul</span> <span class='ocrx_word' id='word_1_27' title='bbox 705 705 915 800; x_wconf 76' lang='lat' dir='ltr'>parabolare4</span> <span class='ocrx_word' id='word_1_28' title='bbox 939 713 1158 799; x_wconf 84' lang='lat' dir='ltr'>potuissemus</span> <span class='ocrx_word' id='word_1_29' title='bbox 1182 721 1214 775; x_wconf 90' lang='lat' dir='ltr'>et</span> <span class='ocrx_word' id='word_1_30' title='bbox 1232 713 1369 775; x_wconf 90' lang='lat' dir='ltr'>invicem</span> <span class='ocrx_word' id='word_1_31' title='bbox 1386 712 1478 776; x_wconf 92' lang='lat' dir='ltr'>nobis</span> <span class='ocrx_word' id='word_1_32' title='bbox 1500 719 1691 796; x_wconf 82' lang='lat' dir='ltr'>praesentes</span> <span class='ocrx_word' id='word_1_33' title='bbox 1715 721 1843 776; x_wconf 91' lang='lat' dir='ltr'>nostras</span> <span class='ocrx_word' id='word_1_34' title='bbox 1861 713 2048 775; x_wconf 87' lang='lat' dir='ltr'>voluntates</span> 
     </span>
     <span class='ocr_line' id='line_1_4' title="bbox 428 814 1828 902; baseline 0.001 -22"><span class='ocrx_word' id='word_1_35' title='bbox 428 818 737 894; x_wconf 76' lang='lat' dir='ltr'>demonstraremus,</span> <span class='ocrx_word' id='word_1_36' title='bbox 761 837 841 902; x_wconf 91' lang='lat' dir='ltr'>quas</span> <span class='ocrx_word' id='word_1_37' title='bbox 866 819 898 880; x_wconf 91' lang='lat' dir='ltr'>in</span> <span class='ocrx_word' id='word_1_38' title='bbox 923 814 1020 880; x_wconf 91' lang='lat' dir='ltr'>corde</span> <span class='ocrx_word' id='word_1_39' title='bbox 1044 815 1267 899; x_wconf 87' lang='lat' dir='ltr'>unusquisque</span> <span class='ocrx_word' id='word_1_40' title='bbox 1292 821 1404 879; x_wconf 90' lang='lat' dir='ltr'>contra</span> <span class='ocrx_word' id='word_1_41' title='bbox 1427 815 1563 880; x_wconf 90' lang='lat' dir='ltr'>alterum</span> <span class='ocrx_word' id='word_1_42' title='bbox 1587 816 1828 882; x_wconf 82' lang='lat' dir='ltr'>retinebamus.</span> 
     </span>
    </p>

    <p class='ocr_par' dir='ltr' id='par_1_3' title="bbox 428 912 2094 1526">
     <span class='ocr_line' id='line_1_5' title="bbox 536 912 2048 1007; baseline -0.002 -23"><span class='ocrx_word' id='word_1_43' title='bbox 536 923 564 985; x_wconf 88' lang='lat'>3.</span> <span class='ocrx_word' id='word_1_44' title='bbox 600 920 718 985; x_wconf 80' lang='lat' dir='ltr'>Evenit</span> <span class='ocrx_word' id='word_1_45' title='bbox 741 928 851 984; x_wconf 88' lang='lat' dir='ltr'>autem</span> <span class='ocrx_word' id='word_1_46' title='bbox 868 921 959 984; x_wconf 91' lang='lat' dir='ltr'>locus</span> <span class='ocrx_word' id='word_1_47' title='bbox 975 912 1165 1004; x_wconf 62' lang='lat' dir='ltr'>congruusl,</span> <span class='ocrx_word' id='word_1_48' title='bbox 1191 921 1266 1005; x_wconf 92' lang='lat' dir='ltr'>quia</span> <span class='ocrx_word' id='word_1_49' title='bbox 1289 920 1352 984; x_wconf 88' lang='lat' dir='ltr'>iste</span> <span class='ocrx_word' id='word_1_50' title='bbox 1377 942 1470 986; x_wconf 90' lang='lat' dir='ltr'>meus</span> <span class='ocrx_word' id='word_1_51' title='bbox 1488 923 1672 985; x_wconf 81' lang='lat' dir='ltr'>carissimus</span> <span class='ocrx_word' id='word_1_52' title='bbox 1698 942 1799 1007; x_wconf 89' lang='lat' dir='ltr'>nepos</span> <span class='ocrx_word' id='word_1_53' title='bbox 1816 942 1887 985; x_wconf 90' lang='lat' dir='ltr'>curn</span> <span class='ocrx_word' id='word_1_54' title='bbox 1904 920 2048 983; x_wconf 85' lang='lat' dir='ltr'>dilectis-</span> 
     </span>
     <span class='ocr_line' id='line_1_6' title="bbox 428 1014 2094 1110; baseline -0.002 -24"><span class='ocrx_word' id='word_1_55' title='bbox 428 1025 508 1088; x_wconf 92' lang='lat' dir='ltr'>simo</span> <span class='ocrx_word' id='word_1_56' title='bbox 532 1025 631 1088; x_wconf 87' lang='lat' dir='ltr'>lratre</span> <span class='ocrx_word' id='word_1_57' title='bbox 655 1045 727 1088; x_wconf 89' lang='lat' dir='ltr'>rneo</span> <span class='ocrx_word' id='word_1_58' title='bbox 751 1023 942 1087; x_wconf 90' lang='lat' dir='ltr'>Hludowico</span> <span class='ocrx_word' id='word_1_59' title='bbox 965 1014 1187 1108; x_wconf 68' lang='lat' dir='ltr'>parabolavit4</span> <span class='ocrx_word' id='word_1_60' title='bbox 1213 1031 1246 1086; x_wconf 90' lang='lat' dir='ltr'>et</span> <span class='ocrx_word' id='word_1_61' title='bbox 1269 1023 1334 1088; x_wconf 88' lang='lat' dir='ltr'>tale</span> <span class='ocrx_word' id='word_1_62' title='bbox 1359 1031 1529 1110; x_wconf 89' lang='lat' dir='ltr'>receptum</span> <span class='ocrx_word' id='word_1_63' title='bbox 1553 1031 1586 1089; x_wconf 91' lang='lat' dir='ltr'>et</span> <span class='ocrx_word' id='word_1_64' title='bbox 1609 1025 1779 1088; x_wconf 91' lang='lat' dir='ltr'>consilium</span> <span class='ocrx_word' id='word_1_65' title='bbox 1803 1026 1835 1088; x_wconf 94' lang='lat' dir='ltr'>in</span> <span class='ocrx_word' id='word_1_66' title='bbox 1859 1044 1897 1088; x_wconf 90' lang='lat' dir='ltr'>ec</span> <span class='ocrx_word' id='word_1_67' title='bbox 1916 1025 2049 1103; x_wconf 86' lang='lat' dir='ltr'>invenit,</span> <span class='ocrx_word' id='word_1_68' title='bbox 2081 1045 2094 1082; x_wconf 82' lang='lat' dir='ltr'>s</span> 
     </span>
     <span class='ocr_line' id='line_1_7' title="bbox 429 1126 2049 1216; baseline 0.001 -26"><span class='ocrx_word' id='word_1_69' title='bbox 429 1130 513 1191; x_wconf 87' lang='lat' dir='ltr'>sicut</span> <span class='ocrx_word' id='word_1_70' title='bbox 536 1137 570 1191; x_wconf 89' lang='lat' dir='ltr'>et</span> <span class='ocrx_word' id='word_1_71' title='bbox 599 1128 654 1190; x_wconf 91' lang='lat' dir='ltr'>isti</span> <span class='ocrx_word' id='word_1_72' title='bbox 678 1147 814 1192; x_wconf 87' lang='lat' dir='ltr'>necesse</span> <span class='ocrx_word' id='word_1_73' title='bbox 844 1127 905 1190; x_wconf 86' lang='lat' dir='ltr'>suit</span> <span class='ocrx_word' id='word_1_74' title='bbox 927 1133 960 1190; x_wconf 90' lang='lat' dir='ltr'>et</span> <span class='ocrx_word' id='word_1_75' title='bbox 987 1126 1076 1189; x_wconf 92' lang='lat' dir='ltr'>illum</span> <span class='ocrx_word' id='word_1_76' title='bbox 1101 1126 1325 1190; x_wconf 87' lang='lat' dir='ltr'>demonstrare</span> <span class='ocrx_word' id='word_1_77' title='bbox 1356 1127 1479 1216; x_wconf 87' lang='lat' dir='ltr'>decuit;</span> <span class='ocrx_word' id='word_1_78' title='bbox 1510 1127 1595 1213; x_wconf 90' lang='lat' dir='ltr'>quod</span> <span class='ocrx_word' id='word_1_79' title='bbox 1626 1129 1706 1192; x_wconf 88' lang='lat' dir='ltr'>mihi</span> <span class='ocrx_word' id='word_1_80' title='bbox 1735 1129 1814 1192; x_wconf 88' lang='lat' dir='ltr'>satis</span> <span class='ocrx_word' id='word_1_81' title='bbox 1843 1129 2049 1214; x_wconf 88' lang='lat' dir='ltr'>complacuit.</span> 
     </span>
     <span class='ocr_line' id='line_1_8' title="bbox 429 1229 2049 1317; baseline -0.001 -22"><span class='ocrx_word' id='word_1_82' title='bbox 429 1230 471 1295; x_wconf 82' lang='lat' dir='ltr'>Et</span> <span class='ocrx_word' id='word_1_83' title='bbox 495 1252 594 1305; x_wconf 89' lang='lat' dir='ltr'>nunc,</span> <span class='ocrx_word' id='word_1_84' title='bbox 624 1229 753 1315; x_wconf 88' lang='lat' dir='ltr'>quando</span> <span class='ocrx_word' id='word_1_85' title='bbox 782 1251 908 1295; x_wconf 90' lang='lat' dir='ltr'>mecum</span> <span class='ocrx_word' id='word_1_86' title='bbox 938 1230 1157 1316; x_wconf 83' lang='lat' dir='ltr'>parabolavit,</span> <span class='ocrx_word' id='word_1_87' title='bbox 1187 1229 1270 1293; x_wconf 84' lang='lat' dir='ltr'>dixit</span> <span class='ocrx_word' id='word_1_88' title='bbox 1294 1231 1388 1300; x_wconf 83' lang='lat' dir='ltr'>mihi.</span> <span class='ocrx_word' id='word_1_89' title='bbox 1419 1231 1503 1316; x_wconf 91' lang='lat' dir='ltr'>quod</span> <span class='ocrx_word' id='word_1_90' title='bbox 1533 1233 1565 1294; x_wconf 91' lang='lat' dir='ltr'>iu</span> <span class='ocrx_word' id='word_1_91' title='bbox 1590 1233 1646 1295; x_wconf 96' lang='lat' dir='ltr'>illa</span> <span class='ocrx_word' id='word_1_92' title='bbox 1668 1231 1835 1304; x_wconf 88' lang='lat' dir='ltr'>firmitate,</span> <span class='ocrx_word' id='word_1_93' title='bbox 1866 1253 1962 1317; x_wconf 90' lang='lat' dir='ltr'>quam</span> <span class='ocrx_word' id='word_1_94' title='bbox 1988 1253 2049 1317; x_wconf 84' lang='lat' dir='ltr'>ego</span> 
     </span>
     <span class='ocr_line' id='line_1_9' title="bbox 430 1334 2049 1422; baseline 0.002 -25"><span class='ocrx_word' id='word_1_95' title='bbox 430 1357 502 1398; x_wconf 89' lang='lat' dir='ltr'>cum</span> <span class='ocrx_word' id='word_1_96' title='bbox 526 1343 618 1420; x_wconf 89' lang='lat' dir='ltr'>patre</span> <span class='ocrx_word' id='word_1_97' title='bbox 643 1355 712 1412; x_wconf 86' lang='lat' dir='ltr'>suo,</span> <span class='ocrx_word' id='word_1_98' title='bbox 737 1334 843 1397; x_wconf 89' lang='lat' dir='ltr'>bonae</span> <span class='ocrx_word' id='word_1_99' title='bbox 869 1336 1042 1398; x_wconf 82' lang='lat' dir='ltr'>memoriae</span> <span class='ocrx_word' id='word_1_100' title='bbox 1067 1336 1165 1398; x_wconf 82' lang='lat' dir='ltr'>fratrc</span> <span class='ocrx_word' id='word_1_101' title='bbox 1191 1357 1273 1412; x_wconf 82' lang='lat' dir='ltr'>rrrco,</span> <span class='ocrx_word' id='word_1_102' title='bbox 1297 1335 1359 1399; x_wconf 82' lang='lat' dir='ltr'>feci</span> <span class='ocrx_word' id='word_1_103' title='bbox 1384 1343 1416 1399; x_wconf 91' lang='lat' dir='ltr'>et</span> <span class='ocrx_word' id='word_1_104' title='bbox 1431 1336 1521 1400; x_wconf 89' lang='lat' dir='ltr'>illum</span> <span class='ocrx_word' id='word_1_105' title='bbox 1540 1337 1678 1421; x_wconf 80' lang='lat' dir='ltr'>suscepi,</span> <span class='ocrx_word' id='word_1_106' title='bbox 1703 1338 1734 1399; x_wconf 93' lang='lat' dir='ltr'>in</span> <span class='ocrx_word' id='word_1_107' title='bbox 1751 1335 1822 1400; x_wconf 72' lang='lat' dir='ltr'>illas</span> <span class='ocrx_word' id='word_1_108' title='bbox 1843 1339 2049 1422; x_wconf 78' lang='lat' dir='ltr'>susceptione</span> 
     </span>
     <span class='ocr_line' id='line_1_10' title="bbox 430 1438 2050 1526; baseline 0.002 -26"><span class='ocrx_word' id='word_1_109' title='bbox 430 1440 529 1504; x_wconf 89' lang='lat' dir='ltr'>vellet</span> <span class='ocrx_word' id='word_1_110' title='bbox 553 1460 764 1524; x_wconf 87' lang='lat' dir='ltr'>perseverare</span> <span class='ocrx_word' id='word_1_111' title='bbox 790 1446 823 1503; x_wconf 90' lang='lat' dir='ltr'>et</span> <span class='ocrx_word' id='word_1_112' title='bbox 845 1439 933 1502; x_wconf 86' lang='lat' dir='ltr'>illam</span> <span class='ocrx_word' id='word_1_113' title='bbox 953 1438 1150 1517; x_wconf 86' lang='lat' dir='ltr'>firmitatem,</span> <span class='ocrx_word' id='word_1_114' title='bbox 1174 1461 1269 1524; x_wconf 89' lang='lat' dir='ltr'>quam</span> <span class='ocrx_word' id='word_1_115' title='bbox 1293 1461 1371 1504; x_wconf 90' lang='lat' dir='ltr'>suus</span> <span class='ocrx_word' id='word_1_116' title='bbox 1391 1448 1485 1526; x_wconf 86' lang='lat' dir='ltr'>pater</span> <span class='ocrx_word' id='word_1_117' title='bbox 1500 1461 1592 1502; x_wconf 90' lang='lat' dir='ltr'>meus</span> <span class='ocrx_word' id='word_1_118' title='bbox 1609 1440 1708 1503; x_wconf 85' lang='lat' dir='ltr'>frater</span> <span class='ocrx_word' id='word_1_119' title='bbox 1724 1447 1835 1502; x_wconf 88' lang='lat' dir='ltr'>eontra</span> <span class='ocrx_word' id='word_1_120' title='bbox 1850 1461 1902 1504; x_wconf 85' lang='lat' dir='ltr'>nre</span> <span class='ocrx_word' id='word_1_121' title='bbox 1919 1439 2050 1516; x_wconf 84' lang='lat' dir='ltr'>lecerat,</span> 
     </span>
    </p>

    <p class='ocr_par' dir='ltr' id='par_1_4' title="bbox 318 1541 2096 1627">
     <span class='ocr_line' id='line_1_11' title="bbox 318 1541 2096 1627; baseline -0.001 -23"><span class='ocrx_word' id='word_1_122' title='bbox 318 1582 320 1586; x_wconf 93' lang='lat'>-</span> <span class='ocrx_word' id='word_1_123' title='bbox 431 1543 532 1606; x_wconf 89' lang='lat' dir='ltr'>vellet</span> <span class='ocrx_word' id='word_1_124' title='bbox 555 1542 729 1606; x_wconf 89' lang='lat' dir='ltr'>adiuvante</span> <span class='ocrx_word' id='word_1_125' title='bbox 754 1541 896 1607; x_wconf 92' lang='lat' dir='ltr'>Domino</span> <span class='ocrx_word' id='word_1_126' title='bbox 919 1563 978 1627; x_wconf 91' lang='lat' dir='ltr'>per</span> <span class='ocrx_word' id='word_1_127' title='bbox 1001 1545 1107 1606; x_wconf 89' lang='lat' dir='ltr'>omnia</span> <span class='ocrx_word' id='word_1_128' title='bbox 1132 1543 1317 1610; x_wconf 90' lang='lat' dir='ltr'>observare.</span> <span class='ocrx_word' id='word_1_129' title='bbox 2072 1566 2096 1604; x_wconf 83' lang='lat' dir='ltr'>ro</span> 
     </span>
    </p>

    <p class='ocr_par' dir='ltr' id='par_1_5' title="bbox 431 1645 2094 2250">
     <span class='ocr_line' id='line_1_12' title="bbox 538 1645 2050 1732; baseline 0.001 -23"><span class='ocrx_word' id='word_1_130' title='bbox 538 1652 566 1709; x_wconf 83' lang='lat'>4.</span> <span class='ocrx_word' id='word_1_131' title='bbox 602 1645 644 1708; x_wconf 80' lang='lat' dir='ltr'>Et</span> <span class='ocrx_word' id='word_1_132' title='bbox 667 1647 850 1710; x_wconf 88' lang='lat' dir='ltr'>invenimus</span> <span class='ocrx_word' id='word_1_133' title='bbox 875 1666 948 1709; x_wconf 88' lang='lat' dir='ltr'>curu</span> <span class='ocrx_word' id='word_1_134' title='bbox 972 1645 1196 1709; x_wconf 91' lang='lat' dir='ltr'>communibus</span> <span class='ocrx_word' id='word_1_135' title='bbox 1224 1645 1375 1709; x_wconf 87' lang='lat' dir='ltr'>fidelibus</span> <span class='ocrx_word' id='word_1_136' title='bbox 1408 1647 1543 1724; x_wconf 91' lang='lat' dir='ltr'>nostris,</span> <span class='ocrx_word' id='word_1_137' title='bbox 1572 1654 1608 1709; x_wconf 93' lang='lat' dir='ltr'>ut</span> <span class='ocrx_word' id='word_1_138' title='bbox 1637 1668 1694 1732; x_wconf 92' lang='lat' dir='ltr'>pro</span> <span class='ocrx_word' id='word_1_139' title='bbox 1723 1647 1842 1711; x_wconf 89' lang='lat' dir='ltr'>talibus</span> <span class='ocrx_word' id='word_1_140' title='bbox 1870 1647 2050 1711; x_wconf 90' lang='lat' dir='ltr'>necessita-</span> 
     </span>
     <span class='ocr_line' id='line_1_13' title="bbox 431 1748 2052 1833; baseline 0.001 -22"><span class='ocrx_word' id='word_1_141' title='bbox 431 1749 528 1829; x_wconf 83' lang='lat' dir='ltr'>tibus,</span> <span class='ocrx_word' id='word_1_142' title='bbox 555 1751 638 1812; x_wconf 89' lang='lat' dir='ltr'>sicut</span> <span class='ocrx_word' id='word_1_143' title='bbox 660 1749 750 1812; x_wconf 87' lang='lat' dir='ltr'>scitis</span> <span class='ocrx_word' id='word_1_144' title='bbox 774 1757 807 1812; x_wconf 90' lang='lat' dir='ltr'>et</span> <span class='ocrx_word' id='word_1_145' title='bbox 823 1748 940 1812; x_wconf 90' lang='lat' dir='ltr'>videtis</span> <span class='ocrx_word' id='word_1_146' title='bbox 963 1749 994 1811; x_wconf 94' lang='lat' dir='ltr'>in</span> <span class='ocrx_word' id='word_1_147' title='bbox 1019 1749 1081 1811; x_wconf 89' lang='lat' dir='ltr'>isto</span> <span class='ocrx_word' id='word_1_148' title='bbox 1099 1769 1199 1833; x_wconf 86' lang='lat' dir='ltr'>regno</span> <span class='ocrx_word' id='word_1_149' title='bbox 1217 1750 1357 1822; x_wconf 88' lang='lat' dir='ltr'>evenire,</span> <span class='ocrx_word' id='word_1_150' title='bbox 1381 1770 1441 1812; x_wconf 91' lang='lat' dir='ltr'>nos</span> <span class='ocrx_word' id='word_1_151' title='bbox 1459 1751 1593 1813; x_wconf 92' lang='lat' dir='ltr'>invicem</span> <span class='ocrx_word' id='word_1_152' title='bbox 1613 1750 1887 1829; x_wconf 89' lang='lat' dir='ltr'>confirmaremus,</span> <span class='ocrx_word' id='word_1_153' title='bbox 1912 1751 1995 1815; x_wconf 88' lang='lat' dir='ltr'>sicut</span> <span class='ocrx_word' id='word_1_154' title='bbox 2019 1755 2052 1813; x_wconf 93' lang='lat' dir='ltr'>et</span> 
     </span>
     <span class='ocr_line' id='line_1_14' title="bbox 431 1852 2051 1940; baseline 0 -24"><span class='ocrx_word' id='word_1_155' title='bbox 431 1855 580 1930; x_wconf 81' lang='lat' dir='ltr'>fecimus,</span> <span class='ocrx_word' id='word_1_156' title='bbox 612 1862 647 1916; x_wconf 92' lang='lat' dir='ltr'>ut</span> <span class='ocrx_word' id='word_1_157' title='bbox 677 1853 717 1917; x_wconf 88' lang='lat' dir='ltr'>ad</span> <span class='ocrx_word' id='word_1_158' title='bbox 740 1853 892 1917; x_wconf 89' lang='lat' dir='ltr'>honorem</span> <span class='ocrx_word' id='word_1_159' title='bbox 918 1859 1049 1916; x_wconf 89' lang='lat' dir='ltr'>sanctae</span> <span class='ocrx_word' id='word_1_160' title='bbox 1074 1852 1135 1916; x_wconf 91' lang='lat' dir='ltr'>Dei</span> <span class='ocrx_word' id='word_1_161' title='bbox 1160 1854 1319 1918; x_wconf 89' lang='lat' dir='ltr'>ecclesiae</span> <span class='ocrx_word' id='word_1_162' title='bbox 1344 1863 1376 1915; x_wconf 88' lang='lat' dir='ltr'>et</span> <span class='ocrx_word' id='word_1_163' title='bbox 1400 1875 1602 1918; x_wconf 87' lang='lat' dir='ltr'>communem</span> <span class='ocrx_word' id='word_1_164' title='bbox 1627 1853 1806 1940; x_wconf 81' lang='lat' dir='ltr'>profectum</span> <span class='ocrx_word' id='word_1_165' title='bbox 1838 1876 1876 1917; x_wconf 89' lang='lat' dir='ltr'>ac</span> <span class='ocrx_word' id='word_1_166' title='bbox 1908 1853 2051 1926; x_wconf 86' lang='lat' dir='ltr'>fidelium</span> 
     </span>
     <span class='ocr_line' id='line_1_15' title="bbox 433 1951 2052 2043; baseline 0 -22"><span class='ocrx_word' id='word_1_167' title='bbox 433 1965 613 2022; x_wconf 90' lang='lat' dir='ltr'>nostrorum</span> <span class='ocrx_word' id='word_1_168' title='bbox 640 1959 879 2022; x_wconf 78' lang='lat' dir='ltr'>salvamentum</span> <span class='ocrx_word' id='word_1_169' title='bbox 904 1965 936 2020; x_wconf 89' lang='lat' dir='ltr'>et</span> <span class='ocrx_word' id='word_1_170' title='bbox 960 1976 1096 2040; x_wconf 89' lang='lat' dir='ltr'>regnum</span> <span class='ocrx_word' id='word_1_171' title='bbox 1120 1963 1266 2019; x_wconf 90' lang='lat' dir='ltr'>nostrum</span> <span class='ocrx_word' id='word_1_172' title='bbox 1291 1951 1402 2020; x_wconf 88' lang='lat' dir='ltr'>contra</span> <span class='ocrx_word' id='word_1_173' title='bbox 1430 1978 1652 2043; x_wconf 89' lang='lat' dir='ltr'>quoscumque</span> <span class='ocrx_word' id='word_1_174' title='bbox 1677 1957 1768 2021; x_wconf 89' lang='lat' dir='ltr'>nobis</span> <span class='ocrx_word' id='word_1_175' title='bbox 1793 1979 1929 2022; x_wconf 87' lang='lat' dir='ltr'>necesse</span> <span class='ocrx_word' id='word_1_176' title='bbox 1952 1958 2052 2022; x_wconf 83' lang='lat' dir='ltr'>luerit</span> 
     </span>
     <span class='ocr_line' id='line_1_16' title="bbox 432 2058 2094 2147; baseline -0.001 -23"><span class='ocrx_word' id='word_1_177' title='bbox 432 2060 662 2124; x_wconf 90' lang='lat' dir='ltr'>continendum</span> <span class='ocrx_word' id='word_1_178' title='bbox 688 2061 825 2124; x_wconf 87' lang='lat' dir='ltr'>invicem</span> <span class='ocrx_word' id='word_1_179' title='bbox 851 2081 910 2123; x_wconf 92' lang='lat' dir='ltr'>uos</span> <span class='ocrx_word' id='word_1_180' title='bbox 935 2060 1099 2124; x_wconf 88' lang='lat' dir='ltr'>salvemus</span> <span class='ocrx_word' id='word_1_181' title='bbox 1125 2066 1158 2122; x_wconf 89' lang='lat' dir='ltr'>et</span> <span class='ocrx_word' id='word_1_182' title='bbox 1180 2058 1387 2140; x_wconf 85' lang='lat' dir='ltr'>adiuvemus,</span> <span class='ocrx_word' id='word_1_183' title='bbox 1411 2061 1496 2124; x_wconf 90' lang='lat' dir='ltr'>sicut</span> <span class='ocrx_word' id='word_1_184' title='bbox 1518 2061 1697 2125; x_wconf 92' lang='lat' dir='ltr'>avunculus</span> <span class='ocrx_word' id='word_1_185' title='bbox 1721 2068 1870 2147; x_wconf 89' lang='lat' dir='ltr'>nepotem</span> <span class='ocrx_word' id='word_1_186' title='bbox 1894 2068 1927 2125; x_wconf 89' lang='lat' dir='ltr'>et</span> <span class='ocrx_word' id='word_1_187' title='bbox 1949 2082 2050 2147; x_wconf 89' lang='lat' dir='ltr'>nepos</span> <span class='ocrx_word' id='word_1_188' title='bbox 2070 2085 2094 2124; x_wconf 81' lang='lat' dir='ltr'>rs</span> 
     </span>
     <span class='ocr_line' id='line_1_17' title="bbox 432 2161 1379 2250; baseline -0.001 -23"><span class='ocrx_word' id='word_1_189' title='bbox 432 2165 626 2228; x_wconf 88' lang='lat' dir='ltr'>avunculum</span> <span class='ocrx_word' id='word_1_190' title='bbox 650 2172 856 2250; x_wconf 89' lang='lat' dir='ltr'>perrectum</span> <span class='ocrx_word' id='word_1_191' title='bbox 881 2166 1010 2228; x_wconf 88' lang='lat' dir='ltr'>salvare</span> <span class='ocrx_word' id='word_1_192' title='bbox 1034 2170 1067 2226; x_wconf 91' lang='lat' dir='ltr'>et</span> <span class='ocrx_word' id='word_1_193' title='bbox 1091 2161 1245 2225; x_wconf 87' lang='lat' dir='ltr'>adiuvare</span> <span class='ocrx_word' id='word_1_194' title='bbox 1271 2161 1379 2227; x_wconf 87' lang='lat' dir='ltr'>debet.</span> 
     </span>
    </p>

    <p class='ocr_par' dir='ltr' id='par_1_6' title="bbox 432 2267 2098 2770">
     <span class='ocr_line' id='line_1_18' title="bbox 541 2267 2053 2352; baseline -0.001 -20"><span class='ocrx_word' id='word_1_195' title='bbox 541 2274 569 2333; x_wconf 83' lang='lat'>5.</span> <span class='ocrx_word' id='word_1_196' title='bbox 605 2268 648 2333; x_wconf 81' lang='lat' dir='ltr'>Et</span> <span class='ocrx_word' id='word_1_197' title='bbox 671 2269 774 2333; x_wconf 89' lang='lat' dir='ltr'>nostri</span> <span class='ocrx_word' id='word_1_198' title='bbox 797 2268 929 2346; x_wconf 88' lang='lat' dir='ltr'>fideles,</span> <span class='ocrx_word' id='word_1_199' title='bbox 959 2268 1011 2352; x_wconf 94' lang='lat' dir='ltr'>qui</span> <span class='ocrx_word' id='word_1_200' title='bbox 1035 2273 1228 2352; x_wconf 88' lang='lat' dir='ltr'>praesentes</span> <span class='ocrx_word' id='word_1_201' title='bbox 1257 2267 1389 2331; x_wconf 85' lang='lat' dir='ltr'>fuerunt</span> <span class='ocrx_word' id='word_1_202' title='bbox 1420 2274 1453 2332; x_wconf 92' lang='lat' dir='ltr'>et</span> <span class='ocrx_word' id='word_1_203' title='bbox 1481 2267 1543 2332; x_wconf 92' lang='lat' dir='ltr'>hoc</span> <span class='ocrx_word' id='word_1_204' title='bbox 1573 2269 1743 2333; x_wconf 91' lang='lat' dir='ltr'>consilium</span> <span class='ocrx_word' id='word_1_205' title='bbox 1767 2268 1860 2333; x_wconf 93' lang='lat' dir='ltr'>nobis</span> <span class='ocrx_word' id='word_1_206' title='bbox 1883 2267 2053 2346; x_wconf 89' lang='lat' dir='ltr'>dederunt,</span> 
     </span>
     <span class='ocr_line' id='line_1_19' title="bbox 432 2369 2054 2458; baseline -0.001 -22"><span class='ocrx_word' id='word_1_207' title='bbox 432 2373 585 2436; x_wconf 84' lang='lat' dir='ltr'>dixerunt</span> <span class='ocrx_word' id='word_1_208' title='bbox 615 2373 726 2453; x_wconf 92' lang='lat' dir='ltr'>nobis,</span> <span class='ocrx_word' id='word_1_209' title='bbox 760 2371 844 2457; x_wconf 91' lang='lat' dir='ltr'>quod</span> <span class='ocrx_word' id='word_1_210' title='bbox 874 2373 981 2458; x_wconf 87' lang='lat' dir='ltr'>parati</span> <span class='ocrx_word' id='word_1_211' title='bbox 1014 2377 1089 2434; x_wconf 89' lang='lat' dir='ltr'>sunt</span> <span class='ocrx_word' id='word_1_212' title='bbox 1118 2391 1176 2433; x_wconf 88' lang='lat' dir='ltr'>nos</span> <span class='ocrx_word' id='word_1_213' title='bbox 1206 2371 1386 2434; x_wconf 88' lang='lat' dir='ltr'>auxiliante</span> <span class='ocrx_word' id='word_1_214' title='bbox 1409 2369 1550 2436; x_wconf 92' lang='lat' dir='ltr'>Domino</span> <span class='ocrx_word' id='word_1_215' title='bbox 1580 2373 1612 2435; x_wconf 94' lang='lat' dir='ltr'>in</span> <span class='ocrx_word' id='word_1_216' title='bbox 1637 2373 1787 2438; x_wconf 90' lang='lat' dir='ltr'>omnibus</span> <span class='ocrx_word' id='word_1_217' title='bbox 1812 2372 1985 2448; x_wconf 88' lang='lat' dir='ltr'>adiuvare,</span> <span class='ocrx_word' id='word_1_218' title='bbox 2017 2383 2054 2436; x_wconf 90' lang='lat' dir='ltr'>ut</span> 
     </span>
     <span class='ocr_line' id='line_1_20' title="bbox 435 2468 2053 2562; baseline -0.002 -20"><span class='ocrx_word' id='word_1_219' title='bbox 435 2479 531 2542; x_wconf 89' lang='lat' dir='ltr'>istum</span> <span class='ocrx_word' id='word_1_220' title='bbox 563 2478 751 2541; x_wconf 89' lang='lat' dir='ltr'>firmitatem</span> <span class='ocrx_word' id='word_1_221' title='bbox 782 2478 943 2562; x_wconf 90' lang='lat' dir='ltr'>possimus</span> <span class='ocrx_word' id='word_1_222' title='bbox 974 2475 1014 2540; x_wconf 90' lang='lat' dir='ltr'>ad</span> <span class='ocrx_word' id='word_1_223' title='bbox 1043 2475 1182 2539; x_wconf 87' lang='lat' dir='ltr'>invicem</span> <span class='ocrx_word' id='word_1_224' title='bbox 1213 2468 1415 2539; x_wconf 68' lang='lat' dir='ltr'>observaress.</span> <span class='ocrx_word' id='word_1_225' title='bbox 1470 2475 1513 2539; x_wconf 85' lang='lat' dir='ltr'>Et</span> <span class='ocrx_word' id='word_1_226' title='bbox 1544 2485 1720 2562; x_wconf 90' lang='lat' dir='ltr'>propterea</span> <span class='ocrx_word' id='word_1_227' title='bbox 1743 2477 1890 2540; x_wconf 90' lang='lat' dir='ltr'>volumus</span> <span class='ocrx_word' id='word_1_228' title='bbox 1920 2498 1939 2540; x_wconf 90' lang='lat' dir='ltr'>a</span> <span class='ocrx_word' id='word_1_229' title='bbox 1964 2475 2053 2539; x_wconf 86' lang='lat' dir='ltr'>vobis</span> 
     </span>
     <span class='ocr_line' id='line_1_21' title="bbox 434 2577 2098 2652; baseline -0.001 -8"><span class='ocrx_word' id='word_1_230' title='bbox 434 2591 574 2648; x_wconf 92' lang='lat' dir='ltr'>vestrum</span> <span class='ocrx_word' id='word_1_231' title='bbox 600 2601 791 2644; x_wconf 89' lang='lat' dir='ltr'>consensum</span> <span class='ocrx_word' id='word_1_232' title='bbox 817 2586 850 2644; x_wconf 91' lang='lat' dir='ltr'>et</span> <span class='ocrx_word' id='word_1_233' title='bbox 874 2581 1073 2643; x_wconf 88' lang='lat' dir='ltr'>voluntatem</span> <span class='ocrx_word' id='word_1_234' title='bbox 1098 2577 1219 2652; x_wconf 89' lang='lat' dir='ltr'>audire,</span> <span class='ocrx_word' id='word_1_235' title='bbox 1245 2580 1270 2640; x_wconf 88' lang='lat' dir='ltr'>si</span> <span class='ocrx_word' id='word_1_236' title='bbox 1296 2584 1329 2641; x_wconf 89' lang='lat' dir='ltr'>et</span> <span class='ocrx_word' id='word_1_237' title='bbox 1353 2579 1413 2641; x_wconf 88' lang='lat' dir='ltr'>hoc</span> <span class='ocrx_word' id='word_1_238' title='bbox 1438 2578 1530 2642; x_wconf 92' lang='lat' dir='ltr'>vobis</span> <span class='ocrx_word' id='word_1_239' title='bbox 1556 2579 1639 2644; x_wconf 88' lang='lat' dir='ltr'>benc</span> <span class='ocrx_word' id='word_1_240' title='bbox 1655 2579 1782 2643; x_wconf 90' lang='lat' dir='ltr'>videtur</span> <span class='ocrx_word' id='word_1_241' title='bbox 1805 2587 1838 2642; x_wconf 90' lang='lat' dir='ltr'>et</span> <span class='ocrx_word' id='word_1_242' title='bbox 1861 2579 1954 2643; x_wconf 90' lang='lat' dir='ltr'>nobis</span> <span class='ocrx_word' id='word_1_243' title='bbox 1978 2577 2053 2642; x_wconf 92' lang='lat' dir='ltr'>inde</span> <span class='ocrx_word' id='word_1_244' title='bbox 2072 2603 2098 2642; x_wconf 80' lang='lat' dir='ltr'>ao</span> 
     </span>
     <span class='ocr_line' id='line_1_22' title="bbox 434 2681 2012 2770; baseline 0 -22"><span class='ocrx_word' id='word_1_245' title='bbox 434 2686 590 2749; x_wconf 86' lang='lat' dir='ltr'>auxilium</span> <span class='ocrx_word' id='word_1_246' title='bbox 616 2685 711 2748; x_wconf 90' lang='lat' dir='ltr'>vultis</span> <span class='ocrx_word' id='word_1_247' title='bbox 735 2691 914 2770; x_wconf 87' lang='lat' dir='ltr'>praestare,</span> <span class='ocrx_word' id='word_1_248' title='bbox 937 2689 973 2746; x_wconf 89' lang='lat' dir='ltr'>ut</span> <span class='ocrx_word' id='word_1_249' title='bbox 996 2683 1057 2746; x_wconf 92' lang='lat' dir='ltr'>hoc</span> <span class='ocrx_word' id='word_1_250' title='bbox 1080 2682 1243 2767; x_wconf 89' lang='lat' dir='ltr'>possimus</span> <span class='ocrx_word' id='word_1_251' title='bbox 1268 2704 1340 2746; x_wconf 92' lang='lat' dir='ltr'>cum</span> <span class='ocrx_word' id='word_1_252' title='bbox 1365 2682 1428 2746; x_wconf 88' lang='lat' dir='ltr'>Dei</span> <span class='ocrx_word' id='word_1_253' title='bbox 1451 2681 1610 2746; x_wconf 89' lang='lat' dir='ltr'>adiutorio</span> <span class='ocrx_word' id='word_1_254' title='bbox 1635 2690 1668 2747; x_wconf 91' lang='lat' dir='ltr'>et</span> <span class='ocrx_word' id='word_1_255' title='bbox 1691 2691 1801 2747; x_wconf 91' lang='lat' dir='ltr'>vestro</span> <span class='ocrx_word' id='word_1_256' title='bbox 1825 2683 2012 2749; x_wconf 88' lang='lat' dir='ltr'>observare.</span> 
     </span>
    </p>
   </div>
   <div class='ocr_carea' id='block_1_3' title="bbox 995 2855 1493 2920">
    <p class='ocr_par' dir='ltr' id='par_1_7' title="bbox 995 2855 1493 2920">
     <span class='ocr_line' id='line_1_23' title="bbox 995 2855 1493 2920; baseline 0 -2"><span class='ocrx_word' id='word_1_257' title='bbox 995 2855 1259 2919; x_wconf 84' lang='lat' dir='ltr'>Adnuntiatio</span> <span class='ocrx_word' id='word_1_258' title='bbox 1283 2855 1493 2920; x_wconf 68' lang='lat' dir='ltr'>Lethariiss.</span> 
     </span>
    </p>
   </div>
   <div class='ocr_carea' id='block_1_4' title="bbox 436 2976 2098 3356">
    <p class='ocr_par' dir='ltr' id='par_1_8' title="bbox 436 2976 2098 3356">
     <span class='ocr_line' id='line_1_24' title="bbox 543 2976 2054 3072; baseline 0 -29"><span class='ocrx_word' id='word_1_259' title='bbox 543 2979 633 3044; x_wconf 87' lang='lat' dir='ltr'>Sicut</span> <span class='ocrx_word' id='word_1_260' title='bbox 657 2999 746 3045; x_wconf 87' lang='lat' dir='ltr'>meus</span> <span class='ocrx_word' id='word_1_261' title='bbox 771 2979 951 3072; x_wconf 84' lang='lat' dir='ltr'>avunculus</span> <span class='ocrx_word' id='word_1_262' title='bbox 976 2978 1067 3043; x_wconf 89' lang='lat' dir='ltr'>vobis</span> <span class='ocrx_word' id='word_1_263' title='bbox 1091 2976 1177 3054; x_wconf 90' lang='lat' dir='ltr'>dicit,</span> <span class='ocrx_word' id='word_1_264' title='bbox 1201 2983 1356 3062; x_wconf 90' lang='lat' dir='ltr'>quantum</span> <span class='ocrx_word' id='word_1_265' title='bbox 1381 2977 1471 3041; x_wconf 89' lang='lat' dir='ltr'>Deus</span> <span class='ocrx_word' id='word_1_266' title='bbox 1495 2977 1571 3041; x_wconf 93' lang='lat' dir='ltr'>mihi</span> <span class='ocrx_word' id='word_1_267' title='bbox 1596 2977 1679 3042; x_wconf 89' lang='lat' dir='ltr'>scire</span> <span class='ocrx_word' id='word_1_268' title='bbox 1703 2983 1737 3041; x_wconf 92' lang='lat' dir='ltr'>et</span> <span class='ocrx_word' id='word_1_269' title='bbox 1760 2999 1855 3064; x_wconf 91' lang='lat' dir='ltr'>posse</span> <span class='ocrx_word' id='word_1_270' title='bbox 1875 2979 2054 3052; x_wconf 86' lang='lat' dir='ltr'>donaverit,</span> 
     </span>
     <span class='ocr_line' id='line_1_25' title="bbox 436 3071 2056 3168; baseline 0 -21"><span class='ocrx_word' id='word_1_271' title='bbox 436 3091 469 3147; x_wconf 92' lang='lat' dir='ltr'>et</span> <span class='ocrx_word' id='word_1_272' title='bbox 499 3081 552 3146; x_wconf 85' lang='lat' dir='ltr'>in¹²</span> <span class='ocrx_word' id='word_1_273' title='bbox 581 3082 636 3146; x_wconf 88' lang='lat' dir='ltr'>illa</span> <span class='ocrx_word' id='word_1_274' title='bbox 659 3083 812 3148; x_wconf 89' lang='lat' dir='ltr'>firmitate</span> <span class='ocrx_word' id='word_1_275' title='bbox 837 3101 910 3146; x_wconf 89' lang='lat' dir='ltr'>cunr</span> <span class='ocrx_word' id='word_1_276' title='bbox 933 3082 1059 3146; x_wconf 89' lang='lat' dir='ltr'>seniore</span> <span class='ocrx_word' id='word_1_277' title='bbox 1083 3101 1156 3144; x_wconf 91' lang='lat' dir='ltr'>meo</span> <span class='ocrx_word' id='word_1_278' title='bbox 1185 3071 1303 3161; x_wconf 81' lang='lat' dir='ltr'>facta3,</span> <span class='ocrx_word' id='word_1_279' title='bbox 1339 3083 1371 3144; x_wconf 92' lang='lat' dir='ltr'>in</span> <span class='ocrx_word' id='word_1_280' title='bbox 1403 3102 1466 3166; x_wconf 89' lang='lat' dir='ltr'>qua</span> <span class='ocrx_word' id='word_1_281' title='bbox 1496 3103 1548 3145; x_wconf 88' lang='lat' dir='ltr'>me</span> <span class='ocrx_word' id='word_1_282' title='bbox 1577 3083 1722 3166; x_wconf 88' lang='lat' dir='ltr'>suscepit</span> <span class='ocrx_word' id='word_1_283' title='bbox 1752 3092 1785 3146; x_wconf 90' lang='lat' dir='ltr'>et</span> <span class='ocrx_word' id='word_1_284' title='bbox 1816 3098 1912 3168; x_wconf 88' lang='lat' dir='ltr'>quam</span> <span class='ocrx_word' id='word_1_285' title='bbox 1948 3086 2056 3149; x_wconf 90' lang='lat' dir='ltr'>senior</span> 
     </span>
     <span class='ocr_line' id='line_1_26' title="bbox 437 3185 2098 3270; baseline 0 -19"><span class='ocrx_word' id='word_1_286' title='bbox 437 3208 529 3251; x_wconf 90' lang='lat' dir='ltr'>meus</span> <span class='ocrx_word' id='word_1_287' title='bbox 553 3195 663 3251; x_wconf 91' lang='lat' dir='ltr'>contra</span> <span class='ocrx_word' id='word_1_288' title='bbox 685 3187 777 3251; x_wconf 92' lang='lat' dir='ltr'>illum</span> <span class='ocrx_word' id='word_1_289' title='bbox 799 3187 888 3262; x_wconf 89' lang='lat' dir='ltr'>fecit,</span> <span class='ocrx_word' id='word_1_290' title='bbox 913 3185 986 3249; x_wconf 92' lang='lat' dir='ltr'>volo</span> <span class='ocrx_word' id='word_1_291' title='bbox 1011 3205 1231 3270; x_wconf 88' lang='lat' dir='ltr'>perseverare,</span> <span class='ocrx_word' id='word_1_292' title='bbox 1257 3192 1290 3248; x_wconf 93' lang='lat' dir='ltr'>et</span> <span class='ocrx_word' id='word_1_293' title='bbox 1312 3185 1418 3262; x_wconf 89' lang='lat' dir='ltr'>illam,</span> <span class='ocrx_word' id='word_1_294' title='bbox 1442 3205 1537 3269; x_wconf 90' lang='lat' dir='ltr'>quam</span> <span class='ocrx_word' id='word_1_295' title='bbox 1563 3192 1674 3248; x_wconf 89' lang='lat' dir='ltr'>contra</span> <span class='ocrx_word' id='word_1_296' title='bbox 1697 3203 1769 3246; x_wconf 90' lang='lat' dir='ltr'>cum</span> <span class='ocrx_word' id='word_1_297' title='bbox 1794 3185 1871 3260; x_wconf 85' lang='lat' dir='ltr'>feci,</span> <span class='ocrx_word' id='word_1_298' title='bbox 1896 3208 1967 3250; x_wconf 90' lang='lat' dir='ltr'>curn</span> <span class='ocrx_word' id='word_1_299' title='bbox 1992 3186 2054 3250; x_wconf 90' lang='lat' dir='ltr'>Dei</span> <span class='ocrx_word' id='word_1_300' title='bbox 2073 3211 2098 3250; x_wconf 82' lang='lat' dir='ltr'>as</span> 
     </span>
     <span class='ocr_line' id='line_1_27' title="bbox 438 3289 1062 3356; baseline -0.005 -1"><span class='ocrx_word' id='word_1_301' title='bbox 438 3290 598 3355; x_wconf 90' lang='lat' dir='ltr'>adiutorio</span> <span class='ocrx_word' id='word_1_302' title='bbox 623 3292 696 3356; x_wconf 92' lang='lat' dir='ltr'>volo</span> <span class='ocrx_word' id='word_1_303' title='bbox 720 3291 856 3354; x_wconf 89' lang='lat' dir='ltr'>firmiter</span> <span class='ocrx_word' id='word_1_304' title='bbox 879 3289 1062 3355; x_wconf 89' lang='lat' dir='ltr'>observare.</span> 
     </span>
    </p>
   </div>
   <div class='ocr_carea' id='block_1_5' title="bbox 889 3442 1608 3527">
    <p class='ocr_par' dir='ltr' id='par_1_9' title="bbox 889 3442 1608 3527">
     <span class='ocr_line' id='line_1_28' title="bbox 889 3442 1608 3527; baseline -0.001 -19"><span class='ocrx_word' id='word_1_305' title='bbox 889 3443 1005 3508; x_wconf 83' lang='lat' dir='ltr'>Itemi</span> <span class='ocrx_word' id='word_1_306' title='bbox 1034 3442 1288 3508; x_wconf 89' lang='lat' dir='ltr'>adnuntiatio</span> <span class='ocrx_word' id='word_1_307' title='bbox 1319 3443 1458 3508; x_wconf 88' lang='lat' dir='ltr'>Karoli</span> <span class='ocrx_word' id='word_1_308' title='bbox 1492 3443 1608 3527; x_wconf 84' lang='lat' dir='ltr'>regis.</span> 
     </span>
    </p>
   </div>
   <div class='ocr_carea' id='block_1_6' title="bbox 437 3563 2106 4897">
    <p class='ocr_par' dir='ltr' id='par_1_10' title="bbox 437 3563 2106 4897">
     <span class='ocr_line' id='line_1_29' title="bbox 544 3563 2057 3651; baseline 0 -21"><span class='ocrx_word' id='word_1_309' title='bbox 544 3567 704 3631; x_wconf 88' lang='lat' dir='ltr'>Volumus</span> <span class='ocrx_word' id='word_1_310' title='bbox 728 3588 786 3630; x_wconf 85' lang='lat' dir='ltr'>vos</span> <span class='ocrx_word' id='word_1_311' title='bbox 811 3566 905 3642; x_wconf 87' lang='lat' dir='ltr'>scire,</span> <span class='ocrx_word' id='word_1_312' title='bbox 930 3566 1005 3651; x_wconf 89' lang='lat' dir='ltr'>quia</span> <span class='ocrx_word' id='word_1_313' title='bbox 1028 3573 1163 3650; x_wconf 90' lang='lat' dir='ltr'>propter</span> <span class='ocrx_word' id='word_1_314' title='bbox 1185 3567 1264 3628; x_wconf 88' lang='lat' dir='ltr'>istas</span> <span class='ocrx_word' id='word_1_315' title='bbox 1289 3566 1419 3650; x_wconf 87' lang='lat' dir='ltr'>rapinas</span> <span class='ocrx_word' id='word_1_316' title='bbox 1444 3575 1477 3629; x_wconf 88' lang='lat' dir='ltr'>et</span> <span class='ocrx_word' id='word_1_317' title='bbox 1493 3563 1775 3650; x_wconf 86' lang='lat' dir='ltr'>depraedationes,</span> <span class='ocrx_word' id='word_1_318' title='bbox 1799 3585 1881 3650; x_wconf 90' lang='lat' dir='ltr'>quae</span> <span class='ocrx_word' id='word_1_319' title='bbox 1903 3567 1933 3630; x_wconf 93' lang='lat' dir='ltr'>in</span> <span class='ocrx_word' id='word_1_320' title='bbox 1957 3586 2057 3651; x_wconf 87' lang='lat' dir='ltr'>regno</span> 
     </span>
     <span class='ocr_line' id='line_1_30' title="bbox 438 3668 2051 3756; baseline 0 -22"><span class='ocrx_word' id='word_1_321' title='bbox 438 3679 547 3735; x_wconf 86' lang='lat' dir='ltr'>nostro</span> <span class='ocrx_word' id='word_1_322' title='bbox 571 3672 792 3749; x_wconf 88' lang='lat' dir='ltr'>increverunt,</span> <span class='ocrx_word' id='word_1_323' title='bbox 817 3676 991 3754; x_wconf 85' lang='lat' dir='ltr'>exparte,</span> <span class='ocrx_word' id='word_1_324' title='bbox 1016 3670 1093 3754; x_wconf 92' lang='lat' dir='ltr'>quia</span> <span class='ocrx_word' id='word_1_325' title='bbox 1116 3671 1235 3755; x_wconf 84' lang='lat' dir='ltr'>pagani</span> <span class='ocrx_word' id='word_1_326' title='bbox 1260 3668 1353 3733; x_wconf 91' lang='lat' dir='ltr'>nobis</span> <span class='ocrx_word' id='word_1_327' title='bbox 1378 3676 1645 3755; x_wconf 87' lang='lat' dir='ltr'>supervenerunt,</span> <span class='ocrx_word' id='word_1_328' title='bbox 1670 3691 1712 3733; x_wconf 86' lang='lat' dir='ltr'>ex</span> <span class='ocrx_word' id='word_1_329' title='bbox 1735 3677 1826 3755; x_wconf 90' lang='lat' dir='ltr'>parte</span> <span class='ocrx_word' id='word_1_330' title='bbox 1850 3691 1907 3756; x_wconf 91' lang='lat' dir='ltr'>pro</span> <span class='ocrx_word' id='word_1_331' title='bbox 1931 3671 2051 3735; x_wconf 87' lang='lat' dir='ltr'>talibus</span> 
     </span>
     <span class='ocr_line' id='line_1_31' title="bbox 438 3772 2102 3859; baseline -0.001 -20"><span class='ocrx_word' id='word_1_332' title='bbox 438 3773 674 3849; x_wconf 90' lang='lat' dir='ltr'>occasionibus,</span> <span class='ocrx_word' id='word_1_333' title='bbox 700 3795 782 3859; x_wconf 90' lang='lat' dir='ltr'>quae</span> <span class='ocrx_word' id='word_1_334' title='bbox 806 3774 838 3837; x_wconf 94' lang='lat' dir='ltr'>in</span> <span class='ocrx_word' id='word_1_335' title='bbox 862 3793 964 3858; x_wconf 82' lang='lat' dir='ltr'>regno</span> <span class='ocrx_word' id='word_1_336' title='bbox 982 3780 1090 3836; x_wconf 81' lang='lat' dir='ltr'>nostm</span> <span class='ocrx_word' id='word_1_337' title='bbox 1113 3773 1310 3848; x_wconf 88' lang='lat' dir='ltr'>acciderunt,</span> <span class='ocrx_word' id='word_1_338' title='bbox 1335 3772 1492 3859; x_wconf 88' lang='lat' dir='ltr'>synodum</span> <span class='ocrx_word' id='word_1_339' title='bbox 1509 3773 1735 3859; x_wconf 90' lang='lat' dir='ltr'>episcoporum</span> <span class='ocrx_word' id='word_1_340' title='bbox 1760 3781 1793 3837; x_wconf 91' lang='lat' dir='ltr'>et</span> <span class='ocrx_word' id='word_1_341' title='bbox 1808 3774 1991 3859; x_wconf 89' lang='lat' dir='ltr'>aliquantos</span> <span class='ocrx_word' id='word_1_342' title='bbox 2015 3775 2055 3839; x_wconf 91' lang='lat' dir='ltr'>de</span> <span class='ocrx_word' id='word_1_343' title='bbox 2076 3809 2102 3846; x_wconf 63' lang='grc' dir='ltr'>ιι)</span> 
     </span>
     <span class='ocr_line' id='line_1_32' title="bbox 441 3871 2058 3965; baseline 0 -23"><span class='ocrx_word' id='word_1_344' title='bbox 441 3879 556 3942; x_wconf 89' lang='lat' dir='ltr'>uostris</span> <span class='ocrx_word' id='word_1_345' title='bbox 574 3875 724 3940; x_wconf 87' lang='lat' dir='ltr'>fidelibus</span> <span class='ocrx_word' id='word_1_346' title='bbox 748 3898 806 3961; x_wconf 93' lang='lat' dir='ltr'>pro</span> <span class='ocrx_word' id='word_1_347' title='bbox 824 3876 1045 3961; x_wconf 85' lang='lat' dir='ltr'>oportunitate</span> <span class='ocrx_word' id='word_1_348' title='bbox 1062 3879 1219 3963; x_wconf 87' lang='lat' dir='ltr'>temporis</span> <span class='ocrx_word' id='word_1_349' title='bbox 1237 3877 1485 3942; x_wconf 82' lang='lat' dir='ltr'>convocavimus</span> <span class='ocrx_word' id='word_1_350' title='bbox 1510 3885 1542 3940; x_wconf 89' lang='lat' dir='ltr'>et</span> <span class='ocrx_word' id='word_1_351' title='bbox 1559 3877 1833 3941; x_wconf 85' lang='lat' dir='ltr'>consideravimus</span> <span class='ocrx_word' id='word_1_352' title='bbox 1851 3900 1922 3941; x_wconf 91' lang='lat' dir='ltr'>cum</span> <span class='ocrx_word' id='word_1_353' title='bbox 1948 3871 2058 3965; x_wconf 66' lang='lat' dir='ltr'>ipsisl,</span> 
     </span>
     <span class='ocr_line' id='line_1_33' title="bbox 437 3981 2058 4068; baseline 0 -22"><span class='ocrx_word' id='word_1_354' title='bbox 437 3991 474 4046; x_wconf 90' lang='lat' dir='ltr'>ut</span> <span class='ocrx_word' id='word_1_355' title='bbox 496 4003 554 4067; x_wconf 88' lang='lat' dir='ltr'>per</span> <span class='ocrx_word' id='word_1_356' title='bbox 577 4003 671 4046; x_wconf 88' lang='lat' dir='ltr'>omno</span> <span class='ocrx_word' id='word_1_357' title='bbox 701 4003 835 4068; x_wconf 81' lang='lat' dir='ltr'>regnum</span> <span class='ocrx_word' id='word_1_358' title='bbox 868 3989 1013 4046; x_wconf 89' lang='lat' dir='ltr'>nostrum</span> <span class='ocrx_word' id='word_1_359' title='bbox 1043 3983 1188 4067; x_wconf 91' lang='lat' dir='ltr'>episcopi</span> <span class='ocrx_word' id='word_1_360' title='bbox 1222 3990 1254 4044; x_wconf 91' lang='lat' dir='ltr'>et</span> <span class='ocrx_word' id='word_1_361' title='bbox 1278 3983 1365 4045; x_wconf 89' lang='lat' dir='ltr'>missi</span> <span class='ocrx_word' id='word_1_362' title='bbox 1395 3982 1496 4044; x_wconf 90' lang='lat' dir='ltr'>nostri</span> <span class='ocrx_word' id='word_1_363' title='bbox 1525 4002 1563 4044; x_wconf 90' lang='lat' dir='ltr'>ac</span> <span class='ocrx_word' id='word_1_364' title='bbox 1593 3982 1729 4044; x_wconf 88' lang='lat' dir='ltr'>comites</span> <span class='ocrx_word' id='word_1_365' title='bbox 1761 3982 1792 4045; x_wconf 91' lang='lat' dir='ltr'>in</span> <span class='ocrx_word' id='word_1_366' title='bbox 1823 3981 1958 4065; x_wconf 88' lang='lat' dir='ltr'>singulis</span> <span class='ocrx_word' id='word_1_367' title='bbox 1984 4004 2058 4068; x_wconf 92' lang='lat' dir='ltr'>par-</span> 
     </span>
     <span class='ocr_line' id='line_1_34' title="bbox 439 4085 2059 4173; baseline 0.002 -25"><span class='ocrx_word' id='word_1_368' title='bbox 439 4086 556 4149; x_wconf 89' lang='lat' dir='ltr'>rochiis</span> <span class='ocrx_word' id='word_1_369' title='bbox 584 4107 621 4147; x_wconf 92' lang='lat' dir='ltr'>ac</span> <span class='ocrx_word' id='word_1_370' title='bbox 651 4086 856 4150; x_wconf 88' lang='lat' dir='ltr'>eomitatibus</span> <span class='ocrx_word' id='word_1_371' title='bbox 880 4086 1000 4172; x_wconf 86' lang='lat' dir='ltr'>placita</span> <span class='ocrx_word' id='word_1_372' title='bbox 1023 4093 1156 4150; x_wconf 89' lang='lat' dir='ltr'>teneant</span> <span class='ocrx_word' id='word_1_373' title='bbox 1184 4095 1216 4149; x_wconf 90' lang='lat' dir='ltr'>ct</span> <span class='ocrx_word' id='word_1_374' title='bbox 1244 4086 1283 4150; x_wconf 93' lang='lat' dir='ltr'>ad</span> <span class='ocrx_word' id='word_1_375' title='bbox 1314 4087 1369 4150; x_wconf 94' lang='lat' dir='ltr'>illa</span> <span class='ocrx_word' id='word_1_376' title='bbox 1400 4087 1521 4171; x_wconf 87' lang='lat' dir='ltr'>placita</span> <span class='ocrx_word' id='word_1_377' title='bbox 1547 4086 1649 4149; x_wconf 92' lang='lat' dir='ltr'>omnis</span> <span class='ocrx_word' id='word_1_378' title='bbox 1677 4085 1788 4164; x_wconf 89' lang='lat' dir='ltr'>homo,</span> <span class='ocrx_word' id='word_1_379' title='bbox 1819 4088 1874 4172; x_wconf 93' lang='lat' dir='ltr'>qui</span> <span class='ocrx_word' id='word_1_380' title='bbox 1905 4088 2059 4173; x_wconf 86' lang='lat' dir='ltr'>placitum</span> 
     </span>
     <span class='ocr_line' id='line_1_35' title="bbox 439 4189 2059 4278; baseline 0.001 -28"><span class='ocrx_word' id='word_1_381' title='bbox 439 4189 603 4252; x_wconf 88' lang='lat' dir='ltr'>custodire</span> <span class='ocrx_word' id='word_1_382' title='bbox 633 4189 732 4254; x_wconf 88' lang='lat' dir='ltr'>debet</span> <span class='ocrx_word' id='word_1_383' title='bbox 763 4197 796 4254; x_wconf 89' lang='lat' dir='ltr'>ct</span> <span class='ocrx_word' id='word_1_384' title='bbox 827 4192 857 4254; x_wconf 92' lang='lat' dir='ltr'>iu</span> <span class='ocrx_word' id='word_1_385' title='bbox 891 4189 956 4254; x_wconf 89' lang='lat' dir='ltr'>illis</span> <span class='ocrx_word' id='word_1_386' title='bbox 986 4190 1191 4255; x_wconf 90' lang='lat' dir='ltr'>comitatibus</span> <span class='ocrx_word' id='word_1_387' title='bbox 1216 4199 1415 4269; x_wconf 89' lang='lat' dir='ltr'>commauct,</span> <span class='ocrx_word' id='word_1_388' title='bbox 1450 4191 1520 4255; x_wconf 89' lang='lat' dir='ltr'>sine</span> <span class='ocrx_word' id='word_1_389' title='bbox 1555 4191 1750 4278; x_wconf 84' lang='lat' dir='ltr'>exceptione</span> <span class='ocrx_word' id='word_1_390' title='bbox 1782 4198 1815 4253; x_wconf 91' lang='lat' dir='ltr'>et</span> <span class='ocrx_word' id='word_1_391' title='bbox 1847 4190 2059 4254; x_wconf 86' lang='lat' dir='ltr'>excusatione</span> 
     </span>
     <span class='ocr_line' id='line_1_36' title="bbox 440 4275 2104 4380; baseline 0.001 -26"><span class='ocrx_word' id='word_1_392' title='bbox 440 4291 638 4356; x_wconf 48' lang='lat' dir='ltr'>conveniat&amp;</span> <span class='ocrx_word' id='word_1_393' title='bbox 692 4291 734 4356; x_wconf 79' lang='lat' dir='ltr'>Et</span> <span class='ocrx_word' id='word_1_394' title='bbox 762 4294 906 4380; x_wconf 90' lang='lat' dir='ltr'>episcopi</span> <span class='ocrx_word' id='word_1_395' title='bbox 938 4291 1087 4356; x_wconf 89' lang='lat' dir='ltr'>omnibus</span> <span class='ocrx_word' id='word_1_396' title='bbox 1117 4293 1356 4369; x_wconf 88' lang='lat' dir='ltr'>demonstrent,</span> <span class='ocrx_word' id='word_1_397' title='bbox 1386 4315 1481 4380; x_wconf 91' lang='lat' dir='ltr'>quam</span> <span class='ocrx_word' id='word_1_398' title='bbox 1517 4314 1616 4378; x_wconf 87' lang='lat' dir='ltr'>grave</span> <span class='ocrx_word' id='word_1_399' title='bbox 1650 4293 1710 4357; x_wconf 91' lang='lat' dir='ltr'>hoc</span> <span class='ocrx_word' id='word_1_400' title='bbox 1738 4275 1910 4378; x_wconf 85' lang='lat' dir='ltr'>peccatum</span> <span class='ocrx_word' id='word_1_401' title='bbox 1940 4294 1996 4372; x_wconf 87' lang='lat' dir='ltr'>sit,</span> <span class='ocrx_word' id='word_1_402' title='bbox 2027 4299 2104 4356; x_wconf 77' lang='lat' dir='ltr'>eta</span> 
     </span>
     <span class='ocr_line' id='line_1_37' title="bbox 440 4395 2058 4483; baseline 0 -23"><span class='ocrx_word' id='word_1_403' title='bbox 440 4395 568 4480; x_wconf 91' lang='lat' dir='ltr'>qualem</span> <span class='ocrx_word' id='word_1_404' title='bbox 592 4397 826 4481; x_wconf 89' lang='lat' dir='ltr'>poenitentiam</span> <span class='ocrx_word' id='word_1_405' title='bbox 851 4397 992 4483; x_wconf 89' lang='lat' dir='ltr'>quaerit,</span> <span class='ocrx_word' id='word_1_406' title='bbox 1022 4401 1055 4460; x_wconf 91' lang='lat' dir='ltr'>et</span> <span class='ocrx_word' id='word_1_407' title='bbox 1083 4396 1210 4479; x_wconf 90' lang='lat' dir='ltr'>qualem</span> <span class='ocrx_word' id='word_1_408' title='bbox 1241 4396 1498 4475; x_wconf 88' lang='lat' dir='ltr'>damnationem,</span> <span class='ocrx_word' id='word_1_409' title='bbox 1526 4398 1589 4460; x_wconf 90' lang='lat' dir='ltr'>nisi</span> <span class='ocrx_word' id='word_1_410' title='bbox 1618 4397 1822 4483; x_wconf 86' lang='lat' dir='ltr'>poenitentia</span> <span class='ocrx_word' id='word_1_411' title='bbox 1852 4397 2058 4474; x_wconf 89' lang='lat' dir='ltr'>succurrerit,</span> 
     </span>
     <span class='ocr_line' id='line_1_38' title="bbox 439 4498 2059 4585; baseline 0 -23"><span class='ocrx_word' id='word_1_412' title='bbox 439 4498 598 4584; x_wconf 86' lang='lat' dir='ltr'>adquirat.</span> <span class='ocrx_word' id='word_1_413' title='bbox 645 4498 688 4563; x_wconf 80' lang='lat' dir='ltr'>ut</span> <span class='ocrx_word' id='word_1_414' title='bbox 712 4501 802 4564; x_wconf 89' lang='lat' dir='ltr'>missi</span> <span class='ocrx_word' id='word_1_415' title='bbox 831 4501 933 4564; x_wconf 86' lang='lat' dir='ltr'>nostri</span> <span class='ocrx_word' id='word_1_416' title='bbox 958 4500 1099 4584; x_wconf 89' lang='lat' dir='ltr'>capitula</span> <span class='ocrx_word' id='word_1_417' title='bbox 1124 4499 1206 4585; x_wconf 86' lang='lat' dir='ltr'>legis</span> <span class='ocrx_word' id='word_1_418' title='bbox 1230 4507 1262 4562; x_wconf 90' lang='lat' dir='ltr'>et</span> <span class='ocrx_word' id='word_1_419' title='bbox 1284 4509 1526 4566; x_wconf 86' lang='lat' dir='ltr'>antecessorum</span> <span class='ocrx_word' id='word_1_420' title='bbox 1552 4509 1731 4564; x_wconf 88' lang='lat' dir='ltr'>nostrorum</span> <span class='ocrx_word' id='word_1_421' title='bbox 1757 4499 1797 4563; x_wconf 91' lang='lat' dir='ltr'>dc</span> <span class='ocrx_word' id='word_1_422' title='bbox 1822 4501 1883 4564; x_wconf 89' lang='lat' dir='ltr'>hcc</span> <span class='ocrx_word' id='word_1_423' title='bbox 1908 4501 2059 4563; x_wconf 87' lang='lat' dir='ltr'>omnibus</span> 
     </span>
     <span class='ocr_line' id='line_1_39' title="bbox 440 4601 2060 4689; baseline 0 -24"><span class='ocrx_word' id='word_1_424' title='bbox 440 4601 623 4683; x_wconf 86' lang='lat' dir='ltr'>ostendant,</span> <span class='ocrx_word' id='word_1_425' title='bbox 634 4625 636 4636; x_wconf 67' lang='grc'>’</span> <span class='ocrx_word' id='word_1_426' title='bbox 647 4611 680 4666; x_wconf 90' lang='lat' dir='ltr'>et</span> <span class='ocrx_word' id='word_1_427' title='bbox 696 4603 835 4666; x_wconf 85' lang='lat' dir='ltr'>tantam¹</span> <span class='ocrx_word' id='word_1_428' title='bbox 859 4602 1023 4667; x_wconf 89' lang='lat' dir='ltr'>miseriam</span> <span class='ocrx_word' id='word_1_429' title='bbox 1040 4601 1247 4669; x_wconf 90' lang='lat' dir='ltr'>interdicant.</span> <span class='ocrx_word' id='word_1_430' title='bbox 1292 4602 1336 4668; x_wconf 79' lang='lat' dir='ltr'>Et</span> <span class='ocrx_word' id='word_1_431' title='bbox 1352 4606 1457 4668; x_wconf 91' lang='lat' dir='ltr'>sciant</span> <span class='ocrx_word' id='word_1_432' title='bbox 1473 4625 1595 4678; x_wconf 88' lang='lat' dir='ltr'>ornnes,</span> <span class='ocrx_word' id='word_1_433' title='bbox 1620 4605 1705 4689; x_wconf 91' lang='lat' dir='ltr'>quia,</span> <span class='ocrx_word' id='word_1_434' title='bbox 1729 4605 1924 4689; x_wconf 91' lang='lat' dir='ltr'>quicumque</span> <span class='ocrx_word' id='word_1_435' title='bbox 1941 4602 2060 4666; x_wconf 87' lang='lat' dir='ltr'>abinde</span> 
     </span>
     <span class='ocr_line' id='line_1_40' title="bbox 439 4705 2060 4794; baseline 0.001 -25"><span class='ocrx_word' id='word_1_436' title='bbox 439 4705 517 4770; x_wconf 89' lang='lat' dir='ltr'>talia</span> <span class='ocrx_word' id='word_1_437' title='bbox 539 4706 649 4769; x_wconf 82' lang='lat' dir='ltr'>facere</span> <span class='ocrx_word' id='word_1_438' title='bbox 673 4707 941 4793; x_wconf 88' lang='lat' dir='ltr'>praesumpserit,</span> <span class='ocrx_word' id='word_1_439' title='bbox 973 4711 1007 4769; x_wconf 92' lang='lat' dir='ltr'>et</span> <span class='ocrx_word' id='word_1_440' title='bbox 1030 4708 1276 4786; x_wconf 88' lang='lat' dir='ltr'>canonicamet</span> <span class='ocrx_word' id='word_1_441' title='bbox 1299 4709 1441 4794; x_wconf 85' lang='lat' dir='ltr'>regalem</span> <span class='ocrx_word' id='word_1_442' title='bbox 1466 4708 1641 4772; x_wconf 89' lang='lat' dir='ltr'>vindictam</span> <span class='ocrx_word' id='word_1_443' title='bbox 1673 4709 1846 4793; x_wconf 86' lang='lat' dir='ltr'>suscipiet,</span> <span class='ocrx_word' id='word_1_444' title='bbox 1877 4709 1960 4770; x_wconf 89' lang='lat' dir='ltr'>sieut</span> <span class='ocrx_word' id='word_1_445' title='bbox 1983 4716 2060 4771; x_wconf 87' lang='lat' dir='ltr'>tunc</span> 
     </span>
     <span class='ocr_line' id='line_1_41' title="bbox 440 4810 2106 4897; baseline 0.002 -23"><span class='ocrx_word' id='word_1_446' title='bbox 440 4810 587 4874; x_wconf 89' lang='lat' dir='ltr'>omnibus</span> <span class='ocrx_word' id='word_1_447' title='bbox 612 4819 645 4874; x_wconf 87' lang='lat' dir='ltr'>et</span> <span class='ocrx_word' id='word_1_448' title='bbox 660 4811 813 4896; x_wconf 87' lang='lat' dir='ltr'>episcopi</span> <span class='ocrx_word' id='word_1_449' title='bbox 837 4818 869 4875; x_wconf 93' lang='lat' dir='ltr'>et</span> <span class='ocrx_word' id='word_1_450' title='bbox 891 4811 982 4874; x_wconf 92' lang='lat' dir='ltr'>missi</span> <span class='ocrx_word' id='word_1_451' title='bbox 1005 4811 1106 4876; x_wconf 89' lang='lat' dir='ltr'>nostri</span> <span class='ocrx_word' id='word_1_452' title='bbox 1130 4812 1257 4897; x_wconf 91' lang='lat' dir='ltr'>plenius</span> <span class='ocrx_word' id='word_1_453' title='bbox 1281 4813 1534 4878; x_wconf 85' lang='lat' dir='ltr'>adnuntiabunt.</span> <span class='ocrx_word' id='word_1_454' title='bbox 2080 4831 2106 4870; x_wconf 70' lang='grc' dir='ltr'>ιο</span> 
     </span>
    </p>
   </div>
   <div class='ocr_carea' id='block_1_7' title="bbox 961 4983 1545 5050">
    <p class='ocr_par' dir='ltr' id='par_1_11' title="bbox 961 4983 1545 5050">
     <span class='ocr_line' id='line_1_42' title="bbox 961 4983 1545 5050; baseline 0.002 -2"><span class='ocrx_word' id='word_1_455' title='bbox 961 4983 1058 5048; x_wconf 87' lang='lat' dir='ltr'>Item</span> <span class='ocrx_word' id='word_1_456' title='bbox 1082 4984 1332 5050; x_wconf 89' lang='lat' dir='ltr'>adnuntiatio</span> <span class='ocrx_word' id='word_1_457' title='bbox 1354 4985 1545 5050; x_wconf 86' lang='lat' dir='ltr'>Letharii.</span> 
     </span>
    </p>
   </div>
   <div class='ocr_carea' id='block_1_8' title="bbox 442 5099 2062 5297">
    <p class='ocr_par' dir='ltr' id='par_1_12' title="bbox 442 5099 2062 5297">
     <span class='ocr_line' id='line_1_43' title="bbox 549 5099 2062 5194; baseline 0 -26"><span class='ocrx_word' id='word_1_458' title='bbox 549 5105 628 5192; x_wconf 80' lang='lat' dir='ltr'>Cap.</span> <span class='ocrx_word' id='word_1_459' title='bbox 649 5110 675 5168; x_wconf 86' lang='lat' dir='ltr'>l.</span> <span class='ocrx_word' id='word_1_460' title='bbox 708 5105 828 5170; x_wconf 65' lang='lat' dir='ltr'>‘Sciatis</span> <span class='ocrx_word' id='word_1_461' title='bbox 852 5107 962 5182; x_wconf 91' lang='lat' dir='ltr'>etiam,</span> <span class='ocrx_word' id='word_1_462' title='bbox 986 5107 1061 5192; x_wconf 89' lang='lat' dir='ltr'>quia</span> <span class='ocrx_word' id='word_1_463' title='bbox 1085 5107 1373 5184; x_wconf 88' lang='lat' dir='ltr'>consideravimus,</span> <span class='ocrx_word' id='word_1_464' title='bbox 1396 5116 1441 5189; x_wconf 90' lang='lat' dir='ltr'>ut,</span> <span class='ocrx_word' id='word_1_465' title='bbox 1466 5099 1700 5194; x_wconf 65' lang='lat' dir='ltr'>quiscumquel</span> <span class='ocrx_word' id='word_1_466' title='bbox 1717 5107 1910 5171; x_wconf 84' lang='lat' dir='ltr'>malefactor</span> <span class='ocrx_word' id='word_1_467' title='bbox 1934 5107 1973 5170; x_wconf 91' lang='lat' dir='ltr'>dc</span> <span class='ocrx_word' id='word_1_468' title='bbox 1997 5127 2062 5170; x_wconf 89' lang='lat' dir='ltr'>uno</span> 
     </span>
     <span class='ocr_line' id='line_1_44' title="bbox 442 5209 2061 5297; baseline 0.001 -26"><span class='ocrx_word' id='word_1_469' title='bbox 442 5230 541 5293; x_wconf 85' lang='lat' dir='ltr'>regno</span> <span class='ocrx_word' id='word_1_470' title='bbox 564 5217 675 5274; x_wconf 88' lang='lat' dir='ltr'>nostro</span> <span class='ocrx_word' id='word_1_471' title='bbox 698 5209 730 5272; x_wconf 89' lang='lat' dir='ltr'>in</span> <span class='ocrx_word' id='word_1_472' title='bbox 756 5210 894 5274; x_wconf 89' lang='lat' dir='ltr'>alterum</span> <span class='ocrx_word' id='word_1_473' title='bbox 918 5211 1055 5290; x_wconf 87' lang='lat' dir='ltr'>venerit,</span> <span class='ocrx_word' id='word_1_474' title='bbox 1080 5213 1252 5296; x_wconf 88' lang='lat' dir='ltr'>episcopus</span> <span class='ocrx_word' id='word_1_475' title='bbox 1276 5212 1328 5275; x_wconf 91' lang='lat' dir='ltr'>vel</span> <span class='ocrx_word' id='word_1_476' title='bbox 1353 5213 1471 5275; x_wconf 90' lang='lat' dir='ltr'>missus</span> <span class='ocrx_word' id='word_1_477' title='bbox 1495 5213 1564 5274; x_wconf 87' lang='lat' dir='ltr'>sive</span> <span class='ocrx_word' id='word_1_478' title='bbox 1589 5232 1715 5290; x_wconf 84' lang='lat' dir='ltr'>comes,</span> <span class='ocrx_word' id='word_1_479' title='bbox 1740 5210 1781 5274; x_wconf 92' lang='lat' dir='ltr'>de</span> <span class='ocrx_word' id='word_1_480' title='bbox 1804 5232 1941 5297; x_wconf 90' lang='lat' dir='ltr'>quorum</span> <span class='ocrx_word' id='word_1_481' title='bbox 1966 5211 2061 5273; x_wconf 89' lang='lat' dir='ltr'>mini-</span> 
     </span>
    </p>
   </div>
   <div class='ocr_carea' id='block_1_9' title="bbox 441 5382 2107 5538">
    <p class='ocr_par' dir='ltr' id='par_1_13' title="bbox 441 5382 2107 5538">
     <span class='ocr_line' id='line_1_45' title="bbox 546 5382 2062 5452; baseline 0.001 -18"><span class='ocrx_word' id='word_1_482' title='bbox 546 5383 568 5441; x_wconf 82' lang='lat' dir='ltr'>l)</span> <span class='ocrx_word' id='word_1_483' title='bbox 588 5385 640 5451; x_wconf 85' lang='lat' dir='ltr'>ipsa</span> <span class='ocrx_word' id='word_1_484' title='bbox 662 5383 684 5443; x_wconf 93' lang='lat' dir='ltr'>l,</span> <span class='ocrx_word' id='word_1_485' title='bbox 705 5384 780 5446; x_wconf 73' lang='lat' dir='ltr'>Vola,</span> <span class='ocrx_word' id='word_1_486' title='bbox 799 5385 874 5435; x_wconf 74' lang='lat' dir='ltr'>Vatia</span> <span class='ocrx_word' id='word_1_487' title='bbox 968 5385 997 5452; x_wconf 82' lang='lat' dir='ltr'>g)</span> <span class='ocrx_word' id='word_1_488' title='bbox 1016 5386 1142 5438; x_wconf 81' lang='lat' dir='ltr'>Hlotbsrii</span> <span class='ocrx_word' id='word_1_489' title='bbox 1162 5383 1186 5436; x_wconf 87' lang='lat'>3.</span> <span class='ocrx_word' id='word_1_490' title='bbox 1283 5383 1311 5451; x_wconf 90' lang='lat' dir='ltr'>h)</span> <span class='ocrx_word' id='word_1_491' title='bbox 1330 5401 1377 5435; x_wconf 86' lang='lat' dir='ltr'>cm.</span> <span class='ocrx_word' id='word_1_492' title='bbox 1397 5382 1421 5436; x_wconf 88' lang='grc'>3.</span> <span class='ocrx_word' id='word_1_493' title='bbox 1509 5383 1528 5450; x_wconf 84' lang='grc' dir='ltr'>ἰ)</span> <span class='ocrx_word' id='word_1_494' title='bbox 1548 5387 1610 5436; x_wconf 88' lang='lat' dir='ltr'>ltern</span> <span class='ocrx_word' id='word_1_495' title='bbox 1630 5385 1716 5436; x_wconf 85' lang='lat' dir='ltr'>Karoli</span> <span class='ocrx_word' id='word_1_496' title='bbox 1735 5383 1757 5436; x_wconf 80' lang='lat'>2.</span> <span class='ocrx_word' id='word_1_497' title='bbox 1847 5383 1875 5448; x_wconf 83' lang='lat' dir='ltr'>k)</span> <span class='ocrx_word' id='word_1_498' title='bbox 1893 5385 2021 5435; x_wconf 85' lang='lat' dir='ltr'>custodiat</span> <span class='ocrx_word' id='word_1_499' title='bbox 2040 5383 2062 5436; x_wconf 88' lang='lat' dir='ltr'>l.</span> 
     </span>
     <span class='ocr_line' id='line_1_46' title="bbox 441 5471 2107 5538; baseline -0.002 -17"><span class='ocrx_word' id='word_1_500' title='bbox 441 5472 460 5530; x_wconf 79' lang='lat' dir='ltr'>ll</span> <span class='ocrx_word' id='word_1_501' title='bbox 480 5479 578 5522; x_wconf 89' lang='lat' dir='ltr'>tantum</span> <span class='ocrx_word' id='word_1_502' title='bbox 599 5473 748 5538; x_wconf 80' lang='lat' dir='ltr'>mysterium</span> <span class='ocrx_word' id='word_1_503' title='bbox 766 5471 790 5523; x_wconf 87' lang='lat'>3.</span> <span class='ocrx_word' id='word_1_504' title='bbox 2082 5480 2107 5517; x_wconf 75' lang='lat'>⁴5</span> 
     </span>
    </p>
   </div>
   <div class='ocr_carea' id='block_1_10' title="bbox 443 5603 2064 5779">
    <p class='ocr_par' dir='ltr' id='par_1_14' title="bbox 443 5603 2064 5779">
     <span class='ocr_line' id='line_1_47' title="bbox 546 5603 2064 5676; baseline -0.001 -15"><span class='ocrx_word' id='word_1_505' title='bbox 546 5609 573 5674; x_wconf 82' lang='lat' dir='ltr'>l)</span> <span class='ocrx_word' id='word_1_506' title='bbox 593 5607 648 5674; x_wconf 79' lang='lat' dir='ltr'>Osr.</span> <span class='ocrx_word' id='word_1_507' title='bbox 667 5623 751 5674; x_wconf 68' lang='lat' dir='ltr'>aspra</span> <span class='ocrx_word' id='word_1_508' title='bbox 766 5624 794 5676; x_wconf 85' lang='lat' dir='ltr'>p.</span> <span class='ocrx_word' id='word_1_509' title='bbox 807 5609 866 5674; x_wconf 78' lang='lat'>271,</span> <span class='ocrx_word' id='word_1_510' title='bbox 885 5613 939 5662; x_wconf 82' lang='lat' dir='ltr'>aot.</span> <span class='ocrx_word' id='word_1_511' title='bbox 952 5611 976 5662; x_wconf 79' lang='lat' dir='ltr'>b.</span> <span class='ocrx_word' id='word_1_512' title='bbox 1068 5609 1096 5672; x_wconf 81' lang='lat' dir='ltr'>b)</span> <span class='ocrx_word' id='word_1_513' title='bbox 1117 5606 1317 5675; x_wconf 73' lang='lat' dir='ltr'>Goaflrtcntibas</span> <span class='ocrx_word' id='word_1_514' title='bbox 1333 5623 1359 5660; x_wconf 87' lang='lat' dir='ltr'>a.</span> <span class='ocrx_word' id='word_1_515' title='bbox 1372 5605 1431 5673; x_wconf 68' lang='lat' dir='ltr'>uu,</span> <span class='ocrx_word' id='word_1_516' title='bbox 1450 5621 1482 5660; x_wconf 87' lang='lat' dir='ltr'>m.</span> <span class='ocrx_word' id='word_1_517' title='bbox 1504 5603 1596 5668; x_wconf 81' lang='lat' dir='ltr'>Febr.;</span> <span class='ocrx_word' id='word_1_518' title='bbox 1615 5606 1689 5661; x_wconf 78' lang='lat' dir='ltr'>Ana.</span> <span class='ocrx_word' id='word_1_519' title='bbox 1711 5604 1795 5658; x_wconf 83' lang='lat' dir='ltr'>Fald.</span> <span class='ocrx_word' id='word_1_520' title='bbox 1814 5605 1852 5659; x_wconf 87' lang='lat' dir='ltr'>ad.</span> <span class='ocrx_word' id='word_1_521' title='bbox 1874 5606 1966 5660; x_wconf 76' lang='lat' dir='ltr'>Karza</span> <span class='ocrx_word' id='word_1_522' title='bbox 1982 5624 2009 5676; x_wconf 85' lang='lat' dir='ltr'>p.</span> <span class='ocrx_word' id='word_1_523' title='bbox 2023 5607 2064 5661; x_wconf 73' lang='lat'>47.</span> 
     </span>
     <span class='ocr_line' id='line_1_48' title="bbox 443 5707 1952 5779; baseline 0 -15"><span class='ocrx_word' id='word_1_524' title='bbox 443 5713 469 5779; x_wconf 81' lang='lat' dir='ltr'>d)</span> <span class='ocrx_word' id='word_1_525' title='bbox 491 5709 567 5762; x_wconf 72' lang='lat' dir='ltr'>Uerria</span> <span class='ocrx_word' id='word_1_526' title='bbox 587 5727 631 5778; x_wconf 82' lang='lat' dir='ltr'>ap.</span> <span class='ocrx_word' id='word_1_527' title='bbox 652 5711 796 5764; x_wconf 72' lang='lat' dir='ltr'>Marsuam</span> <span class='ocrx_word' id='word_1_528' title='bbox 815 5711 853 5765; x_wconf 86' lang='lat'>11.</span> <span class='ocrx_word' id='word_1_529' title='bbox 865 5713 925 5778; x_wconf 74' lang='grc'><strong>853,</strong></span> <span class='ocrx_word' id='word_1_530' title='bbox 944 5726 1028 5778; x_wconf 79' lang='lat' dir='ltr'>supro</span> <span class='ocrx_word' id='word_1_531' title='bbox 1041 5727 1071 5778; x_wconf 80' lang='lat' dir='ltr'>p.</span> <span class='ocrx_word' id='word_1_532' title='bbox 1085 5711 1126 5776; x_wconf 79' lang='lat'>73,</span> <span class='ocrx_word' id='word_1_533' title='bbox 1144 5726 1165 5764; x_wconf 89' lang='lat' dir='ltr'>c.</span> <span class='ocrx_word' id='word_1_534' title='bbox 1178 5712 1201 5764; x_wconf 83' lang='lat' dir='ltr'>fi.</span> <span class='ocrx_word' id='word_1_535' title='bbox 1291 5709 1317 5774; x_wconf 75' lang='lat' dir='ltr'>ll</span> <span class='ocrx_word' id='word_1_536' title='bbox 1337 5707 1393 5774; x_wconf 76' lang='lat' dir='ltr'>Csr&#39;.</span> <span class='ocrx_word' id='word_1_537' title='bbox 1413 5707 1479 5778; x_wconf 83' lang='lat' dir='ltr'>Oap.</span> <span class='ocrx_word' id='word_1_538' title='bbox 1498 5709 1589 5764; x_wconf 78' lang='lat' dir='ltr'>Silvae.</span> <span class='ocrx_word' id='word_1_539' title='bbox 1602 5711 1662 5775; x_wconf 74' lang='lat'>853,</span> <span class='ocrx_word' id='word_1_540' title='bbox 1679 5726 1762 5778; x_wconf 71' lang='lat' dir='ltr'>mepta</span> <span class='ocrx_word' id='word_1_541' title='bbox 1777 5728 1804 5779; x_wconf 83' lang='lat' dir='ltr'>p.</span> <span class='ocrx_word' id='word_1_542' title='bbox 1817 5711 1876 5776; x_wconf 73' lang='lat'>273,</span> <span class='ocrx_word' id='word_1_543' title='bbox 1894 5727 1914 5764; x_wconf 87' lang='lat' dir='ltr'>c.</span> <span class='ocrx_word' id='word_1_544' title='bbox 1927 5713 1952 5765; x_wconf 88' lang='grc'>8.</span> 
     </span>
    </p>
   </div>
   <div class='ocr_carea' id='block_1_11' title="bbox 0 0 2303 6420">
    <p class='ocr_par' dir='ltr' id='par_1_15' title="bbox 0 0 2303 6420">
     <span class='ocr_line' id='line_1_49' title="bbox 0 0 2303 6420; baseline 0 0"><span class='ocrx_word' id='word_1_545' title='bbox 0 0 2303 6420; x_wconf 95' lang='lat' dir='ltr'> </span> 
     </span>
    </p>
   </div>
  </div>
 </body>
</html>
