4634 6436
502 450 768 505 ADDITAMENTA
787 451 837 505 AD
855 451 1101 507 CAPITULARIA
1119 452 1247 508 REGUM
1265 451 1420 506 ITALIAE.
1438 479 1472 492 -
1490 451 1539 506 Nr.
1553 451 1613 506 228.
1812 453 1868 514 l2l

246 621 418 686 exordium
449 628 484 686 et
509 623 619 688 omnia
649 625 859 706 monasteria,
888 647 971 710 quae
1002 624 1062 688 sub
1091 625 1315 709 episcoporum
1344 629 1420 687 sunt
1441 628 1620 709 potestate,
1649 624 1796 708 protinus
1820 644 1871 688 re·
1890 633 1949 686 850.

247 729 447 798 staurentur;
479 731 521 804 et,
545 727 740 812 quicumque
766 727 991 812 episcoporum
1013 726 1054 790 ad
1078 733 1248 791 venturam
1273 727 1442 810 sequentis
1466 727 1543 790 anni
1566 725 1706 789 Domino
1729 726 1871 811 propitio

247 826 409 912 synodum
438 830 649 909 monasteria,
679 851 762 914 quae
793 830 853 894 sub
882 851 942 894 sua
969 836 1134 914 potestate
1157 830 1309 913 neglecta
1331 828 1475 908 fuerant,
1507 829 1616 913 aliqua
1639 851 1681 894 ex
1704 836 1795 914 parte
1820 850 1871 894 re-

248 951 425 1015 cuperasse
449 939 598 1017 repertus
621 953 687 996 non
709 932 817 1014 fuerit,
841 932 1154 996 excommunicetur.

216 1059 228 1097 s
356 1032 436 1120 Gap.
460 1039 509 1100 15.
544 1033 702 1100 Similiter
726 1035 821 1100 etde
847 1026 1092 1120 synodochiis12
1117 1035 1300 1115 statuimus,
1326 1042 1371 1115 ut,
1396 1055 1619 1120 quaecumque
1644 1036 1677 1098 in
1700 1036 1871 1123 episeopo·

248 1157 318 1201 rum
343 1143 419 1200 sunt
440 1142 615 1222 potestate,
639 1137 819 1202 secundum
834 1138 1081 1224 dispositionem
1100 1159 1221 1216 eorum,
1247 1139 1301 1223 qui
1324 1159 1365 1202 ea
1387 1139 1608 1219 instituerunt,
1632 1138 1871 1223 gubernentur;

248 1260 332 1324 quae
355 1245 466 1304 autem
489 1240 549 1305 sub
572 1239 763 1305 defensione
787 1241 917 1325 quidem
942 1249 1016 1306 sunt
1040 1242 1198 1320 eclesiae,
1228 1250 1276 1305 set
1298 1243 1391 1306 iuxta
1414 1243 1636 1308 institutorum
1660 1241 1791 1306 decreta
1813 1263 1872 1328 per

246 1341 387 1409 heredes
410 1345 462 1408 vel
486 1344 719 1430 pertinentesl,
747 1347 802 1430 qui
830 1346 1015 1430 religiosam
1040 1346 1140 1410 vitam
1164 1345 1333 1424 duxerint,
1364 1345 1434 1429 regi
1457 1345 1596 1420 debent,
1628 1351 1778 1429 procuret
1802 1345 1870 1429 epi-

248 1466 384 1531 seopus,
417 1453 453 1510 ut
483 1446 525 1511 ab
557 1447 603 1510 eis
634 1467 698 1511 non
727 1448 958 1532 neglegentem
992 1454 1024 1512 et
1053 1449 1080 1512 si
1109 1449 1141 1512 in
1170 1448 1277 1532 aliquo
1302 1449 1408 1512 malae
1431 1448 1632 1512 tractationis
1657 1446 1791 1511 obnoxii
1818 1468 1870 1510 re-

204 1576 230 1614 ιο
248 1553 431 1638 pariuntur,
466 1551 710 1617 ecclesiasticae
746 1553 938 1618 subiaceant
969 1552 1169 1637 discipliuae.
1223 1551 1348 1625 Quodsi
1376 1549 1531 1630 heredes,
1568 1549 1636 1614 sive
1663 1549 1772 1613 cleriei
1802 1549 1870 1612 sive

248 1655 425 1733 seculares,
449 1652 531 1718 adeo
554 1655 727 1739 inportune
751 1663 864 1720 contra
886 1657 1043 1719 maiorum
1067 1676 1199 1720 suorum
1219 1654 1353 1721 decreta
1375 1654 1421 1718 ire
1444 1653 1687 1738 temptaverint,
1710 1657 1746 1715 ut
1769 1657 1870 1715 testa-

248 1759 326 1823 toris
357 1757 595 1822 institutionem
628 1758 830 1843 subprimere
860 1758 912 1822 vel
944 1759 1120 1824 obscurare
1151 1759 1296 1822 nitantur
1326 1763 1359 1822 et
1394 1758 1480 1822 inter
1514 1777 1550 1820 sc
1581 1754 1761 1820 sinodochii
1792 1753 1869 1818 suh-

248 1861 402 1925 stantiam
431 1859 592 1939 dividere,
623 1861 788 1924 nuntietur
818 1863 1039 1928 sacratissimo
1068 1865 1272 1948 imperatori,
1305 1869 1340 1926 ut
1368 1861 1438 1926 eius
1468 1862 1663 1924 auctoritate
1686 1857 1872 1923 huiusmodi

247 1969 526 2047 transgressorum
552 1963 697 2047 nequitia
720 1963 942 2029 coherceatur.

204 2092 229 2130 rs
356 2064 436 2150 Cap.
464 2067 512 2131 16.
547 2064 796 2150 Suggerendum
826 2073 878 2132 est
904 2067 1101 2132 beatissimis
1124 2067 1394 2152 imperatoribus,
1424 2066 1500 2150 quia
1522 2065 1570 2145 hi,
1597 2065 1652 2149 qui
1674 2064 1872 2128 monasteria

248 2175 281 2232 et
305 2166 494 2232 sinodochia
517 2168 577 2232 sub
601 2167 791 2234 defensione
817 2171 901 2234 sacri
925 2169 1037 2255 palatii
1061 2175 1254 2255 posuerunt,
1277 2168 1350 2234 ideo
1374 2169 1493 2234 iecisse
1517 2169 1711 2254 probantur,
1743 2165 1872 2252 quoda

247 2270 336 2336 nullo
365 2271 496 2350 melius,
527 2279 624 2356 quam
651 2293 671 2335 a
697 2273 831 2336 summis
853 2272 1071 2359 potestatibus
1094 2272 1297 2357 protegenda
1320 2271 1533 2352 crediderint,
1566 2278 1615 2350 et,
1646 2271 1674 2335 si
1698 2292 1738 2336 ea
1761 2277 1872 2335 contra

247 2373 381 2438 decreta
401 2374 641 2438 instituentium
656 2376 815 2460 personis,
839 2375 957 2460 quibus
974 2375 1140 2453 nonlicet,
1164 2374 1324 2455 dederint,
1347 2376 1410 2461 ipsi
1425 2377 1659 2461 inpugnatores
1677 2373 1870 2453 alliciuntur,

248 2478 303 2562 qui
325 2497 529 2562 propugnare
552 2476 750 2552 debueraut;
774 2485 807 2542 et
829 2478 1008 2543 cavendum
1033 2499 1237 2562 summopere
1260 2479 1541 2566 estsprincipibus,
1565 2485 1610 2557 ut,
1634 2477 1690 2563 qui
1705 2497 1725 2540 a
1741 2476 1870 2542 nemine

203 2604 230 2644 ao
247 2602 333 2646 nunc
364 2581 439 2646 inde
469 2580 668 2661 iudicantur,
700 2603 741 2647 ne
771 2585 803 2647 in
832 2583 939 2647 sutoro
968 2582 1083 2647 iuditio
1107 2583 1148 2647 ab
1173 2583 1396 2668 omnipotente
1420 2580 1491 2646 Deo
1514 2580 1646 2666 gravius
1671 2578 1870 2655 iudicentur;

248 2683 427 2751 secundum
455 2676 676 2770 apostolum13
704 2686 823 2750 etenim
851 2685 1049 2750 horrendum
1077 2693 1129 2750 est
1155 2685 1297 2750 incidere
1325 2687 1357 2750 in
1382 2706 1495 2750 manus
1518 2683 1582 2748 Dei
1606 2683 1756 2748 viventis.
1801 2682 1870 2747 Nos

247 2810 340 2868 vero,
372 2788 447 2873 quis
471 2787 637 2853 debitores
661 2808 789 2867 sumus,
820 2793 857 2851 ut
878 2786 1019 2852 fideliter
1042 2789 1287 2868 annuntiemus,
1320 2785 1439 2851 idcirco
1463 2787 1629 2851 humiliter
1653 2786 1870 2871 suggerimus,

247 2891 335 2978 quod
357 2893 455 2958 silere
478 2911 542 2955 nou
566 2891 734 2957 audemus.
1365 2897 1371 2908 '

356 2994 436 3080 Oap.
462 2998 510 3060 17.
546 2993 670 3060 Omnes
694 2995 888 3059 christianos
913 2995 996 3060 scire
1020 3001 1158 3080 oportet,
1181 2996 1257 3080 quia
1277 2995 1419 3058 omnium
1442 3013 1550 3059 rerum
1574 3012 1706 3057 suarum
1727 2994 1870 3060 decima·

203 3121 229 3161 ss
247 3099 368 3164 tiodem
392 3098 464 3163 Deo
493 3098 634 3163 fideliter
662 3098 799 3163 reddere
829 3097 951 3163 debent
983 3103 1016 3162 et
1039 3096 1217 3162 secundum
1242 3099 1468 3184 episcoporum
1492 3095 1738 3181 dispositionem
1762 3120 1870 3164 sacer-

247 3201 358 3266 dotum
382 3207 415 3265 et
438 3201 638 3286 reliquorum
663 3201 853 3266 clericorum
877 3202 990 3266 usibus
1015 3201 1200 3285 ceterisque
1225 3201 1439 3265 eclesiasticis
1461 3199 1656 3264 utilitatibus
1672 3199 1870 3267 distribuen-

247 3303 309 3368 dae
337 3311 421 3370 suut.
467 3302 530 3377 Qui
554 3326 632 3369 vero
661 3324 718 3368 eas
750 3325 808 3369 suc
831 3304 966 3369 arbitrio
997 3311 1031 3369 et
1058 3325 1122 3368 non
1152 3303 1332 3369 secundum
1359 3303 1506 3388 episcopi
1533 3301 1779 3389 dispositionem
1802 3304 1869 3369 dis-

247 3427 386 3493 pensare
410 3413 554 3485 conatur,
578 3407 741 3492 duplicem
762 3414 888 3472 reatum
910 3408 1058 3472 incurrit:
1088 3429 1197 3487 unum,
1219 3409 1294 3493 quia
1315 3406 1508 3471 dominicam
1531 3407 1746 3472 substantiam
1769 3409 1869 3494 impie

248 3511 425 3590 subtrahit,
450 3512 604 3592 alterum,
629 3511 795 3597 quierem
820 3532 945 3575 sacram
970 3511 1132 3596 sacrilega
1155 3513 1339 3576 temeritate
1364 3512 1487 3576 violare
1511 3511 1678 3596 presumit.
1714 3509 1869 3596 Quisquis

204 3637 230 3676 so
247 3615 347 3706 igitur¹
369 3622 443 3700 post
465 3613 719 3679 admonitionem
744 3615 890 3699 episcopi
913 3621 946 3678 et
969 3613 1174 3679 sacerdotum
1198 3615 1250 3678 vel
1274 3614 1418 3679 decimas
1443 3614 1520 3678 darc
1545 3614 1796 3698 contempseritr
1818 3614 1870 3678 vel

248 3738 304 3802 pro
328 3738 386 3782 suo
409 3718 572 3796 arbitri0¹,
596 3718 714 3803 quibus
738 3717 865 3782 dandae
888 3739 951 3781 uon
975 3724 1065 3796 sunt,
1095 3717 1194 3782 dare‘
1217 3718 1466 3804 presumpserit,
1498 3723 1665 3801 tamquam
1689 3716 1870 3780 divinarum

248 3820 453 3885 sanctionum
483 3827 689 3906 contemptor
719 3827 753 3885 et
782 3827 957 3886 temerator
987 3820 1181 3886 sacerdotali
1213 3826 1265 3886 est
1286 3822 1395 3906 vigore
1424 3819 1619 3908 plectendus
1649 3827 1682 3886 et
1711 3841 1731 3882 a
1759 3840 1870 3884 sacrae

248 3925 480 3990 communionis
504 3926 754 4011 participatione
778 3916 1043 3990 removendus14.

356 4025 435 4111 Cap.
463 4029 511 4093 18.
544 4026 643 4092 Nulla
675 4030 802 4094 ratione
833 4029 942 4093 clerici
973 4035 1030 4093 aut
1060 4026 1250 4092 sacerdotes
1280 4026 1421 4092 habendi
1451 4033 1543 4107 sunt,
1578 4027 1632 4110 qui
1661 4025 1722 4090 suh
1749 4025 1870 4090 nullius

247 4235 356 4320 prisca
379 4234 540 4298 ecclesiae
563 4235 762 4301 consuetudo
785 4237 994 4322 nuncupavit.
1041 4235 1188 4301 Ducendi
1213 4241 1288 4300 suut
1309 4235 1408 4319 igitur
1431 4233 1596 4299 seculares
1619 4233 1691 4310 viri,
1716 4239 1760 4312 ut,
1788 4233 1871 4296 siin

247 4336 396 4402 domibus
426 4337 493 4401 suis
521 4338 668 4401 misteria
697 4336 808 4402 divina
835 4339 956 4424 iugiter
983 4339 1129 4404 exerceri
1156 4337 1358 4416 desiderant,
1391 4335 1476 4420 quod
1501 4334 1594 4400 valde
1620 4335 1785 4400 laudabile
1809 4342 1871 4414 est,

248 4440 289 4504 ab
313 4439 363 4504 his
387 4445 495 4504 tamen
519 4445 713 4520 tractentur,
741 4443 796 4526 qui
821 4442 862 4505 ab
887 4442 1049 4526 episcopis
1074 4442 1253 4506 examinati
1276 4441 1395 4505 luerint
1418 4447 1451 4504 et
1474 4440 1515 4505 ab
1540 4438 1780 4503 ordinatoribus
1804 4441 1871 4504 suis

248 4542 524 4608 commendaticiis
548 4543 665 4607 litteris
689 4545 834 4609 comitati
854 4537 1078 4629 probanturst‘,
1103 4565 1175 4608 cum
1200 4543 1240 4607 ad
1264 4544 1437 4628 peregrina
1460 4542 1545 4606 sorte
1568 4541 1710 4626 migrare
1733 4563 1870 4608 necesse

205 4673 231 4711 ιο
248 4653 306 4712 est.
352 4646 387 4710 si
416 4647 472 4730 qui
502 4649 596 4731 ergot
624 4653 866 4732 contemptores
898 4668 1059 4718 canonum
1090 4646 1347 4713 extraordinarie
1377 4653 1411 4711 et
1436 4645 1558 4710 inlicite
1587 4647 1810 4711 ministrantes
1838 4653 1872 4712 et

248 4747 356 4812 divina
387 4755 592 4813 sacramenta
622 4750 733 4813 taliter
760 4750 920 4814 violantes
952 4751 1176 4829 inveniuntur,
1216 4750 1353 4835 primum
1382 4750 1424 4815 ab
1456 4750 1613 4836 episeopo
1643 4757 1780 4833 uterque
1813 4749 1871 4813 ad-

248 4857 426 4930 moneatur,
450 4858 483 4915 et
505 4872 630 4936 vagans
655 4852 780 4917 scilicet
802 4853 938 4917 clericus
955 4853 1008 4918 vel
1032 4852 1185 4917 sacerdos
1209 4857 1242 4915 et
1265 4853 1323 4930 isl,
1348 4853 1401 4937 qui
1423 4853 1494 4916 eius
1518 4853 1731 4937 usurpativo'
1755 4853 1872 4917 fruitur

249 4953 370 5033 officio,
393 4955 475 5019 etsi
498 4955 540 5018 ab
563 4955 625 5020 hac
649 4956 811 5020 noluerint
833 4977 868 5020 se
891 4956 1074 5021 temeritate
1099 4976 1324 5039 compescere,
1348 4956 1683 5021 excommunicentur.
1730 4955 1797 5021 Sed
1821 4962 1871 5021 et·

248 5057 303 5120 ille
325 5076 482 5121 excessus
505 5059 635 5125 omnino
658 5058 852 5125 inhibendus
876 5065 937 5139 est,
961 5057 1048 5144 quod
1071 5057 1201 5144 quidam
1225 5058 1390 5124 seculares
1407 5057 1467 5120 viri
1482 5058 1682 5143 presbiteros
1707 5065 1764 5122 aut
1786 5060 1870 5125 alios

206 5264 230 5304 ιι
350 5246 377 5316 p)
396 5255 513 5314 parentes
532 5247 554 5301 l.
608 5247 635 5314 q)
653 5251 716 5316 quia
733 5247 757 5300 2.
811 5251 833 5313 r)
851 5251 1033 5317 contempserit
1112 5249 1174 5300 dare
1191 5266 1239 5300 om.
1257 5247 1283 5298 ⁶2.
1342 5247 1364 5310 s)
1383 5265 1431 5298 cm.
1452 5246 1475 5299 1.
1534 5245 1556 5313 t)
1575 5265 1662 5300 eorum
1681 5247 1705 5301 2.
1758 5250 1788 5316 ιι)
1806 5251 1828 5302 si
1847 5251 1872 5303 2.

248 5334 275 5396 v)
292 5336 444 5403 usurpative
463 5334 486 5387 1.

352 5520 394 5586 12)
414 5519 471 5584 Csr.
492 5518 558 5586 Cap.
581 5519 650 5572 mist.
673 5521 735 5587 832,
762 5537 847 5589 supro
866 5539 895 5590 p.
913 5525 959 5589 63,
982 5539 1009 5574 a.
1028 5522 1052 5575 1.
1078 5518 1148 5588 [K]
1263 5519 1306 5580 13)
1327 5516 1424 5569 librae
1446 5516 1489 5581 10,
1507 5517 1549 5570 31.
1664 5518 1706 5582 14)
1730 5518 1785 5584 Osr.
1808 5519 1872 5586 Cap.

250 5621 317 5675 Kar.
337 5621 376 5674 ΙΙ.
400 5621 469 5690 Pap.
488 5621 550 5689 876,
576 5639 661 5690 ιιιρια
683 5641 710 5689 p.
729 5626 789 5690 lot,
812 5642 832 5680 c.
849 5628 895 5690 11,·
919 5625 1015 5695 synod
1037 5623 1157 5678 Rouana.
1175 5623 1240 5689 898,
1266 5621 1340 5686 infra
1362 5619 1551 5688 p.124,c.1.
1579 5618 1647 5688 [It]
1753 5623 1796 5688 15)
1816 5620 1872 5686 Gsr.

252 5723 334 5792 Osos·
352 5725 427 5792 mec·
444 5725 590 5792 ιιι-850,
606 5741 690 5792 aaa
707 5742 732 5793 ρ.
746 5729 787 5795 sr,
806 5743 827 5782 c.
840 5729 871 5794 ³.·
900 5729 981 5796 capp.
999 5727 1060 5794 sos,
1078 5731 1136 5778 am.
1152 5725 1174 5791 ι,
1189 5741 1219 5792 p.
1235 5724 1292 5790 110,
1311 5739 1332 5777 ι.
1347 5723 1394 5787 ra·
1416 5738 1446 5788 ρ.
1461 5720 1518 5787 ros,
1536 5735 1557 5772 ο.
1570 5721 1595 5773 a.
1622 5720 1690 5792 [ιι]

351 5835 388 5872 ιι.
408 5835 576 5874 menmium
594 5836 620 5876 u.
1635 5814 1667 5866 16
