<?xml version="1.0" encoding="UTF-8"?>
<!DOCTYPE html PUBLIC "-//W3C//DTD XHTML 1.0 Transitional//EN"
    "http://www.w3.org/TR/xhtml1/DTD/xhtml1-transitional.dtd">
<html xmlns="http://www.w3.org/1999/xhtml" xml:lang="en" lang="en">
 <head>
  <title>
</title>
<meta http-equiv="Content-Type" content="text/html;charset=utf-8" />
  <meta name='ocr-system' content='tesseract 3.04.00' />
  <meta name='ocr-capabilities' content='ocr_page ocr_carea ocr_par ocr_line ocrx_word'/>
</head>
<body>
  <div class='ocr_page' id='page_1' title='image "./monumentagerman07mittgoog_0218.png"; bbox 0 0 4568 6434; ppageno 0'>
   <div class='ocr_carea' id='block_1_1' title="bbox 361 456 1871 524">
    <p class='ocr_par' dir='ltr' id='par_1_1' title="bbox 361 456 1871 524">
     <span class='ocr_line' id='line_1_1' title="bbox 361 456 1871 524; baseline 0.007 -13"><span class='ocrx_word' id='word_1_1' title='bbox 361 457 630 512; x_wconf 80' lang='lat' dir='ltr'><strong>ADDITAMENTA</strong></span> <span class='ocrx_word' id='word_1_2' title='bbox 650 458 698 512; x_wconf 81' lang='lat' dir='ltr'>AD</span> <span class='ocrx_word' id='word_1_3' title='bbox 716 457 963 514; x_wconf 73' lang='lat' dir='ltr'>carrucatam</span> <span class='ocrx_word' id='word_1_4' title='bbox 981 456 1112 513; x_wconf 80' lang='lat' dir='ltr'><strong>REGUM</strong></span> <span class='ocrx_word' id='word_1_5' title='bbox 1130 457 1314 512; x_wconf 73' lang='lat' dir='ltr'>Fatuclus</span> <span class='ocrx_word' id='word_1_6' title='bbox 1333 457 1564 513; x_wconf 77' lang='lat' dir='ltr'>oalervvltla·</span> <span class='ocrx_word' id='word_1_7' title='bbox 1580 487 1614 497; x_wconf 92' lang='lat'>-</span> <span class='ocrx_word' id='word_1_8' title='bbox 1632 458 1681 514; x_wconf 87' lang='lat' dir='ltr'>Nr.</span> <span class='ocrx_word' id='word_1_9' title='bbox 1692 459 1752 513; x_wconf 79' lang='lat'>248.</span> <span class='ocrx_word' id='word_1_10' title='bbox 1812 463 1871 524; x_wconf 86' lang='grc'>177</span> 
     </span>
    </p>
   </div>
   <div class='ocr_carea' id='block_1_2' title="bbox 243 628 1949 794">
    <p class='ocr_par' dir='ltr' id='par_1_2' title="bbox 243 628 1949 794">
     <span class='ocr_line' id='line_1_2' title="bbox 244 628 1949 702; baseline -0.001 -17"><span class='ocrx_word' id='word_1_11' title='bbox 244 632 287 685; x_wconf 86' lang='lat' dir='ltr'>est</span> <span class='ocrx_word' id='word_1_12' title='bbox 304 628 457 685; x_wconf 85' lang='lat' dir='ltr'>interdicta</span> <span class='ocrx_word' id='word_1_13' title='bbox 474 628 601 694; x_wconf 87' lang='lat' dir='ltr'>licentia,</span> <span class='ocrx_word' id='word_1_14' title='bbox 625 647 681 699; x_wconf 88' lang='lat' dir='ltr'>qua</span> <span class='ocrx_word' id='word_1_15' title='bbox 700 630 729 684; x_wconf 94' lang='lat' dir='ltr'>in</span> <span class='ocrx_word' id='word_1_16' title='bbox 747 631 888 702; x_wconf 89' lang='lat' dir='ltr'>baptismo</span> <span class='ocrx_word' id='word_1_17' title='bbox 907 630 1056 687; x_wconf 88' lang='lat' dir='ltr'>tribuendo</span> <span class='ocrx_word' id='word_1_18' title='bbox 1074 629 1222 699; x_wconf 90' lang='lat' dir='ltr'>quolibet⁰</span> <span class='ocrx_word' id='word_1_19' title='bbox 1240 633 1388 700; x_wconf 75' lang='lat' dir='ltr'>tempores</span> <span class='ocrx_word' id='word_1_20' title='bbox 1407 629 1655 700; x_wconf 76' lang='lat' dir='ltr'>periclitantibusa</span> <span class='ocrx_word' id='word_1_21' title='bbox 1673 630 1870 686; x_wconf 75' lang='lat' dir='ltr'>subvenitur¹&#39;.</span> <span class='ocrx_word' id='word_1_22' title='bbox 1889 642 1949 699; x_wconf 70' lang='lat'>847,</span> 
     </span>
     <span class='ocr_line' id='line_1_3' title="bbox 243 691 1871 794; baseline 0.002 -25"><span class='ocrx_word' id='word_1_23' title='bbox 243 714 279 769; x_wconf 81' lang='lat' dir='ltr'>Et</span> <span class='ocrx_word' id='word_1_24' title='bbox 301 715 427 770; x_wconf 89' lang='lat' dir='ltr'>Siricius:</span> <span class='ocrx_word' id='word_1_25' title='bbox 456 691 532 769; x_wconf 68' lang='lat' dir='ltr'>‘In34</span> <span class='ocrx_word' id='word_1_26' title='bbox 557 715 685 785; x_wconf 88' lang='lat' dir='ltr'>qualibet</span> <span class='ocrx_word' id='word_1_27' title='bbox 707 717 874 773; x_wconf 70' lang='lat' dir='ltr'><strong>necessitate</strong></span> <span class='ocrx_word' id='word_1_28' title='bbox 891 717 977 773; x_wconf 86' lang='lat' dir='ltr'>fuerit</span> <span class='ocrx_word' id='word_1_29' title='bbox 1000 736 1070 788; x_wconf 91' lang='lat' dir='ltr'>opus</span> <span class='ocrx_word' id='word_1_30' title='bbox 1093 717 1164 772; x_wconf 87' lang='lat' dir='ltr'>sacri</span> <span class='ocrx_word' id='word_1_31' title='bbox 1182 717 1258 794; x_wconf 81' lang='lat' dir='ltr'>unda</span> <span class='ocrx_word' id='word_1_32' title='bbox 1275 717 1467 788; x_wconf 90' lang='lat' dir='ltr'>baptismatis,</span> <span class='ocrx_word' id='word_1_33' title='bbox 1486 717 1561 773; x_wconf 88' lang='lat' dir='ltr'>omni</span> <span class='ocrx_word' id='word_1_34' title='bbox 1580 717 1707 773; x_wconf 88' lang='lat' dir='ltr'>volumus</span> <span class='ocrx_word' id='word_1_35' title='bbox 1726 715 1871 792; x_wconf 83' lang='lat' dir='ltr'>celeritate</span> 
     </span>
    </p>
   </div>
   <div class='ocr_carea' id='block_1_3' title="bbox 215 795 1870 1509">
    <p class='ocr_par' dir='ltr' id='par_1_3' title="bbox 215 795 1870 1509">
     <span class='ocr_line' id='line_1_4' title="bbox 244 795 1870 892; baseline 0.001 -26"><span class='ocrx_word' id='word_1_36' title='bbox 244 813 385 868; x_wconf 83' lang='lat' dir='ltr'>succurri&#39;.</span> <span class='ocrx_word' id='word_1_37' title='bbox 429 795 602 868; x_wconf 66' lang='lat' dir='ltr'>Debent³5</span> <span class='ocrx_word' id='word_1_38' title='bbox 630 804 732 889; x_wconf 90' lang='lat' dir='ltr'>igitur</span> <span class='ocrx_word' id='word_1_39' title='bbox 762 807 909 892; x_wconf 82' lang='lat' dir='ltr'>episcopi</span> <span class='ocrx_word' id='word_1_40' title='bbox 937 816 1031 870; x_wconf 82' lang='lat' dir='ltr'>cum·</span> <span class='ocrx_word' id='word_1_41' title='bbox 1060 825 1178 890; x_wconf 86' lang='lat' dir='ltr'>magna</span> <span class='ocrx_word' id='word_1_42' title='bbox 1207 804 1377 892; x_wconf 73' lang='lat' dir='ltr'>diligentia</span> <span class='ocrx_word' id='word_1_43' title='bbox 1406 806 1598 890; x_wconf 90' lang='lat' dir='ltr'>presbiteris</span> <span class='ocrx_word' id='word_1_44' title='bbox 1632 806 1719 869; x_wconf 64' lang='lat' dir='ltr'>suis*</span> <span class='ocrx_word' id='word_1_45' title='bbox 1742 804 1870 868; x_wconf 86' lang='lat' dir='ltr'>tradere</span> 
     </span>
     <span class='ocr_line' id='line_1_5' title="bbox 244 905 1868 996; baseline 0 -26"><span class='ocrx_word' id='word_1_46' title='bbox 244 906 401 993; x_wconf 88' lang='lat' dir='ltr'>baptismi</span> <span class='ocrx_word' id='word_1_47' title='bbox 433 912 672 971; x_wconf 88' lang='lat' dir='ltr'>sacramentum</span> <span class='ocrx_word' id='word_1_48' title='bbox 705 915 738 973; x_wconf 92' lang='lat' dir='ltr'>et</span> <span class='ocrx_word' id='word_1_49' title='bbox 769 908 845 996; x_wconf 93' lang='lat' dir='ltr'>quid</span> <span class='ocrx_word' id='word_1_50' title='bbox 869 909 901 972; x_wconf 93' lang='lat' dir='ltr'>in</span> <span class='ocrx_word' id='word_1_51' title='bbox 925 908 1040 972; x_wconf 93' lang='lat' dir='ltr'>eodem</span> <span class='ocrx_word' id='word_1_52' title='bbox 1065 907 1316 972; x_wconf 88' lang='lat' dir='ltr'>renuntiandum</span> <span class='ocrx_word' id='word_1_53' title='bbox 1341 907 1459 993; x_wconf 91' lang='lat' dir='ltr'>quidve</span> <span class='ocrx_word' id='word_1_54' title='bbox 1484 907 1682 972; x_wconf 90' lang='lat' dir='ltr'>credendum</span> <span class='ocrx_word' id='word_1_55' title='bbox 1707 908 1757 971; x_wconf 91' lang='lat' dir='ltr'>sit.</span> <span class='ocrx_word' id='word_1_56' title='bbox 1801 905 1868 971; x_wconf 89' lang='lat' dir='ltr'>Re·</span> 
     </span>
     <span class='ocr_line' id='line_1_6' title="bbox 215 1001 1870 1098; baseline 0 -25"><span class='ocrx_word' id='word_1_57' title='bbox 215 1001 447 1074; x_wconf 77' lang='lat' dir='ltr'>enuntiatur36</span> <span class='ocrx_word' id='word_1_58' title='bbox 475 1011 560 1074; x_wconf 91' lang='lat' dir='ltr'>enim</span> <span class='ocrx_word' id='word_1_59' title='bbox 583 1009 715 1075; x_wconf 90' lang='lat' dir='ltr'>diabulo</span> <span class='ocrx_word' id='word_1_60' title='bbox 739 1016 772 1075; x_wconf 91' lang='lat' dir='ltr'>et</span> <span class='ocrx_word' id='word_1_61' title='bbox 796 1011 948 1097; x_wconf 75' lang='lat' dir='ltr'>operibus</span> <span class='ocrx_word' id='word_1_62' title='bbox 972 1017 1090 1097; x_wconf 87' lang='lat' dir='ltr'>atqueu</span> <span class='ocrx_word' id='word_1_63' title='bbox 1114 1011 1241 1097; x_wconf 83' lang='lat' dir='ltr'>pompis</span> <span class='ocrx_word' id='word_1_64' title='bbox 1265 1012 1345 1075; x_wconf 91' lang='lat' dir='ltr'>eius.</span> <span class='ocrx_word' id='word_1_65' title='bbox 1386 1011 1496 1098; x_wconf 88' lang='lat' dir='ltr'>Opera</span> <span class='ocrx_word' id='word_1_66' title='bbox 1519 1031 1596 1075; x_wconf 91' lang='lat' dir='ltr'>vero</span> <span class='ocrx_word' id='word_1_67' title='bbox 1621 1009 1743 1074; x_wconf 90' lang='lat' dir='ltr'>diaboli</span> <span class='ocrx_word' id='word_1_68' title='bbox 1768 1031 1870 1097; x_wconf 90' lang='lat' dir='ltr'>opera</span> 
     </span>
     <span class='ocr_line' id='line_1_7' title="bbox 244 1113 1869 1199; baseline -0.001 -21"><span class='ocrx_word' id='word_1_69' title='bbox 244 1114 349 1178; x_wconf 87' lang='lat' dir='ltr'>carnis</span> <span class='ocrx_word' id='word_1_70' title='bbox 379 1134 452 1178; x_wconf 86' lang='lat' dir='ltr'>esse</span> <span class='ocrx_word' id='word_1_71' title='bbox 483 1114 734 1198; x_wconf 87' lang='lat' dir='ltr'>intelleguntur;</span> <span class='ocrx_word' id='word_1_72' title='bbox 763 1135 848 1199; x_wconf 90' lang='lat' dir='ltr'>quae</span> <span class='ocrx_word' id='word_1_73' title='bbox 880 1121 968 1179; x_wconf 90' lang='lat' dir='ltr'>sunt:</span> <span class='ocrx_word' id='word_1_74' title='bbox 998 1113 1187 1194; x_wconf 86' lang='lat' dir='ltr'>homicidia,</span> <span class='ocrx_word' id='word_1_75' title='bbox 1216 1113 1461 1194; x_wconf 78' lang='lat' dir='ltr'>fornicationes,</span> <span class='ocrx_word' id='word_1_76' title='bbox 1490 1113 1665 1192; x_wconf 87' lang='lat' dir='ltr'>adulteria,</span> <span class='ocrx_word' id='word_1_77' title='bbox 1690 1114 1869 1178; x_wconf 79' lang='lat' dir='ltr'>ebrietates</span> 
     </span>
     <span class='ocr_line' id='line_1_8' title="bbox 244 1215 1870 1303; baseline 0.001 -24"><span class='ocrx_word' id='word_1_78' title='bbox 244 1222 278 1280; x_wconf 90' lang='lat' dir='ltr'>et</span> <span class='ocrx_word' id='word_1_79' title='bbox 300 1216 402 1281; x_wconf 90' lang='lat' dir='ltr'>multa</span> <span class='ocrx_word' id='word_1_80' title='bbox 426 1215 491 1281; x_wconf 89' lang='lat' dir='ltr'>alia</span> <span class='ocrx_word' id='word_1_81' title='bbox 514 1217 565 1281; x_wconf 92' lang='lat' dir='ltr'>his</span> <span class='ocrx_word' id='word_1_82' title='bbox 588 1217 720 1290; x_wconf 87' lang='lat' dir='ltr'>similia;</span> <span class='ocrx_word' id='word_1_83' title='bbox 751 1239 835 1303; x_wconf 90' lang='lat' dir='ltr'>quae</span> <span class='ocrx_word' id='word_1_84' title='bbox 863 1217 1015 1281; x_wconf 90' lang='lat' dir='ltr'>nimirum</span> <span class='ocrx_word' id='word_1_85' title='bbox 1043 1217 1203 1281; x_wconf 91' lang='lat' dir='ltr'>diabolico</span> <span class='ocrx_word' id='word_1_86' title='bbox 1234 1217 1389 1282; x_wconf 92' lang='lat' dir='ltr'>instinctu</span> <span class='ocrx_word' id='word_1_87' title='bbox 1413 1218 1502 1302; x_wconf 90' lang='lat' dir='ltr'>prius</span> <span class='ocrx_word' id='word_1_88' title='bbox 1527 1215 1726 1300; x_wconf 79' lang='lat' dir='ltr'>cogitatione</span> <span class='ocrx_word' id='word_1_89' title='bbox 1751 1217 1870 1280; x_wconf 91' lang='lat' dir='ltr'>mentis</span> 
     </span>
     <span class='ocr_line' id='line_1_9' title="bbox 243 1319 1870 1408; baseline -0.001 -25"><span class='ocrx_word' id='word_1_90' title='bbox 243 1319 487 1405; x_wconf 89' lang='lat' dir='ltr'>concipiuntur,</span> <span class='ocrx_word' id='word_1_91' title='bbox 516 1341 613 1405; x_wconf 91' lang='lat' dir='ltr'>quam</span> <span class='ocrx_word' id='word_1_92' title='bbox 641 1342 740 1406; x_wconf 89' lang='lat' dir='ltr'>opere</span> <span class='ocrx_word' id='word_1_93' title='bbox 764 1327 1002 1408; x_wconf 89' lang='lat' dir='ltr'>perpetrentur.</span> <span class='ocrx_word' id='word_1_94' title='bbox 1046 1321 1191 1407; x_wconf 93' lang='lat' dir='ltr'>Pompae</span> <span class='ocrx_word' id='word_1_95' title='bbox 1216 1342 1292 1385; x_wconf 92' lang='lat' dir='ltr'>vero</span> <span class='ocrx_word' id='word_1_96' title='bbox 1317 1319 1484 1386; x_wconf 78' lang='lat' dir='ltr'>eiusdemv</span> <span class='ocrx_word' id='word_1_97' title='bbox 1506 1327 1594 1383; x_wconf 90' lang='lat' dir='ltr'>sunt:</span> <span class='ocrx_word' id='word_1_98' title='bbox 1627 1319 1796 1404; x_wconf 91' lang='lat' dir='ltr'>superbia,</span> <span class='ocrx_word' id='word_1_99' title='bbox 1821 1319 1870 1381; x_wconf 92' lang='lat' dir='ltr'>ia-</span> 
     </span>
     <span class='ocr_line' id='line_1_10' title="bbox 244 1421 1867 1509; baseline 0 -23"><span class='ocrx_word' id='word_1_100' title='bbox 244 1423 374 1500; x_wconf 88' lang='lat' dir='ltr'>ctantia,</span> <span class='ocrx_word' id='word_1_101' title='bbox 391 1423 499 1503; x_wconf 92' lang='lat' dir='ltr'>elatio,</span> <span class='ocrx_word' id='word_1_102' title='bbox 516 1445 600 1487; x_wconf 92' lang='lat' dir='ltr'>vana</span> <span class='ocrx_word' id='word_1_103' title='bbox 615 1426 730 1508; x_wconf 91' lang='lat' dir='ltr'>gloria,</span> <span class='ocrx_word' id='word_1_104' title='bbox 745 1424 873 1489; x_wconf 78' lang='lat' dir='ltr'>fastusv</span> <span class='ocrx_word' id='word_1_105' title='bbox 896 1431 930 1488; x_wconf 93' lang='lat' dir='ltr'>et</span> <span class='ocrx_word' id='word_1_106' title='bbox 952 1425 1016 1489; x_wconf 89' lang='lat' dir='ltr'>alia</span> <span class='ocrx_word' id='word_1_107' title='bbox 1031 1423 1127 1509; x_wconf 87' lang='lat' dir='ltr'>quam</span> <span class='ocrx_word' id='word_1_108' title='bbox 1143 1425 1291 1509; x_wconf 90' lang='lat' dir='ltr'>plurima,</span> <span class='ocrx_word' id='word_1_109' title='bbox 1308 1433 1418 1508; x_wconf 76' lang='lat' dir='ltr'>quaew</span> <span class='ocrx_word' id='word_1_110' title='bbox 1440 1442 1483 1485; x_wconf 84' lang='lat' dir='ltr'>ex</span> <span class='ocrx_word' id='word_1_111' title='bbox 1506 1423 1556 1486; x_wconf 91' lang='lat' dir='ltr'>his</span> <span class='ocrx_word' id='word_1_112' title='bbox 1580 1422 1685 1486; x_wconf 77' lang='lat' dir='ltr'>oririw</span> <span class='ocrx_word' id='word_1_113' title='bbox 1708 1421 1867 1487; x_wconf 91' lang='lat' dir='ltr'>videntur.</span> 
     </span>
    </p>
   </div>
   <div class='ocr_carea' id='block_1_4' title="bbox 200 1535 1870 1631">
    <p class='ocr_par' dir='ltr' id='par_1_4' title="bbox 200 1535 1870 1631">
     <span class='ocr_line' id='line_1_11' title="bbox 200 1535 1870 1631; baseline 0.002 -29"><span class='ocrx_word' id='word_1_114' title='bbox 200 1564 227 1603; x_wconf 80' lang='lat' dir='ltr'>rc</span> <span class='ocrx_word' id='word_1_115' title='bbox 352 1546 381 1608; x_wconf 86' lang='grc'><strong>4.</strong></span> <span class='ocrx_word' id='word_1_116' title='bbox 416 1542 473 1608; x_wconf 91' lang='lat' dir='ltr'>De</span> <span class='ocrx_word' id='word_1_117' title='bbox 501 1565 600 1629; x_wconf 89' lang='lat' dir='ltr'>pace</span> <span class='ocrx_word' id='word_1_118' title='bbox 631 1550 671 1608; x_wconf 93' lang='lat' dir='ltr'>et</span> <span class='ocrx_word' id='word_1_119' title='bbox 703 1545 929 1610; x_wconf 88' lang='lat' dir='ltr'>concordia.</span> <span class='ocrx_word' id='word_1_120' title='bbox 988 1543 1073 1609; x_wconf 84' lang='lat' dir='ltr'>Sane</span> <span class='ocrx_word' id='word_1_121' title='bbox 1110 1565 1192 1631; x_wconf 93' lang='lat' dir='ltr'>opus</span> <span class='ocrx_word' id='word_1_122' title='bbox 1217 1551 1285 1624; x_wconf 88' lang='lat' dir='ltr'>est,</span> <span class='ocrx_word' id='word_1_123' title='bbox 1325 1535 1390 1608; x_wconf 80' lang='lat' dir='ltr'>ut3⁷</span> <span class='ocrx_word' id='word_1_124' title='bbox 1420 1570 1477 1623; x_wconf 83' lang='lat' dir='ltr'>pax</span> <span class='ocrx_word' id='word_1_125' title='bbox 1499 1556 1529 1608; x_wconf 88' lang='lat' dir='ltr'>et</span> <span class='ocrx_word' id='word_1_126' title='bbox 1551 1551 1701 1608; x_wconf 83' lang='lat' dir='ltr'>concordia</span> <span class='ocrx_word' id='word_1_127' title='bbox 1723 1551 1870 1620; x_wconf 69' lang='lat' dir='ltr'>citatque</span> 
     </span>
    </p>
   </div>
   <div class='ocr_carea' id='block_1_5' title="bbox 244 1643 1870 1716">
    <p class='ocr_par' dir='ltr' id='par_1_5' title="bbox 244 1643 1870 1716">
     <span class='ocr_line' id='line_1_12' title="bbox 244 1643 1870 1716; baseline 0.001 -19"><span class='ocrx_word' id='word_1_128' title='bbox 244 1643 436 1698; x_wconf 81' lang='lat' dir='ltr'>unanimitas¹</span> <span class='ocrx_word' id='word_1_129' title='bbox 464 1644 494 1699; x_wconf 92' lang='lat' dir='ltr'>in</span> <span class='ocrx_word' id='word_1_130' title='bbox 515 1645 621 1715; x_wconf 89' lang='lat' dir='ltr'>populo</span> <span class='ocrx_word' id='word_1_131' title='bbox 644 1646 790 1712; x_wconf 89' lang='lat' dir='ltr'>cristiano,</span> <span class='ocrx_word' id='word_1_132' title='bbox 818 1647 886 1716; x_wconf 87' lang='lat' dir='ltr'>quia</span> <span class='ocrx_word' id='word_1_133' title='bbox 909 1665 996 1702; x_wconf 90' lang='lat' dir='ltr'>unum</span> <span class='ocrx_word' id='word_1_134' title='bbox 1014 1647 1101 1701; x_wconf 92' lang='lat' dir='ltr'>Deum</span> <span class='ocrx_word' id='word_1_135' title='bbox 1125 1649 1235 1716; x_wconf 90' lang='lat' dir='ltr'>patrem</span> <span class='ocrx_word' id='word_1_136' title='bbox 1260 1645 1395 1700; x_wconf 90' lang='lat' dir='ltr'>habemus</span> <span class='ocrx_word' id='word_1_137' title='bbox 1417 1645 1467 1699; x_wconf 83' lang='lat' dir='ltr'>inv</span> <span class='ocrx_word' id='word_1_138' title='bbox 1488 1643 1572 1700; x_wconf 88' lang='lat' dir='ltr'>caelis</span> <span class='ocrx_word' id='word_1_139' title='bbox 1596 1647 1625 1699; x_wconf 87' lang='lat' dir='ltr'>et</span> <span class='ocrx_word' id='word_1_140' title='bbox 1649 1661 1734 1699; x_wconf 88' lang='lat' dir='ltr'>unam</span> <span class='ocrx_word' id='word_1_141' title='bbox 1752 1647 1870 1698; x_wconf 90' lang='lat' dir='ltr'>matrem</span> 
     </span>
    </p>
   </div>
   <div class='ocr_carea' id='block_1_6' title="bbox 243 1728 1869 1809">
    <p class='ocr_par' dir='ltr' id='par_1_6' title="bbox 243 1728 1869 1809">
     <span class='ocr_line' id='line_1_13' title="bbox 243 1728 1869 1809; baseline 0.001 -25"><span class='ocrx_word' id='word_1_142' title='bbox 243 1728 397 1798; x_wconf 88' lang='lat' dir='ltr'>ecclesiam,</span> <span class='ocrx_word' id='word_1_143' title='bbox 416 1747 501 1784; x_wconf 88' lang='lat' dir='ltr'>unam</span> <span class='ocrx_word' id='word_1_144' title='bbox 519 1731 627 1796; x_wconf 74' lang='lat' dir='ltr'>fidem2,</span> <span class='ocrx_word' id='word_1_145' title='bbox 646 1750 732 1786; x_wconf 88' lang='lat' dir='ltr'>unum</span> <span class='ocrx_word' id='word_1_146' title='bbox 750 1732 900 1802; x_wconf 80' lang='lat' dir='ltr'>baptisma.</span> <span class='ocrx_word' id='word_1_147' title='bbox 936 1734 1002 1789; x_wconf 89' lang='lat' dir='ltr'>Ideo</span> <span class='ocrx_word' id='word_1_148' title='bbox 1020 1732 1049 1786; x_wconf 88' lang='lat' dir='ltr'>in</span> <span class='ocrx_word' id='word_1_149' title='bbox 1069 1750 1126 1788; x_wconf 89' lang='lat' dir='ltr'>una</span> <span class='ocrx_word' id='word_1_150' title='bbox 1144 1750 1215 1802; x_wconf 89' lang='lat' dir='ltr'>pace</span> <span class='ocrx_word' id='word_1_151' title='bbox 1232 1736 1262 1788; x_wconf 88' lang='lat' dir='ltr'>et</span> <span class='ocrx_word' id='word_1_152' title='bbox 1279 1732 1466 1788; x_wconf 82' lang='lat' dir='ltr'>unanimitate</span> <span class='ocrx_word' id='word_1_153' title='bbox 1484 1731 1658 1809; x_wconf 76' lang='lat' dir='ltr'>concorditer</span> <span class='ocrx_word' id='word_1_154' title='bbox 1675 1731 1769 1788; x_wconf 90' lang='lat' dir='ltr'>vivere</span> <span class='ocrx_word' id='word_1_155' title='bbox 1786 1731 1869 1786; x_wconf 92' lang='lat' dir='ltr'>debe·</span> 
     </span>
    </p>
   </div>
   <div class='ocr_carea' id='block_1_7' title="bbox 242 1795 1869 1889">
    <p class='ocr_par' dir='ltr' id='par_1_7' title="bbox 242 1795 1869 1889">
     <span class='ocr_line' id='line_1_14' title="bbox 242 1795 1869 1889; baseline -0.001 -18"><span class='ocrx_word' id='word_1_156' title='bbox 242 1835 311 1882; x_wconf 86' lang='lat' dir='ltr'>mus,</span> <span class='ocrx_word' id='word_1_157' title='bbox 329 1817 353 1872; x_wconf 90' lang='lat' dir='ltr'>si</span> <span class='ocrx_word' id='word_1_158' title='bbox 371 1817 408 1872; x_wconf 91' lang='lat' dir='ltr'>ad</span> <span class='ocrx_word' id='word_1_159' title='bbox 426 1834 510 1872; x_wconf 90' lang='lat' dir='ltr'>unam</span> <span class='ocrx_word' id='word_1_160' title='bbox 529 1821 558 1874; x_wconf 89' lang='lat' dir='ltr'>et</span> <span class='ocrx_word' id='word_1_161' title='bbox 575 1835 669 1873; x_wconf 90' lang='lat' dir='ltr'>veram</span> <span class='ocrx_word' id='word_1_162' title='bbox 687 1820 872 1876; x_wconf 88' lang='lat' dir='ltr'>hereditatem</span> <span class='ocrx_word' id='word_1_163' title='bbox 889 1837 919 1875; x_wconf 91' lang='lat' dir='ltr'>re</span> <span class='ocrx_word' id='word_1_164' title='bbox 960 1820 970 1873; x_wconf 91' lang='lat' dir='ltr'>i</span> <span class='ocrx_word' id='word_1_165' title='bbox 989 1818 1116 1876; x_wconf 79' lang='lat' dir='ltr'>caelestis</span> <span class='ocrx_word' id='word_1_166' title='bbox 1135 1819 1261 1889; x_wconf 90' lang='lat' dir='ltr'>cupimus</span> <span class='ocrx_word' id='word_1_167' title='bbox 1280 1818 1438 1889; x_wconf 83' lang='lat' dir='ltr'>pervenire,</span> <span class='ocrx_word' id='word_1_168' title='bbox 1458 1795 1566 1887; x_wconf 63' lang='lat' dir='ltr'>‘quia58</span> <span class='ocrx_word' id='word_1_169' title='bbox 1585 1821 1704 1874; x_wconf 87' lang='lat' dir='ltr'>nonest</span> <span class='ocrx_word' id='word_1_170' title='bbox 1723 1816 1869 1872; x_wconf 89' lang='lat' dir='ltr'>dissensio·</span> 
     </span>
    </p>
   </div>
   <div class='ocr_carea' id='block_1_8' title="bbox 200 1891 1871 2493">
    <p class='ocr_par' dir='ltr' id='par_1_8' title="bbox 200 1891 1871 2493">
     <span class='ocr_line' id='line_1_15' title="bbox 242 1891 1869 1981; baseline -0.001 -20"><span class='ocrx_word' id='word_1_171' title='bbox 242 1906 287 1961; x_wconf 91' lang='lat' dir='ltr'>nis</span> <span class='ocrx_word' id='word_1_172' title='bbox 302 1907 385 1972; x_wconf 88' lang='lat' dir='ltr'>Deus,</span> <span class='ocrx_word' id='word_1_173' title='bbox 409 1906 458 1962; x_wconf 89' lang='lat' dir='ltr'>sed</span> <span class='ocrx_word' id='word_1_174' title='bbox 473 1907 568 1977; x_wconf 84' lang='lat' dir='ltr'>pacis&#39;,</span> <span class='ocrx_word' id='word_1_175' title='bbox 592 1911 625 1962; x_wconf 92' lang='lat' dir='ltr'>ut</span> <span class='ocrx_word' id='word_1_176' title='bbox 638 1908 699 1978; x_wconf 88' lang='lat' dir='ltr'>ipse</span> <span class='ocrx_word' id='word_1_177' title='bbox 714 1909 769 1963; x_wconf 87' lang='lat' dir='ltr'>ait:</span> <span class='ocrx_word' id='word_1_178' title='bbox 793 1891 923 1963; x_wconf 69' lang='lat' dir='ltr'>‘Beati‘3</span> <span class='ocrx_word' id='word_1_179' title='bbox 953 1907 1071 1978; x_wconf 87' lang='lat' dir='ltr'>pacifici,</span> <span class='ocrx_word' id='word_1_180' title='bbox 1089 1909 1223 1978; x_wconf 86' lang='lat' dir='ltr'>quoniam</span> <span class='ocrx_word' id='word_1_181' title='bbox 1238 1908 1290 1963; x_wconf 85' lang='lat' dir='ltr'>filii</span> <span class='ocrx_word' id='word_1_182' title='bbox 1305 1907 1358 1962; x_wconf 86' lang='lat' dir='ltr'>Dei</span> <span class='ocrx_word' id='word_1_183' title='bbox 1373 1907 1584 1962; x_wconf 84' lang='lat' dir='ltr'>vocabuntur⁸&#39;.</span> <span class='ocrx_word' id='word_1_184' title='bbox 1618 1896 1723 1981; x_wconf 84' lang='lat' dir='ltr'>Igitur</span> <span class='ocrx_word' id='word_1_185' title='bbox 1739 1897 1766 1959; x_wconf 85' lang='lat' dir='ltr'>si</span> <span class='ocrx_word' id='word_1_186' title='bbox 1783 1897 1869 1960; x_wconf 85' lang='lat' dir='ltr'>inter</span> 
     </span>
     <span class='ocr_line' id='line_1_16' title="bbox 200 1983 1870 2078; baseline -0.002 -21"><span class='ocrx_word' id='word_1_187' title='bbox 200 2012 225 2050; x_wconf 71' lang='grc' dir='ltr'>ιι</span> <span class='ocrx_word' id='word_1_188' title='bbox 245 2013 356 2058; x_wconf 90' lang='lat' dir='ltr'>omnes</span> <span class='ocrx_word' id='word_1_189' title='bbox 385 1992 498 2057; x_wconf 88' lang='lat' dir='ltr'>fideles</span> <span class='ocrx_word' id='word_1_190' title='bbox 526 2015 592 2078; x_wconf 84' lang='lat' dir='ltr'>pax</span> <span class='ocrx_word' id='word_1_191' title='bbox 620 1999 653 2058; x_wconf 93' lang='lat' dir='ltr'>et</span> <span class='ocrx_word' id='word_1_192' title='bbox 682 1994 857 2058; x_wconf 90' lang='lat' dir='ltr'>concordia</span> <span class='ocrx_word' id='word_1_193' title='bbox 885 1993 1037 2061; x_wconf 90' lang='lat' dir='ltr'>habenda</span> <span class='ocrx_word' id='word_1_194' title='bbox 1073 2001 1124 2059; x_wconf 90' lang='lat' dir='ltr'>est</span> <span class='ocrx_word' id='word_1_195' title='bbox 1151 1994 1279 2059; x_wconf 90' lang='lat' dir='ltr'>dicente</span> <span class='ocrx_word' id='word_1_196' title='bbox 1309 1993 1470 2078; x_wconf 88' lang='lat' dir='ltr'>apostolo:</span> <span class='ocrx_word' id='word_1_197' title='bbox 1500 1983 1668 2056; x_wconf 65' lang='lat' dir='ltr'>‘Pacemffl</span> <span class='ocrx_word' id='word_1_198' title='bbox 1698 1992 1870 2076; x_wconf 89' lang='lat' dir='ltr'>sequimini</span> 
     </span>
     <span class='ocr_line' id='line_1_17' title="bbox 243 2093 1871 2183; baseline -0.002 -22"><span class='ocrx_word' id='word_1_199' title='bbox 243 2095 336 2161; x_wconf 74' lang='lat' dir='ltr'>cumb</span> <span class='ocrx_word' id='word_1_200' title='bbox 366 2096 516 2160; x_wconf 90' lang='lat' dir='ltr'>omnibus</span> <span class='ocrx_word' id='word_1_201' title='bbox 543 2103 576 2160; x_wconf 93' lang='lat' dir='ltr'>et</span> <span class='ocrx_word' id='word_1_202' title='bbox 604 2097 866 2178; x_wconf 87' lang='lat' dir='ltr'>sanctimoniam,</span> <span class='ocrx_word' id='word_1_203' title='bbox 897 2100 965 2163; x_wconf 92' lang='lat' dir='ltr'>sine</span> <span class='ocrx_word' id='word_1_204' title='bbox 998 2119 1064 2183; x_wconf 90' lang='lat' dir='ltr'>qua</span> <span class='ocrx_word' id='word_1_205' title='bbox 1093 2120 1189 2163; x_wconf 90' lang='lat' dir='ltr'>nemo</span> <span class='ocrx_word' id='word_1_206' title='bbox 1220 2097 1344 2162; x_wconf 90' lang='lat' dir='ltr'>videbit</span> <span class='ocrx_word' id='word_1_207' title='bbox 1366 2093 1496 2178; x_wconf 90' lang='lat' dir='ltr'>Deum’,</span> <span class='ocrx_word' id='word_1_208' title='bbox 1527 2097 1629 2160; x_wconf 88' lang='lat' dir='ltr'>multo</span> <span class='ocrx_word' id='word_1_209' title='bbox 1658 2097 1762 2181; x_wconf 89' lang='lat' dir='ltr'>magis</span> <span class='ocrx_word' id='word_1_210' title='bbox 1785 2097 1871 2159; x_wconf 90' lang='lat' dir='ltr'>inter</span> 
     </span>
     <span class='ocr_line' id='line_1_18' title="bbox 243 2198 1870 2288; baseline 0.001 -27"><span class='ocrx_word' id='word_1_211' title='bbox 243 2199 415 2284; x_wconf 89' lang='lat' dir='ltr'>episcopos</span> <span class='ocrx_word' id='word_1_212' title='bbox 450 2205 484 2263; x_wconf 92' lang='lat' dir='ltr'>et</span> <span class='ocrx_word' id='word_1_213' title='bbox 507 2201 644 2264; x_wconf 90' lang='lat' dir='ltr'>comites</span> <span class='ocrx_word' id='word_1_214' title='bbox 667 2221 740 2264; x_wconf 89' lang='lat' dir='ltr'>csse</span> <span class='ocrx_word' id='word_1_215' title='bbox 763 2201 879 2282; x_wconf 88' lang='lat' dir='ltr'>debet&#39;,</span> <span class='ocrx_word' id='word_1_216' title='bbox 908 2202 962 2286; x_wconf 90' lang='lat' dir='ltr'>qui</span> <span class='ocrx_word' id='word_1_217' title='bbox 987 2207 1061 2287; x_wconf 90' lang='lat' dir='ltr'>post</span> <span class='ocrx_word' id='word_1_218' title='bbox 1084 2201 1262 2288; x_wconf 91' lang='lat' dir='ltr'>imperialis</span> <span class='ocrx_word' id='word_1_219' title='bbox 1286 2201 1390 2286; x_wconf 90' lang='lat' dir='ltr'>apicis</span> <span class='ocrx_word' id='word_1_220' title='bbox 1414 2199 1605 2284; x_wconf 88' lang='lat' dir='ltr'>dignitatem</span> <span class='ocrx_word' id='word_1_221' title='bbox 1629 2199 1783 2284; x_wconf 91' lang='lat' dir='ltr'>populum</span> <span class='ocrx_word' id='word_1_222' title='bbox 1807 2198 1870 2262; x_wconf 90' lang='lat' dir='ltr'>Dei</span> 
     </span>
     <span class='ocr_line' id='line_1_19' title="bbox 242 2293 1867 2388; baseline -0.001 -22"><span class='ocrx_word' id='word_1_223' title='bbox 242 2307 369 2388; x_wconf 85' lang='lat' dir='ltr'>regrmt.</span> <span class='ocrx_word' id='word_1_224' title='bbox 416 2293 503 2366; x_wconf 64' lang='lat' dir='ltr'>Ital¹</span> <span class='ocrx_word' id='word_1_225' title='bbox 523 2303 610 2367; x_wconf 93' lang='lat' dir='ltr'>enim</span> <span class='ocrx_word' id='word_1_226' title='bbox 633 2303 719 2367; x_wconf 90' lang='lat' dir='ltr'>inter</span> <span class='ocrx_word' id='word_1_227' title='bbox 742 2314 799 2368; x_wconf 66' lang='grc' dir='ltr'>ιο6</span> <span class='ocrx_word' id='word_1_228' title='bbox 822 2303 1019 2369; x_wconf 91' lang='lat' dir='ltr'>concordare</span> <span class='ocrx_word' id='word_1_229' title='bbox 1036 2303 1191 2384; x_wconf 67' lang='lat' dir='ltr'>debent‘l,</span> <span class='ocrx_word' id='word_1_230' title='bbox 1214 2309 1250 2367; x_wconf 90' lang='lat' dir='ltr'>ut</span> <span class='ocrx_word' id='word_1_231' title='bbox 1265 2303 1458 2367; x_wconf 89' lang='lat' dir='ltr'>alterutrum</span> <span class='ocrx_word' id='word_1_232' title='bbox 1475 2302 1537 2368; x_wconf 90' lang='lat' dir='ltr'>sibi</span> <span class='ocrx_word' id='word_1_233' title='bbox 1561 2301 1602 2366; x_wconf 90' lang='lat' dir='ltr'>ad</span> <span class='ocrx_word' id='word_1_234' title='bbox 1619 2301 1683 2366; x_wconf 93' lang='lat' dir='ltr'>Dei</span> <span class='ocrx_word' id='word_1_235' title='bbox 1699 2302 1867 2366; x_wconf 88' lang='lat' dir='ltr'>servitium</span> 
     </span>
     <span class='ocr_line' id='line_1_20' title="bbox 242 2404 1869 2493; baseline -0.001 -23"><span class='ocrx_word' id='word_1_236' title='bbox 242 2404 463 2492; x_wconf 89' lang='lat' dir='ltr'>peragendum</span> <span class='ocrx_word' id='word_1_237' title='bbox 501 2414 533 2470; x_wconf 93' lang='lat' dir='ltr'>et</span> <span class='ocrx_word' id='word_1_238' title='bbox 555 2406 770 2470; x_wconf 90' lang='lat' dir='ltr'>ministerium</span> <span class='ocrx_word' id='word_1_239' title='bbox 805 2427 898 2471; x_wconf 90' lang='lat' dir='ltr'>suum</span> <span class='ocrx_word' id='word_1_240' title='bbox 932 2413 1041 2472; x_wconf 79' lang='lat' dir='ltr'>recte⁸</span> <span class='ocrx_word' id='word_1_241' title='bbox 1069 2406 1267 2493; x_wconf 89' lang='lat' dir='ltr'>explendum</span> <span class='ocrx_word' id='word_1_242' title='bbox 1296 2426 1361 2470; x_wconf 92' lang='lat' dir='ltr'>nou</span> <span class='ocrx_word' id='word_1_243' title='bbox 1391 2405 1495 2470; x_wconf 92' lang='lat' dir='ltr'>solum</span> <span class='ocrx_word' id='word_1_244' title='bbox 1520 2427 1584 2470; x_wconf 93' lang='lat' dir='ltr'>non</span> <span class='ocrx_word' id='word_1_245' title='bbox 1607 2411 1760 2485; x_wconf 85' lang='lat' dir='ltr'>noceant,</span> <span class='ocrx_word' id='word_1_246' title='bbox 1792 2404 1869 2489; x_wconf 92' lang='lat' dir='ltr'>quin</span> 
     </span>
    </p>
   </div>
   <div class='ocr_carea' id='block_1_9' title="bbox 198 2508 665 2595">
    <p class='ocr_par' dir='ltr' id='par_1_9' title="bbox 198 2508 665 2595">
     <span class='ocr_line' id='line_1_21' title="bbox 198 2508 665 2595; baseline -0.004 -20"><span class='ocrx_word' id='word_1_247' title='bbox 198 2525 225 2565; x_wconf 75' lang='lat'>2⁰</span> <span class='ocrx_word' id='word_1_248' title='bbox 241 2509 351 2595; x_wconf 89' lang='lat' dir='ltr'>potius</span> <span class='ocrx_word' id='word_1_249' title='bbox 374 2508 569 2574; x_wconf 89' lang='lat' dir='ltr'>adminiculo</span> <span class='ocrx_word' id='word_1_250' title='bbox 593 2510 665 2573; x_wconf 89' lang='lat' dir='ltr'>sint.</span> 
     </span>
    </p>
   </div>
   <div class='ocr_carea' id='block_1_10' title="bbox 199 2626 1870 3749">
    <p class='ocr_par' dir='ltr' id='par_1_10' title="bbox 241 2626 1870 3026">
     <span class='ocr_line' id='line_1_22' title="bbox 350 2626 1870 2716; baseline 0 -26"><span class='ocrx_word' id='word_1_251' title='bbox 350 2632 379 2694; x_wconf 83' lang='lat'>5.</span> <span class='ocrx_word' id='word_1_252' title='bbox 414 2627 472 2694; x_wconf 92' lang='lat' dir='ltr'>De</span> <span class='ocrx_word' id='word_1_253' title='bbox 497 2630 810 2715; x_wconf 88' lang='lat' dir='ltr'>conspiratione.</span> <span class='ocrx_word' id='word_1_254' title='bbox 865 2628 900 2693; x_wconf 83' lang='lat' dir='ltr'>si</span> <span class='ocrx_word' id='word_1_255' title='bbox 923 2649 1000 2694; x_wconf 87' lang='lat' dir='ltr'>vcro</span> <span class='ocrx_word' id='word_1_256' title='bbox 1023 2649 1089 2716; x_wconf 84' lang='lat' dir='ltr'>pax</span> <span class='ocrx_word' id='word_1_257' title='bbox 1122 2635 1154 2694; x_wconf 90' lang='lat' dir='ltr'>et</span> <span class='ocrx_word' id='word_1_258' title='bbox 1177 2628 1351 2694; x_wconf 88' lang='lat' dir='ltr'>concordia</span> <span class='ocrx_word' id='word_1_259' title='bbox 1372 2649 1532 2692; x_wconf 90' lang='lat' dir='ltr'>summum</span> <span class='ocrx_word' id='word_1_260' title='bbox 1557 2628 1642 2693; x_wconf 91' lang='lat' dir='ltr'>inter</span> <span class='ocrx_word' id='word_1_261' title='bbox 1666 2626 1814 2691; x_wconf 93' lang='lat' dir='ltr'>homines</span> <span class='ocrx_word' id='word_1_262' title='bbox 1837 2633 1870 2690; x_wconf 92' lang='lat' dir='ltr'>et</span> 
     </span>
     <span class='ocr_line' id='line_1_23' title="bbox 241 2730 1870 2819; baseline -0.002 -22"><span class='ocrx_word' id='word_1_263' title='bbox 241 2732 383 2798; x_wconf 84' lang='lat' dir='ltr'>maxime</span> <span class='ocrx_word' id='word_1_264' title='bbox 413 2731 610 2797; x_wconf 90' lang='lat' dir='ltr'>christianos</span> <span class='ocrx_word' id='word_1_265' title='bbox 641 2731 761 2797; x_wconf 87' lang='lat' dir='ltr'>bonurn</span> <span class='ocrx_word' id='word_1_266' title='bbox 790 2733 953 2798; x_wconf 88' lang='lat' dir='ltr'>iudicatur</span> <span class='ocrx_word' id='word_1_267' title='bbox 976 2739 1010 2798; x_wconf 91' lang='lat' dir='ltr'>et</span> <span class='ocrx_word' id='word_1_268' title='bbox 1031 2734 1177 2819; x_wconf 89' lang='lat' dir='ltr'>praemio</span> <span class='ocrx_word' id='word_1_269' title='bbox 1201 2754 1328 2797; x_wconf 88' lang='lat' dir='ltr'>summo</span> <span class='ocrx_word' id='word_1_270' title='bbox 1352 2731 1642 2811; x_wconf 90' lang='lat' dir='ltr'>remunerandum,</span> <span class='ocrx_word' id='word_1_271' title='bbox 1674 2730 1706 2795; x_wconf 92' lang='lat' dir='ltr'>id</span> <span class='ocrx_word' id='word_1_272' title='bbox 1735 2737 1800 2810; x_wconf 91' lang='lat' dir='ltr'>est,</span> <span class='ocrx_word' id='word_1_273' title='bbox 1833 2737 1870 2794; x_wconf 94' lang='lat' dir='ltr'>ut</span> 
     </span>
     <span class='ocr_line' id='line_1_24' title="bbox 242 2819 1867 2916; baseline -0.001 -16"><span class='ocrx_word' id='word_1_274' title='bbox 242 2833 313 2900; x_wconf 90' lang='lat' dir='ltr'>eius</span> <span class='ocrx_word' id='word_1_275' title='bbox 337 2835 453 2900; x_wconf 90' lang='lat' dir='ltr'>merito</span> <span class='ocrx_word' id='word_1_276' title='bbox 475 2835 533 2901; x_wconf 88' lang='lat' dir='ltr'>filii</span> <span class='ocrx_word' id='word_1_277' title='bbox 556 2834 620 2900; x_wconf 92' lang='lat' dir='ltr'>Dei</span> <span class='ocrx_word' id='word_1_278' title='bbox 641 2856 807 2916; x_wconf 91' lang='lat' dir='ltr'>vocemur,</span> <span class='ocrx_word' id='word_1_279' title='bbox 831 2857 939 2901; x_wconf 92' lang='lat' dir='ltr'>nonne</span> <span class='ocrx_word' id='word_1_280' title='bbox 963 2846 1001 2900; x_wconf 81' lang='lat' dir='ltr'>e⁰</span> <span class='ocrx_word' id='word_1_281' title='bbox 1024 2836 1186 2900; x_wconf 90' lang='lat' dir='ltr'>contrario</span> <span class='ocrx_word' id='word_1_282' title='bbox 1211 2835 1394 2900; x_wconf 89' lang='lat' dir='ltr'>discordiae</span> <span class='ocrx_word' id='word_1_283' title='bbox 1418 2843 1452 2900; x_wconf 90' lang='lat' dir='ltr'>et</span> <span class='ocrx_word' id='word_1_284' title='bbox 1467 2819 1867 2899; x_wconf 60' lang='lat' dir='ltr'>dissensionis&#39;summum</span> 
     </span>
     <span class='ocr_line' id='line_1_25' title="bbox 244 2929 1868 3026; baseline -0.002 -23"><span class='ocrx_word' id='word_1_285' title='bbox 244 2945 295 3004; x_wconf 89' lang='lat' dir='ltr'>est</span> <span class='ocrx_word' id='word_1_286' title='bbox 327 2939 446 3003; x_wconf 90' lang='lat' dir='ltr'>malum</span> <span class='ocrx_word' id='word_1_287' title='bbox 481 2946 514 3003; x_wconf 90' lang='lat' dir='ltr'>et</span> <span class='ocrx_word' id='word_1_288' title='bbox 545 2961 672 3004; x_wconf 91' lang='lat' dir='ltr'>summa</span> <span class='ocrx_word' id='word_1_289' title='bbox 698 2961 806 3026; x_wconf 90' lang='lat' dir='ltr'>poena</span> <span class='ocrx_word' id='word_1_290' title='bbox 834 2939 1068 3026; x_wconf 81' lang='lat' dir='ltr'>plectendum?</span> <span class='ocrx_word' id='word_1_291' title='bbox 1118 2938 1171 3004; x_wconf 87' lang='lat' dir='ltr'>Ita</span> <span class='ocrx_word' id='word_1_292' title='bbox 1198 2945 1234 3002; x_wconf 93' lang='lat' dir='ltr'>ut</span> <span class='ocrx_word' id='word_1_293' title='bbox 1262 2929 1429 3024; x_wconf 77' lang='lat' dir='ltr'>sapiens⁴²</span> <span class='ocrx_word' id='word_1_294' title='bbox 1462 2938 1548 3002; x_wconf 90' lang='lat' dir='ltr'>dicat</span> <span class='ocrx_word' id='word_1_295' title='bbox 1571 2938 1713 3001; x_wconf 90' lang='lat' dir='ltr'>animam</span> <span class='ocrx_word' id='word_1_296' title='bbox 1736 2936 1868 3002; x_wconf 90' lang='lat' dir='ltr'>Domini</span> 
     </span>
    </p>

    <p class='ocr_par' dir='ltr' id='par_1_11' title="bbox 200 3038 1868 3542">
     <span class='ocr_line' id='line_1_26' title="bbox 200 3038 1867 3128; baseline -0.001 -22"><span class='ocrx_word' id='word_1_297' title='bbox 200 3057 226 3098; x_wconf 67' lang='grc' dir='ltr'>ιι</span> <span class='ocrx_word' id='word_1_298' title='bbox 245 3042 334 3106; x_wconf 90' lang='lat' dir='ltr'>illum</span> <span class='ocrx_word' id='word_1_299' title='bbox 358 3041 524 3123; x_wconf 91' lang='lat' dir='ltr'>detestari,</span> <span class='ocrx_word' id='word_1_300' title='bbox 548 3043 603 3128; x_wconf 90' lang='lat' dir='ltr'>qui</span> <span class='ocrx_word' id='word_1_301' title='bbox 627 3044 712 3108; x_wconf 92' lang='lat' dir='ltr'>inter</span> <span class='ocrx_word' id='word_1_302' title='bbox 733 3044 852 3108; x_wconf 84' lang='lat' dir='ltr'>fratres</span> <span class='ocrx_word' id='word_1_303' title='bbox 875 3042 1070 3107; x_wconf 87' lang='lat' dir='ltr'>discordiam</span> <span class='ocrx_word' id='word_1_304' title='bbox 1095 3042 1236 3106; x_wconf 90' lang='lat' dir='ltr'>seminat</span> <span class='ocrx_word' id='word_1_305' title='bbox 1259 3048 1356 3126; x_wconf 88' lang='lat' dir='ltr'>atque</span> <span class='ocrx_word' id='word_1_306' title='bbox 1379 3040 1454 3107; x_wconf 91' lang='lat' dir='ltr'>ideo</span> <span class='ocrx_word' id='word_1_307' title='bbox 1478 3041 1562 3106; x_wconf 88' lang='lat' dir='ltr'>filius</span> <span class='ocrx_word' id='word_1_308' title='bbox 1585 3038 1707 3104; x_wconf 90' lang='lat' dir='ltr'>diaboli</span> <span class='ocrx_word' id='word_1_309' title='bbox 1729 3062 1794 3105; x_wconf 92' lang='lat' dir='ltr'>non</span> <span class='ocrx_word' id='word_1_310' title='bbox 1818 3042 1867 3105; x_wconf 92' lang='lat' dir='ltr'>in-</span> 
     </span>
     <span class='ocr_line' id='line_1_27' title="bbox 242 3143 1868 3232; baseline -0.002 -22"><span class='ocrx_word' id='word_1_311' title='bbox 242 3147 359 3210; x_wconf 87' lang='lat' dir='ltr'>merito</span> <span class='ocrx_word' id='word_1_312' title='bbox 382 3147 578 3212; x_wconf 89' lang='lat' dir='ltr'>nominetur.</span> <span class='ocrx_word' id='word_1_313' title='bbox 623 3146 718 3212; x_wconf 91' lang='lat' dir='ltr'>Unde</span> <span class='ocrx_word' id='word_1_314' title='bbox 742 3146 915 3211; x_wconf 85' lang='lat' dir='ltr'>statuimus</span> <span class='ocrx_word' id='word_1_315' title='bbox 939 3152 1038 3232; x_wconf 90' lang='lat' dir='ltr'>atque</span> <span class='ocrx_word' id='word_1_316' title='bbox 1062 3145 1257 3210; x_wconf 90' lang='lat' dir='ltr'>auctoritate</span> <span class='ocrx_word' id='word_1_317' title='bbox 1281 3144 1508 3210; x_wconf 89' lang='lat' dir='ltr'>ecclesiastica</span> <span class='ocrx_word' id='word_1_318' title='bbox 1531 3143 1779 3209; x_wconf 73' lang='lat' dir='ltr'>confirmamus‘</span> <span class='ocrx_word' id='word_1_319' title='bbox 1800 3165 1868 3224; x_wconf 90' lang='lat' dir='ltr'>eos,</span> 
     </span>
     <span class='ocr_line' id='line_1_28' title="bbox 242 3249 1867 3336; baseline -0.001 -22"><span class='ocrx_word' id='word_1_320' title='bbox 242 3251 299 3334; x_wconf 91' lang='lat' dir='ltr'>qui</span> <span class='ocrx_word' id='word_1_321' title='bbox 331 3257 445 3314; x_wconf 88' lang='lat' dir='ltr'>contra</span> <span class='ocrx_word' id='word_1_322' title='bbox 476 3271 589 3335; x_wconf 90' lang='lat' dir='ltr'>regem</span> <span class='ocrx_word' id='word_1_323' title='bbox 617 3250 670 3316; x_wconf 92' lang='lat' dir='ltr'>vel</span> <span class='ocrx_word' id='word_1_324' title='bbox 693 3250 935 3316; x_wconf 89' lang='lat' dir='ltr'>ecclesiasticas</span> <span class='ocrx_word' id='word_1_325' title='bbox 959 3249 1136 3334; x_wconf 88' lang='lat' dir='ltr'>dignitates</span> <span class='ocrx_word' id='word_1_326' title='bbox 1166 3249 1235 3314; x_wconf 91' lang='lat' dir='ltr'>sive</span> <span class='ocrx_word' id='word_1_327' title='bbox 1265 3249 1312 3314; x_wconf 92' lang='lat' dir='ltr'>rei</span> <span class='ocrx_word' id='word_1_328' title='bbox 1343 3249 1495 3334; x_wconf 90' lang='lat' dir='ltr'>publicae</span> <span class='ocrx_word' id='word_1_329' title='bbox 1524 3256 1706 3336; x_wconf 88' lang='lat' dir='ltr'>potestates</span> <span class='ocrx_word' id='word_1_330' title='bbox 1730 3249 1762 3313; x_wconf 94' lang='lat' dir='ltr'>in</span> <span class='ocrx_word' id='word_1_331' title='bbox 1787 3269 1867 3313; x_wconf 91' lang='lat' dir='ltr'>uno-</span> 
     </span>
     <span class='ocr_line' id='line_1_29' title="bbox 243 3350 1866 3440; baseline -0.001 -24"><span class='ocrx_word' id='word_1_332' title='bbox 243 3373 371 3440; x_wconf 90' lang='lat' dir='ltr'>quoque</span> <span class='ocrx_word' id='word_1_333' title='bbox 400 3353 512 3418; x_wconf 88' lang='lat' dir='ltr'>ordine</span> <span class='ocrx_word' id='word_1_334' title='bbox 535 3354 681 3439; x_wconf 90' lang='lat' dir='ltr'>legitima</span> <span class='ocrx_word' id='word_1_335' title='bbox 703 3355 912 3439; x_wconf 89' lang='lat' dir='ltr'>dispositione</span> <span class='ocrx_word' id='word_1_336' title='bbox 937 3354 1131 3418; x_wconf 88' lang='lat' dir='ltr'>constitutas</span> <span class='ocrx_word' id='word_1_337' title='bbox 1156 3353 1396 3417; x_wconf 90' lang='lat' dir='ltr'>coniurationes</span> <span class='ocrx_word' id='word_1_338' title='bbox 1420 3357 1453 3416; x_wconf 93' lang='lat' dir='ltr'>et</span> <span class='ocrx_word' id='word_1_339' title='bbox 1474 3351 1734 3436; x_wconf 89' lang='lat' dir='ltr'>conspirationes</span> <span class='ocrx_word' id='word_1_340' title='bbox 1759 3350 1866 3416; x_wconf 90' lang='lat' dir='ltr'>rebel-</span> 
     </span>
     <span class='ocr_line' id='line_1_30' title="bbox 242 3448 1867 3542; baseline -0.001 -22"><span class='ocrx_word' id='word_1_341' title='bbox 242 3457 340 3522; x_wconf 90' lang='lat' dir='ltr'>lionis</span> <span class='ocrx_word' id='word_1_342' title='bbox 371 3463 405 3520; x_wconf 92' lang='lat' dir='ltr'>et</span> <span class='ocrx_word' id='word_1_343' title='bbox 434 3458 671 3542; x_wconf 81' lang='lat' dir='ltr'>repugnantiae</span> <span class='ocrx_word' id='word_1_344' title='bbox 702 3457 843 3536; x_wconf 84' lang='lat' dir='ltr'>faciunt,</span> <span class='ocrx_word' id='word_1_345' title='bbox 879 3477 898 3520; x_wconf 90' lang='lat' dir='ltr'>a</span> <span class='ocrx_word' id='word_1_346' title='bbox 925 3448 1187 3522; x_wconf 79' lang='lat' dir='ltr'>communione⁴3</span> <span class='ocrx_word' id='word_1_347' title='bbox 1218 3461 1252 3520; x_wconf 93' lang='lat' dir='ltr'>et</span> <span class='ocrx_word' id='word_1_348' title='bbox 1284 3456 1470 3520; x_wconf 70' lang='lat' dir='ltr'>consortiot</span> <span class='ocrx_word' id='word_1_349' title='bbox 1497 3455 1728 3519; x_wconf 88' lang='lat' dir='ltr'>catholicorum</span> <span class='ocrx_word' id='word_1_350' title='bbox 1758 3474 1867 3518; x_wconf 90' lang='lat' dir='ltr'>veram</span> 
     </span>
    </p>

    <p class='ocr_par' dir='ltr' id='par_1_12' title="bbox 199 3557 1868 3749">
     <span class='ocr_line' id='line_1_31' title="bbox 199 3557 1868 3646; baseline 0.001 -26"><span class='ocrx_word' id='word_1_351' title='bbox 199 3581 226 3620; x_wconf 83' lang='lat' dir='ltr'>so</span> <span class='ocrx_word' id='word_1_352' title='bbox 243 3580 357 3645; x_wconf 90' lang='lat' dir='ltr'>pacem</span> <span class='ocrx_word' id='word_1_353' title='bbox 390 3560 567 3624; x_wconf 89' lang='lat' dir='ltr'>amantium</span> <span class='ocrx_word' id='word_1_354' title='bbox 597 3560 846 3625; x_wconf 86' lang='lat' dir='ltr'>summovendos</span> <span class='ocrx_word' id='word_1_355' title='bbox 869 3566 918 3640; x_wconf 89' lang='lat' dir='ltr'>et,</span> <span class='ocrx_word' id='word_1_356' title='bbox 950 3560 1014 3624; x_wconf 92' lang='lat' dir='ltr'>nisi</span> <span class='ocrx_word' id='word_1_357' title='bbox 1036 3581 1094 3645; x_wconf 92' lang='lat' dir='ltr'>per</span> <span class='ocrx_word' id='word_1_358' title='bbox 1117 3559 1351 3646; x_wconf 90' lang='lat' dir='ltr'>poenitentiam</span> <span class='ocrx_word' id='word_1_359' title='bbox 1374 3564 1407 3622; x_wconf 93' lang='lat' dir='ltr'>et</span> <span class='ocrx_word' id='word_1_360' title='bbox 1430 3557 1690 3623; x_wconf 90' lang='lat' dir='ltr'>emendationem</span> <span class='ocrx_word' id='word_1_361' title='bbox 1715 3557 1811 3644; x_wconf 84' lang='lat' dir='ltr'>paci¹¹</span> <span class='ocrx_word' id='word_1_362' title='bbox 1833 3579 1868 3622; x_wconf 93' lang='lat' dir='ltr'>se</span> 
     </span>
     <span class='ocr_line' id='line_1_32' title="bbox 243 3663 1625 3749; baseline -0.001 -21"><span class='ocrx_word' id='word_1_363' title='bbox 243 3663 491 3728; x_wconf 90' lang='lat' dir='ltr'>ecclesiasticae</span> <span class='ocrx_word' id='word_1_364' title='bbox 514 3663 805 3749; x_wconf 85' lang='lat' dir='ltr'>incorporaverint,</span> <span class='ocrx_word' id='word_1_365' title='bbox 829 3663 870 3727; x_wconf 92' lang='lat' dir='ltr'>ab</span> <span class='ocrx_word' id='word_1_366' title='bbox 894 3663 1045 3728; x_wconf 91' lang='lat' dir='ltr'>omnibus</span> <span class='ocrx_word' id='word_1_367' title='bbox 1068 3663 1142 3727; x_wconf 86' lang='lat' dir='ltr'>tiliis</span> <span class='ocrx_word' id='word_1_368' title='bbox 1165 3663 1257 3749; x_wconf 89' lang='lat' dir='ltr'>pacis</span> <span class='ocrx_word' id='word_1_369' title='bbox 1282 3663 1444 3726; x_wconf 86' lang='lat' dir='ltr'>sancimus</span> <span class='ocrx_word' id='word_1_370' title='bbox 1467 3667 1625 3726; x_wconf 79' lang='lat' dir='ltr'>extorres.</span> 
     </span>
    </p>
   </div>
   <div class='ocr_carea' id='block_1_11' title="bbox 201 3781 1871 4593">
    <p class='ocr_par' dir='ltr' id='par_1_13' title="bbox 242 3781 1870 4076">
     <span class='ocr_line' id='line_1_33' title="bbox 351 3781 1866 3868; baseline -0.001 -21"><span class='ocrx_word' id='word_1_371' title='bbox 351 3788 381 3847; x_wconf 99' lang='grc'>6.</span> <span class='ocrx_word' id='word_1_372' title='bbox 414 3782 471 3848; x_wconf 91' lang='lat' dir='ltr'>De</span> <span class='ocrx_word' id='word_1_373' title='bbox 494 3785 743 3849; x_wconf 89' lang='lat' dir='ltr'>immunitate</span> <span class='ocrx_word' id='word_1_374' title='bbox 767 3806 893 3849; x_wconf 90' lang='lat' dir='ltr'>rerum</span> <span class='ocrx_word' id='word_1_375' title='bbox 917 3784 1296 3849; x_wconf 88' lang='lat' dir='ltr'>ecclesiasticarum.</span> <span class='ocrx_word' id='word_1_376' title='bbox 1335 3782 1489 3868; x_wconf 81' lang='lat' dir='ltr'>Quisquis</span> <span class='ocrx_word' id='word_1_377' title='bbox 1505 3784 1591 3847; x_wconf 83' lang='lat' dir='ltr'>fastu</span> <span class='ocrx_word' id='word_1_378' title='bbox 1609 3781 1782 3868; x_wconf 88' lang='lat' dir='ltr'>superbiae</span> <span class='ocrx_word' id='word_1_379' title='bbox 1800 3781 1866 3845; x_wconf 91' lang='lat' dir='ltr'>ela-</span> 
     </span>
     <span class='ocr_line' id='line_1_34' title="bbox 242 3883 1870 3974; baseline -0.003 -22"><span class='ocrx_word' id='word_1_380' title='bbox 242 3893 296 3952; x_wconf 91' lang='lat' dir='ltr'>tus</span> <span class='ocrx_word' id='word_1_381' title='bbox 328 3888 460 3951; x_wconf 92' lang='lat' dir='ltr'>domum</span> <span class='ocrx_word' id='word_1_382' title='bbox 490 3887 555 3952; x_wconf 90' lang='lat' dir='ltr'>Dei</span> <span class='ocrx_word' id='word_1_383' title='bbox 585 3887 674 3952; x_wconf 90' lang='lat' dir='ltr'>ducit</span> <span class='ocrx_word' id='word_1_384' title='bbox 703 3889 983 3974; x_wconf 86' lang='lat' dir='ltr'>contemptibilem</span> <span class='ocrx_word' id='word_1_385' title='bbox 1016 3895 1049 3952; x_wconf 89' lang='lat' dir='ltr'>ct</span> <span class='ocrx_word' id='word_1_386' title='bbox 1080 3888 1304 3974; x_wconf 90' lang='lat' dir='ltr'>possessiones</span> <span class='ocrx_word' id='word_1_387' title='bbox 1336 3886 1401 3951; x_wconf 91' lang='lat' dir='ltr'>Dei</span> <span class='ocrx_word' id='word_1_388' title='bbox 1430 3885 1653 3951; x_wconf 78' lang='lat' dir='ltr'>consecratasi</span> <span class='ocrx_word' id='word_1_389' title='bbox 1685 3891 1784 3970; x_wconf 89' lang='lat' dir='ltr'>atque</span> <span class='ocrx_word' id='word_1_390' title='bbox 1807 3883 1870 3949; x_wconf 66' lang='lat' dir='ltr'>ob*</span> 
     </span>
     <span class='ocr_line' id='line_1_35' title="bbox 243 3987 1870 4076; baseline -0.002 -21"><span class='ocrx_word' id='word_1_391' title='bbox 243 3991 399 4055; x_wconf 90' lang='lat' dir='ltr'>bonorem</span> <span class='ocrx_word' id='word_1_392' title='bbox 423 3990 488 4055; x_wconf 92' lang='lat' dir='ltr'>Dei</span> <span class='ocrx_word' id='word_1_393' title='bbox 517 3991 578 4064; x_wconf 88' lang='lat' dir='ltr'>sub</span> <span class='ocrx_word' id='word_1_394' title='bbox 601 3990 706 4076; x_wconf 89' lang='lat' dir='ltr'>regia¹</span> <span class='ocrx_word' id='word_1_395' title='bbox 733 3991 948 4055; x_wconf 90' lang='lat' dir='ltr'>immunitatis</span> <span class='ocrx_word' id='word_1_396' title='bbox 970 3990 1161 4056; x_wconf 88' lang='lat' dir='ltr'>defensione</span> <span class='ocrx_word' id='word_1_397' title='bbox 1185 3991 1381 4055; x_wconf 90' lang='lat' dir='ltr'>constitutas</span> <span class='ocrx_word' id='word_1_398' title='bbox 1405 3989 1578 4054; x_wconf 89' lang='lat' dir='ltr'>inhoneste</span> <span class='ocrx_word' id='word_1_399' title='bbox 1603 3988 1794 4053; x_wconf 85' lang='lat' dir='ltr'>tractaverit</span> <span class='ocrx_word' id='word_1_400' title='bbox 1817 3987 1870 4051; x_wconf 94' lang='lat' dir='ltr'>vel</span> 
     </span>
    </p>

    <p class='ocr_par' dir='ltr' id='par_1_14' title="bbox 201 4088 1871 4593">
     <span class='ocr_line' id='line_1_36' title="bbox 201 4088 1871 4181; baseline -0.003 -25"><span class='ocrx_word' id='word_1_401' title='bbox 201 4116 226 4156; x_wconf 80' lang='lat' dir='ltr'>rs</span> <span class='ocrx_word' id='word_1_402' title='bbox 244 4093 421 4178; x_wconf 84' lang='lat' dir='ltr'>infringere</span> <span class='ocrx_word' id='word_1_403' title='bbox 436 4095 703 4181; x_wconf 87' lang='lat' dir='ltr'>praesumpserit,</span> <span class='ocrx_word' id='word_1_404' title='bbox 727 4095 819 4180; x_wconf 90' lang='lat' dir='ltr'>quasi</span> <span class='ocrx_word' id='word_1_405' title='bbox 836 4095 969 4160; x_wconf 90' lang='lat' dir='ltr'>invasor</span> <span class='ocrx_word' id='word_1_406' title='bbox 992 4101 1025 4159; x_wconf 93' lang='lat' dir='ltr'>et</span> <span class='ocrx_word' id='word_1_407' title='bbox 1041 4095 1181 4159; x_wconf 86' lang='lat' dir='ltr'>violator</span> <span class='ocrx_word' id='word_1_408' title='bbox 1196 4093 1310 4158; x_wconf 92' lang='lat' dir='ltr'>domus</span> <span class='ocrx_word' id='word_1_409' title='bbox 1326 4092 1391 4157; x_wconf 91' lang='lat' dir='ltr'>Dei</span> <span class='ocrx_word' id='word_1_410' title='bbox 1407 4092 1717 4157; x_wconf 82' lang='lat' dir='ltr'>excommunicetur.</span> <span class='ocrx_word' id='word_1_411' title='bbox 1762 4088 1871 4155; x_wconf 89' lang='lat' dir='ltr'>Docet</span> 
     </span>
     <span class='ocr_line' id='line_1_37' title="bbox 242 4188 1868 4284; baseline -0.003 -23"><span class='ocrx_word' id='word_1_412' title='bbox 242 4198 381 4279; x_wconf 63' lang='lat' dir='ltr'>etiams,</span> <span class='ocrx_word' id='word_1_413' title='bbox 404 4203 440 4260; x_wconf 93' lang='lat' dir='ltr'>ut</span> <span class='ocrx_word' id='word_1_414' title='bbox 463 4197 717 4282; x_wconf 89' lang='lat' dir='ltr'>indignationem</span> <span class='ocrx_word' id='word_1_415' title='bbox 741 4198 843 4284; x_wconf 89' lang='lat' dir='ltr'>ipsius</span> <span class='ocrx_word' id='word_1_416' title='bbox 860 4197 979 4262; x_wconf 91' lang='lat' dir='ltr'>domini</span> <span class='ocrx_word' id='word_1_417' title='bbox 1003 4198 1090 4282; x_wconf 90' lang='lat' dir='ltr'>regis</span> <span class='ocrx_word' id='word_1_418' title='bbox 1114 4188 1280 4278; x_wconf 65' lang='lat' dir='ltr'>sentiatll,</span> <span class='ocrx_word' id='word_1_419' title='bbox 1304 4197 1421 4261; x_wconf 82' lang='lat' dir='ltr'>cuius¹¹</span> <span class='ocrx_word' id='word_1_420' title='bbox 1443 4195 1683 4260; x_wconf 90' lang='lat' dir='ltr'>benivolentiae</span> <span class='ocrx_word' id='word_1_421' title='bbox 1702 4199 1868 4278; x_wconf 91' lang='lat' dir='ltr'>contemp·</span> 
     </span>
     <span class='ocr_line' id='line_1_38' title="bbox 242 4297 1868 4387; baseline -0.002 -23"><span class='ocrx_word' id='word_1_422' title='bbox 242 4305 294 4364; x_wconf 90' lang='lat' dir='ltr'>tor</span> <span class='ocrx_word' id='word_1_423' title='bbox 317 4308 351 4365; x_wconf 89' lang='lat' dir='ltr'>et</span> <span class='ocrx_word' id='word_1_424' title='bbox 373 4301 613 4366; x_wconf 90' lang='lat' dir='ltr'>constitutionis</span> <span class='ocrx_word' id='word_1_425' title='bbox 634 4301 876 4387; x_wconf 90' lang='lat' dir='ltr'>praevaricator</span> <span class='ocrx_word' id='word_1_426' title='bbox 898 4301 1038 4367; x_wconf 82' lang='lat' dir='ltr'>exstitit.</span> <span class='ocrx_word' id='word_1_427' title='bbox 1082 4300 1303 4366; x_wconf 86' lang='lat' dir='ltr'>Nihilominus</span> <span class='ocrx_word' id='word_1_428' title='bbox 1319 4305 1451 4364; x_wconf 87' lang='lat' dir='ltr'>tamen⁰</span> <span class='ocrx_word' id='word_1_429' title='bbox 1475 4320 1533 4364; x_wconf 83' lang='lat' dir='ltr'>rex</span> <span class='ocrx_word' id='word_1_430' title='bbox 1549 4319 1628 4363; x_wconf 90' lang='lat' dir='ltr'>suae</span> <span class='ocrx_word' id='word_1_431' title='bbox 1647 4297 1868 4362; x_wconf 87' lang='lat' dir='ltr'>concessionis</span> 
     </span>
     <span class='ocr_line' id='line_1_39' title="bbox 243 4402 1868 4489; baseline -0.002 -22"><span class='ocrx_word' id='word_1_432' title='bbox 243 4403 470 4468; x_wconf 88' lang='lat' dir='ltr'>inmunitatem</span> <span class='ocrx_word' id='word_1_433' title='bbox 494 4404 535 4469; x_wconf 87' lang='lat' dir='ltr'>ab</span> <span class='ocrx_word' id='word_1_434' title='bbox 555 4404 704 4468; x_wconf 90' lang='lat' dir='ltr'>omnibus</span> <span class='ocrx_word' id='word_1_435' title='bbox 721 4403 840 4468; x_wconf 93' lang='lat' dir='ltr'>dicioni</span> <span class='ocrx_word' id='word_1_436' title='bbox 855 4425 934 4469; x_wconf 89' lang='lat' dir='ltr'>suae</span> <span class='ocrx_word' id='word_1_437' title='bbox 950 4404 1105 4470; x_wconf 91' lang='lat' dir='ltr'>subiectis</span> <span class='ocrx_word' id='word_1_438' title='bbox 1122 4404 1279 4469; x_wconf 90' lang='lat' dir='ltr'>inlaesam</span> <span class='ocrx_word' id='word_1_439' title='bbox 1301 4403 1486 4468; x_wconf 89' lang='lat' dir='ltr'>conservari</span> <span class='ocrx_word' id='word_1_440' title='bbox 1499 4402 1674 4489; x_wconf 90' lang='lat' dir='ltr'>precipiat;</span> <span class='ocrx_word' id='word_1_441' title='bbox 1697 4421 1868 4466; x_wconf 87' lang='lat' dir='ltr'>assensum</span> 
     </span>
     <span class='ocr_line' id='line_1_40' title="bbox 242 4500 1870 4593; baseline -0.002 -23"><span class='ocrx_word' id='word_1_442' title='bbox 242 4527 321 4572; x_wconf 92' lang='lat' dir='ltr'>vero</span> <span class='ocrx_word' id='word_1_443' title='bbox 353 4500 418 4571; x_wconf 91' lang='lat' dir='ltr'>non</span> <span class='ocrx_word' id='word_1_444' title='bbox 447 4506 604 4593; x_wconf 88' lang='lat' dir='ltr'>praebeat</span> <span class='ocrx_word' id='word_1_445' title='bbox 632 4507 799 4592; x_wconf 87' lang='lat' dir='ltr'>inprovide</span> <span class='ocrx_word' id='word_1_446' title='bbox 834 4508 1069 4573; x_wconf 86' lang='lat' dir='ltr'>affirmantibus</span> <span class='ocrx_word' id='word_1_447' title='bbox 1100 4528 1165 4572; x_wconf 90' lang='lat' dir='ltr'>non</span> <span class='ocrx_word' id='word_1_448' title='bbox 1194 4507 1316 4573; x_wconf 89' lang='lat' dir='ltr'>debere</span> <span class='ocrx_word' id='word_1_449' title='bbox 1344 4529 1417 4573; x_wconf 92' lang='lat' dir='ltr'>esse</span> <span class='ocrx_word' id='word_1_450' title='bbox 1448 4527 1500 4572; x_wconf 87' lang='lat' dir='ltr'>ros</span> <span class='ocrx_word' id='word_1_451' title='bbox 1523 4505 1721 4584; x_wconf 86' lang='lat' dir='ltr'>dominicas,</span> <span class='ocrx_word' id='word_1_452' title='bbox 1752 4504 1786 4567; x_wconf 93' lang='lat' dir='ltr'>id</span> <span class='ocrx_word' id='word_1_453' title='bbox 1819 4509 1870 4568; x_wconf 90' lang='lat' dir='ltr'>est</span> 
     </span>
    </p>
   </div>
   <div class='ocr_carea' id='block_1_12' title="bbox 200 4708 1869 5214">
    <p class='ocr_par' dir='ltr' id='par_1_15' title="bbox 200 4708 1869 5214">
     <span class='ocr_line' id='line_1_41' title="bbox 200 4708 1869 4783; baseline -0.002 -18"><span class='ocrx_word' id='word_1_454' title='bbox 200 4726 227 4765; x_wconf 73' lang='lat' dir='ltr'>sc</span> <span class='ocrx_word' id='word_1_455' title='bbox 346 4712 371 4778; x_wconf 94' lang='grc' dir='ltr'>ο)</span> <span class='ocrx_word' id='word_1_456' title='bbox 390 4715 523 4780; x_wconf 88' lang='lat' dir='ltr'>quolibeut</span> <span class='ocrx_word' id='word_1_457' title='bbox 540 4711 564 4766; x_wconf 78' lang='grc'><strong>4.</strong></span> <span class='ocrx_word' id='word_1_458' title='bbox 578 4714 602 4768; x_wconf 91' lang='grc'><strong>5.</strong></span> <span class='ocrx_word' id='word_1_459' title='bbox 694 4714 723 4782; x_wconf 92' lang='lat' dir='ltr'>p)</span> <span class='ocrx_word' id='word_1_460' title='bbox 741 4733 790 4766; x_wconf 84' lang='lat' dir='ltr'>om.</span> <span class='ocrx_word' id='word_1_461' title='bbox 807 4713 884 4767; x_wconf 90' lang='grc'><strong>2-5.</strong></span> <span class='ocrx_word' id='word_1_462' title='bbox 975 4714 1002 4780; x_wconf 91' lang='lat' dir='ltr'>q)</span> <span class='ocrx_word' id='word_1_463' title='bbox 1020 4715 1175 4783; x_wconf 85' lang='lat' dir='ltr'>periclitanti</span> <span class='ocrx_word' id='word_1_464' title='bbox 1192 4711 1217 4765; x_wconf 92' lang='grc'>2.</span> <span class='ocrx_word' id='word_1_465' title='bbox 1235 4712 1260 4765; x_wconf 90' lang='lat'>3.</span> <span class='ocrx_word' id='word_1_466' title='bbox 1353 4713 1377 4780; x_wconf 90' lang='lat' dir='ltr'>r)</span> <span class='ocrx_word' id='word_1_467' title='bbox 1396 4715 1517 4767; x_wconf 84' lang='lat' dir='ltr'>subvenit</span> <span class='ocrx_word' id='word_1_468' title='bbox 1534 4711 1610 4766; x_wconf 91' lang='grc'><strong>2-5.</strong></span> <span class='ocrx_word' id='word_1_469' title='bbox 1703 4710 1726 4775; x_wconf 91' lang='lat' dir='ltr'>s)</span> <span class='ocrx_word' id='word_1_470' title='bbox 1744 4729 1794 4763; x_wconf 86' lang='lat' dir='ltr'>orn.</span> <span class='ocrx_word' id='word_1_471' title='bbox 1807 4708 1869 4763; x_wconf 84' lang='grc'><strong>4.5.</strong></span> 
     </span>
     <span class='ocr_line' id='line_1_42' title="bbox 243 4796 1869 4869; baseline 0 -19"><span class='ocrx_word' id='word_1_472' title='bbox 243 4799 263 4864; x_wconf 81' lang='lat' dir='ltr'>t)</span> <span class='ocrx_word' id='word_1_473' title='bbox 281 4800 323 4850; x_wconf 88' lang='lat' dir='ltr'>sui</span> <span class='ocrx_word' id='word_1_474' title='bbox 341 4797 365 4849; x_wconf 79' lang='grc'><strong>1.</strong></span> <span class='ocrx_word' id='word_1_475' title='bbox 384 4798 409 4852; x_wconf 88' lang='grc'><strong>5.</strong></span> <span class='ocrx_word' id='word_1_476' title='bbox 523 4799 553 4864; x_wconf 88' lang='grc' dir='ltr'>ιι)</span> <span class='ocrx_word' id='word_1_477' title='bbox 570 4807 648 4866; x_wconf 85' lang='lat' dir='ltr'>atque</span> <span class='ocrx_word' id='word_1_478' title='bbox 665 4802 764 4869; x_wconf 89' lang='lat' dir='ltr'>pompis</span> <span class='ocrx_word' id='word_1_479' title='bbox 782 4819 830 4852; x_wconf 87' lang='lat' dir='ltr'>cm.</span> <span class='ocrx_word' id='word_1_480' title='bbox 852 4799 963 4853; x_wconf 74' lang='lat' dir='ltr'>Lt-fi.</span> <span class='ocrx_word' id='word_1_481' title='bbox 1077 4800 1105 4867; x_wconf 91' lang='lat' dir='ltr'>v)</span> <span class='ocrx_word' id='word_1_482' title='bbox 1122 4802 1150 4852; x_wconf 80' lang='lat' dir='ltr'>in</span> <span class='ocrx_word' id='word_1_483' title='bbox 1169 4802 1223 4852; x_wconf 89' lang='lat' dir='ltr'>loco</span> <span class='ocrx_word' id='word_1_484' title='bbox 1241 4818 1302 4853; x_wconf 80' lang='lat' dir='ltr'>raro</span> <span class='ocrx_word' id='word_1_485' title='bbox 1321 4800 1344 4853; x_wconf 88' lang='lat' dir='ltr'>l.</span> <span class='ocrx_word' id='word_1_486' title='bbox 1457 4800 1493 4868; x_wconf 87' lang='lat' dir='ltr'>vv)</span> <span class='ocrx_word' id='word_1_487' title='bbox 1512 4818 1578 4868; x_wconf 81' lang='lat' dir='ltr'>quae</span> <span class='ocrx_word' id='word_1_488' title='bbox 1660 4800 1721 4852; x_wconf 90' lang='lat' dir='ltr'>oriri</span> <span class='ocrx_word' id='word_1_489' title='bbox 1737 4817 1786 4851; x_wconf 86' lang='lat' dir='ltr'>om.</span> <span class='ocrx_word' id='word_1_490' title='bbox 1805 4796 1869 4850; x_wconf 59' lang='grc'>65.</span> 
     </span>
     <span class='ocr_line' id='line_1_43' title="bbox 242 4882 1867 4957; baseline -0.001 -21"><span class='ocrx_word' id='word_1_491' title='bbox 242 4885 271 4950; x_wconf 87' lang='lat' dir='ltr'>x)</span> <span class='ocrx_word' id='word_1_492' title='bbox 290 4887 438 4938; x_wconf 77' lang='lat' dir='ltr'>humanitas</span> <span class='ocrx_word' id='word_1_493' title='bbox 454 4884 531 4939; x_wconf 90' lang='grc'><strong>2-5.</strong></span> <span class='ocrx_word' id='word_1_494' title='bbox 618 4885 647 4954; x_wconf 83' lang='lat' dir='ltr'>y)</span> <span class='ocrx_word' id='word_1_495' title='bbox 665 4889 692 4938; x_wconf 91' lang='lat' dir='ltr'>in</span> <span class='ocrx_word' id='word_1_496' title='bbox 710 4889 790 4940; x_wconf 85' lang='lat' dir='ltr'>caelis</span> <span class='ocrx_word' id='word_1_497' title='bbox 808 4905 855 4940; x_wconf 86' lang='lat' dir='ltr'>cm.</span> <span class='ocrx_word' id='word_1_498' title='bbox 874 4887 899 4939; x_wconf 93' lang='grc'>2.</span> <span class='ocrx_word' id='word_1_499' title='bbox 912 4887 936 4941; x_wconf 87' lang='lat'>3.</span> <span class='ocrx_word' id='word_1_500' title='bbox 1025 4888 1050 4953; x_wconf 83' lang='grc' dir='ltr'>ι)</span> <span class='ocrx_word' id='word_1_501' title='bbox 1068 4897 1094 4941; x_wconf 89' lang='lat' dir='ltr'>et</span> <span class='ocrx_word' id='word_1_502' title='bbox 1111 4888 1174 4940; x_wconf 80' lang='lat' dir='ltr'>add.</span> <span class='ocrx_word' id='word_1_503' title='bbox 1192 4885 1217 4938; x_wconf 91' lang='grc'>2.</span> <span class='ocrx_word' id='word_1_504' title='bbox 1229 4885 1254 4938; x_wconf 89' lang='grc'>3.</span> <span class='ocrx_word' id='word_1_505' title='bbox 1347 4886 1375 4957; x_wconf 90' lang='lat' dir='ltr'>a)</span> <span class='ocrx_word' id='word_1_506' title='bbox 1392 4890 1465 4940; x_wconf 84' lang='lat' dir='ltr'>Beati</span> <span class='ocrx_word' id='word_1_507' title='bbox 1550 4889 1713 4940; x_wconf 88' lang='lat' dir='ltr'>vocabuntur</span> <span class='ocrx_word' id='word_1_508' title='bbox 1729 4903 1777 4937; x_wconf 92' lang='lat' dir='ltr'>om.</span> <span class='ocrx_word' id='word_1_509' title='bbox 1790 4882 1867 4936; x_wconf 89' lang='grc'><strong>2-6.</strong></span> 
     </span>
     <span class='ocr_line' id='line_1_44' title="bbox 243 4968 1869 5040; baseline 0 -17"><span class='ocrx_word' id='word_1_510' title='bbox 243 4968 271 5038; x_wconf 92' lang='lat' dir='ltr'>b)</span> <span class='ocrx_word' id='word_1_511' title='bbox 289 4989 349 5024; x_wconf 89' lang='lat' dir='ltr'>cum</span> <span class='ocrx_word' id='word_1_512' title='bbox 368 4990 436 5024; x_wconf 90' lang='lat' dir='ltr'>omn.</span> <span class='ocrx_word' id='word_1_513' title='bbox 454 4991 502 5026; x_wconf 86' lang='lat' dir='ltr'>cm.</span> <span class='ocrx_word' id='word_1_514' title='bbox 523 4973 599 5028; x_wconf 91' lang='grc'><strong>1-5.</strong></span> <span class='ocrx_word' id='word_1_515' title='bbox 707 4973 733 5040; x_wconf 86' lang='lat' dir='ltr'>c)</span> <span class='ocrx_word' id='word_1_516' title='bbox 752 4993 800 5026; x_wconf 80' lang='lat' dir='ltr'>cru.</span> <span class='ocrx_word' id='word_1_517' title='bbox 819 4973 844 5027; x_wconf 76' lang='lat'>4.</span> <span class='ocrx_word' id='word_1_518' title='bbox 856 4975 880 5028; x_wconf 89' lang='grc'><strong>5.</strong></span> <span class='ocrx_word' id='word_1_519' title='bbox 974 4976 1017 5039; x_wconf 82' lang='grc'><strong>,(1)</strong></span> <span class='ocrx_word' id='word_1_520' title='bbox 1035 4977 1166 5030; x_wconf 88' lang='lat' dir='ltr'>debebunt</span> <span class='ocrx_word' id='word_1_521' title='bbox 1183 4972 1208 5028; x_wconf 81' lang='grc'><strong>4.</strong></span> <span class='ocrx_word' id='word_1_522' title='bbox 1224 4976 1248 5029; x_wconf 86' lang='grc'><strong>5.</strong></span> <span class='ocrx_word' id='word_1_523' title='bbox 1362 4975 1387 5039; x_wconf 89' lang='lat' dir='ltr'>e)</span> <span class='ocrx_word' id='word_1_524' title='bbox 1406 4993 1455 5027; x_wconf 85' lang='lat' dir='ltr'>om.</span> <span class='ocrx_word' id='word_1_525' title='bbox 1475 4973 1498 5025; x_wconf 90' lang='lat' dir='ltr'>l.</span> <span class='ocrx_word' id='word_1_526' title='bbox 1608 4973 1779 5038; x_wconf 80' lang='lat' dir='ltr'>llfirmamus</span> <span class='ocrx_word' id='word_1_527' title='bbox 1796 4969 1821 5024; x_wconf 89' lang='grc'><strong>2,</strong></span> <span class='ocrx_word' id='word_1_528' title='bbox 1839 4969 1869 5036; x_wconf 71' lang='grc' dir='ltr'>ὃς</span> 
     </span>
     <span class='ocr_line' id='line_1_45' title="bbox 243 5055 1869 5128; baseline -0.002 -18"><span class='ocrx_word' id='word_1_529' title='bbox 243 5059 421 5126; x_wconf 83' lang='lat' dir='ltr'>perfirmamus</span> <span class='ocrx_word' id='word_1_530' title='bbox 438 5055 462 5110; x_wconf 83' lang='lat'>4.</span> <span class='ocrx_word' id='word_1_531' title='bbox 473 5059 498 5113; x_wconf 89' lang='grc'><strong>5.</strong></span> <span class='ocrx_word' id='word_1_532' title='bbox 586 5061 615 5128; x_wconf 84' lang='lat' dir='ltr'>g)</span> <span class='ocrx_word' id='word_1_533' title='bbox 633 5061 747 5112; x_wconf 91' lang='lat' dir='ltr'>omnium</span> <span class='ocrx_word' id='word_1_534' title='bbox 764 5060 828 5113; x_wconf 81' lang='lat' dir='ltr'>add.</span> <span class='ocrx_word' id='word_1_535' title='bbox 846 5059 922 5113; x_wconf 87' lang='grc'><strong>2-5.</strong></span> <span class='ocrx_word' id='word_1_536' title='bbox 1010 5060 1039 5128; x_wconf 83' lang='lat' dir='ltr'>h)</span> <span class='ocrx_word' id='word_1_537' title='bbox 1058 5063 1129 5128; x_wconf 83' lang='lat' dir='ltr'>pacis</span> <span class='ocrx_word' id='word_1_538' title='bbox 1147 5079 1195 5114; x_wconf 87' lang='lat' dir='ltr'>cm.</span> <span class='ocrx_word' id='word_1_539' title='bbox 1212 5079 1240 5114; x_wconf 87' lang='lat' dir='ltr'>se</span> <span class='ocrx_word' id='word_1_540' title='bbox 1257 5060 1283 5114; x_wconf 79' lang='lat'>4.</span> <span class='ocrx_word' id='word_1_541' title='bbox 1295 5061 1319 5114; x_wconf 82' lang='lat'>5.</span> <span class='ocrx_word' id='word_1_542' title='bbox 1407 5059 1426 5126; x_wconf 89' lang='grc' dir='ltr'>ἰ)</span> <span class='ocrx_word' id='word_1_543' title='bbox 1444 5067 1560 5113; x_wconf 85' lang='lat' dir='ltr'>sacratas</span> <span class='ocrx_word' id='word_1_544' title='bbox 1578 5058 1654 5111; x_wconf 78' lang='grc'><strong>2-4.</strong></span> <span class='ocrx_word' id='word_1_545' title='bbox 1736 5056 1821 5124; x_wconf 75' lang='lat' dir='ltr'>blito</span> <span class='ocrx_word' id='word_1_546' title='bbox 1841 5056 1869 5121; x_wconf 84' lang='lat'>1;</span> 
     </span>
     <span class='ocr_line' id='line_1_46' title="bbox 202 5143 1652 5214; baseline 0 -18"><span class='ocrx_word' id='word_1_547' title='bbox 202 5156 226 5196; x_wconf 69' lang='grc'>15</span> <span class='ocrx_word' id='word_1_548' title='bbox 243 5144 275 5196; x_wconf 75' lang='lat' dir='ltr'>ad</span> <span class='ocrx_word' id='word_1_549' title='bbox 291 5144 393 5210; x_wconf 63' lang='lat' dir='ltr'>reliqua.</span> <span class='ocrx_word' id='word_1_550' title='bbox 497 5146 516 5210; x_wconf 87' lang='grc'>1)</span> <span class='ocrx_word' id='word_1_551' title='bbox 534 5144 662 5213; x_wconf 78' lang='lat' dir='ltr'>reginali.</span> <span class='ocrx_word' id='word_1_552' title='bbox 765 5144 802 5213; x_wconf 90' lang='grc' dir='ltr'>ιιι)</span> <span class='ocrx_word' id='word_1_553' title='bbox 819 5148 887 5199; x_wconf 82' lang='lat' dir='ltr'>euim</span> <span class='ocrx_word' id='word_1_554' title='bbox 905 5144 980 5198; x_wconf 87' lang='grc'><strong>2-5.</strong></span> <span class='ocrx_word' id='word_1_555' title='bbox 1085 5145 1115 5214; x_wconf 92' lang='grc' dir='ltr'>ιι)</span> <span class='ocrx_word' id='word_1_556' title='bbox 1133 5149 1170 5200; x_wconf 89' lang='lat' dir='ltr'>rei</span> <span class='ocrx_word' id='word_1_557' title='bbox 1188 5147 1251 5200; x_wconf 84' lang='lat' dir='ltr'>add.</span> <span class='ocrx_word' id='word_1_558' title='bbox 1269 5146 1332 5201; x_wconf 57' lang='grc'>65.</span> <span class='ocrx_word' id='word_1_559' title='bbox 1437 5144 1464 5213; x_wconf 88' lang='grc' dir='ltr'>ο)</span> <span class='ocrx_word' id='word_1_560' title='bbox 1482 5162 1609 5213; x_wconf 69' lang='lat' dir='ltr'>aspernor.</span> <span class='ocrx_word' id='word_1_561' title='bbox 1630 5143 1652 5196; x_wconf 92' lang='lat'>1.</span> 
     </span>
    </p>
   </div>
   <div class='ocr_carea' id='block_1_13' title="bbox 240 5328 1870 5714">
    <p class='ocr_par' dir='ltr' id='par_1_16' title="bbox 240 5328 1870 5714">
     <span class='ocr_line' id='line_1_47' title="bbox 345 5328 1870 5403; baseline -0.001 -17"><span class='ocrx_word' id='word_1_562' title='bbox 345 5331 391 5398; x_wconf 84' lang='grc'><strong>34)</strong></span> <span class='ocrx_word' id='word_1_563' title='bbox 409 5328 499 5384; x_wconf 73' lang='lat' dir='ltr'>Sir-icti</span> <span class='ocrx_word' id='word_1_564' title='bbox 515 5345 554 5397; x_wconf 81' lang='lat' dir='ltr'>cp.</span> <span class='ocrx_word' id='word_1_565' title='bbox 572 5329 611 5384; x_wconf 81' lang='lat' dir='ltr'>cd</span> <span class='ocrx_word' id='word_1_566' title='bbox 628 5330 730 5387; x_wconf 82' lang='lat' dir='ltr'>Himer.</span> <span class='ocrx_word' id='word_1_567' title='bbox 745 5333 805 5401; x_wconf 86' lang='grc'><strong>385,</strong></span> <span class='ocrx_word' id='word_1_568' title='bbox 823 5350 844 5388; x_wconf 89' lang='lat' dir='ltr'>c.</span> <span class='ocrx_word' id='word_1_569' title='bbox 857 5336 883 5402; x_wconf 91' lang='grc'>2,</span> <span class='ocrx_word' id='word_1_570' title='bbox 900 5333 973 5400; x_wconf 81' lang='lat' dir='ltr'>Jaffe</span> <span class='ocrx_word' id='word_1_571' title='bbox 989 5334 1006 5387; x_wconf 84' lang='grc'><strong>1.</strong></span> <span class='ocrx_word' id='word_1_572' title='bbox 1018 5350 1039 5389; x_wconf 91' lang='lat' dir='ltr'>c.</span> <span class='ocrx_word' id='word_1_573' title='bbox 1058 5350 1100 5390; x_wconf 80' lang='lat' dir='ltr'>ar.</span> <span class='ocrx_word' id='word_1_574' title='bbox 1114 5333 1180 5400; x_wconf 85' lang='grc'><strong>255,·</strong></span> <span class='ocrx_word' id='word_1_575' title='bbox 1206 5332 1266 5388; x_wconf 80' lang='lat' dir='ltr'>(lod.</span> <span class='ocrx_word' id='word_1_576' title='bbox 1284 5349 1343 5388; x_wconf 76' lang='lat' dir='ltr'>aaa.</span> <span class='ocrx_word' id='word_1_577' title='bbox 1358 5351 1388 5403; x_wconf 85' lang='lat' dir='ltr'>p.</span> <span class='ocrx_word' id='word_1_578' title='bbox 1400 5333 1467 5401; x_wconf 80' lang='lat'>315,-</span> <span class='ocrx_word' id='word_1_579' title='bbox 1485 5332 1624 5400; x_wconf 58' lang='lat' dir='ltr'>manvu,</span> <span class='ocrx_word' id='word_1_580' title='bbox 1643 5331 1733 5400; x_wconf 80' lang='lat' dir='ltr'>Epist.</span> <span class='ocrx_word' id='word_1_581' title='bbox 1753 5330 1870 5385; x_wconf 73' lang='lat' dir='ltr'>Roman.</span> 
     </span>
     <span class='ocr_line' id='line_1_48' title="bbox 240 5434 1869 5508; baseline 0.001 -19"><span class='ocrx_word' id='word_1_582' title='bbox 240 5435 341 5504; x_wconf 77' lang='lat' dir='ltr'>pontif.</span> <span class='ocrx_word' id='word_1_583' title='bbox 355 5435 459 5503; x_wconf 68' lang='lat' dir='ltr'>pote.</span> <span class='ocrx_word' id='word_1_584' title='bbox 581 5437 627 5504; x_wconf 84' lang='grc'><strong>35)</strong></span> <span class='ocrx_word' id='word_1_585' title='bbox 648 5435 705 5504; x_wconf 72' lang='lat' dir='ltr'>Ofr.</span> <span class='ocrx_word' id='word_1_586' title='bbox 729 5437 834 5494; x_wconf 79' lang='lat' dir='ltr'>Relatio</span> <span class='ocrx_word' id='word_1_587' title='bbox 855 5439 919 5506; x_wconf 88' lang='grc'><strong>829,</strong></span> <span class='ocrx_word' id='word_1_588' title='bbox 944 5455 1032 5508; x_wconf 84' lang='lat' dir='ltr'>supra</span> <span class='ocrx_word' id='word_1_589' title='bbox 1044 5454 1074 5508; x_wconf 80' lang='lat' dir='ltr'>p.</span> <span class='ocrx_word' id='word_1_590' title='bbox 1087 5439 1134 5506; x_wconf 84' lang='lat'>40,</span> <span class='ocrx_word' id='word_1_591' title='bbox 1154 5454 1175 5493; x_wconf 93' lang='lat' dir='ltr'>c.</span> <span class='ocrx_word' id='word_1_592' title='bbox 1188 5437 1230 5493; x_wconf 82' lang='grc'>37.</span> <span class='ocrx_word' id='word_1_593' title='bbox 1346 5438 1391 5504; x_wconf 84' lang='lat'>36)</span> <span class='ocrx_word' id='word_1_594' title='bbox 1411 5435 1518 5491; x_wconf 81' lang='lat' dir='ltr'>Ibiderr</span> <span class='ocrx_word' id='word_1_595' title='bbox 1534 5452 1555 5491; x_wconf 89' lang='lat' dir='ltr'>c.</span> <span class='ocrx_word' id='word_1_596' title='bbox 1568 5437 1610 5490; x_wconf 89' lang='grc'>38.</span> <span class='ocrx_word' id='word_1_597' title='bbox 1724 5435 1770 5501; x_wconf 82' lang='grc'><strong>37)</strong></span> <span class='ocrx_word' id='word_1_598' title='bbox 1792 5434 1869 5490; x_wconf 74' lang='lat' dir='ltr'>Ocno.</span> 
     </span>
     <span class='ocr_line' id='line_1_49' title="bbox 247 5537 1868 5610; baseline 0 -18"><span class='ocrx_word' id='word_1_599' title='bbox 247 5538 318 5608; x_wconf 72' lang='lat' dir='ltr'>Moy.</span> <span class='ocrx_word' id='word_1_600' title='bbox 336 5537 397 5606; x_wconf 88' lang='grc'><strong>813,</strong></span> <span class='ocrx_word' id='word_1_601' title='bbox 414 5539 474 5606; x_wconf 75' lang='lat' dir='ltr'>cb,</span> <span class='ocrx_word' id='word_1_602' title='bbox 495 5539 513 5592; x_wconf 86' lang='lat' dir='ltr'>l.</span> <span class='ocrx_word' id='word_1_603' title='bbox 530 5554 551 5593; x_wconf 93' lang='lat' dir='ltr'>c.</span> <span class='ocrx_word' id='word_1_604' title='bbox 570 5540 617 5594; x_wconf 87' lang='lat' dir='ltr'>ccl.</span> <span class='ocrx_word' id='word_1_605' title='bbox 636 5541 678 5594; x_wconf 90' lang='lat'>66.</span> <span class='ocrx_word' id='word_1_606' title='bbox 791 5541 837 5610; x_wconf 83' lang='lat'>38)</span> <span class='ocrx_word' id='word_1_607' title='bbox 856 5540 880 5594; x_wconf 85' lang='lat'>1.</span> <span class='ocrx_word' id='word_1_608' title='bbox 900 5539 1019 5596; x_wconf 73' lang='lat' dir='ltr'>Goviatb</span> <span class='ocrx_word' id='word_1_609' title='bbox 1038 5542 1079 5606; x_wconf 80' lang='lat'>14,</span> <span class='ocrx_word' id='word_1_610' title='bbox 1091 5541 1133 5596; x_wconf 87' lang='grc'>33.</span> <span class='ocrx_word' id='word_1_611' title='bbox 1237 5541 1283 5608; x_wconf 92' lang='grc'><strong>39)</strong></span> <span class='ocrx_word' id='word_1_612' title='bbox 1301 5539 1401 5594; x_wconf 74' lang='lat' dir='ltr'>Maca.</span> <span class='ocrx_word' id='word_1_613' title='bbox 1419 5541 1444 5606; x_wconf 80' lang='lat'>5,</span> <span class='ocrx_word' id='word_1_614' title='bbox 1457 5541 1481 5594; x_wconf 89' lang='grc'><strong>9.</strong></span> <span class='ocrx_word' id='word_1_615' title='bbox 1586 5539 1632 5607; x_wconf 81' lang='lat'>40)</span> <span class='ocrx_word' id='word_1_616' title='bbox 1650 5537 1751 5592; x_wconf 81' lang='lat' dir='ltr'>Ebraa.</span> <span class='ocrx_word' id='word_1_617' title='bbox 1772 5539 1868 5606; x_wconf 86' lang='grc'><strong>12,14.</strong></span> 
     </span>
     <span class='ocr_line' id='line_1_50' title="bbox 243 5641 1868 5714; baseline -0.001 -17"><span class='ocrx_word' id='word_1_618' title='bbox 243 5641 288 5710; x_wconf 81' lang='lat'>41)</span> <span class='ocrx_word' id='word_1_619' title='bbox 310 5641 367 5708; x_wconf 64' lang='lat' dir='ltr'>Otr.</span> <span class='ocrx_word' id='word_1_620' title='bbox 385 5641 456 5696; x_wconf 79' lang='lat' dir='ltr'>Kar.</span> <span class='ocrx_word' id='word_1_621' title='bbox 475 5642 516 5698; x_wconf 88' lang='lat' dir='ltr'>H.</span> <span class='ocrx_word' id='word_1_622' title='bbox 537 5641 602 5711; x_wconf 80' lang='lat' dir='ltr'>Gap.</span> <span class='ocrx_word' id='word_1_623' title='bbox 620 5643 689 5712; x_wconf 81' lang='lat' dir='ltr'>Pap.</span> <span class='ocrx_word' id='word_1_624' title='bbox 707 5644 771 5710; x_wconf 85' lang='grc'><strong>876,</strong></span> <span class='ocrx_word' id='word_1_625' title='bbox 794 5660 881 5712; x_wconf 81' lang='lat' dir='ltr'>capra</span> <span class='ocrx_word' id='word_1_626' title='bbox 894 5661 925 5714; x_wconf 84' lang='lat' dir='ltr'>p.</span> <span class='ocrx_word' id='word_1_627' title='bbox 945 5645 1004 5712; x_wconf 86' lang='grc'><strong>193,</strong></span> <span class='ocrx_word' id='word_1_628' title='bbox 1025 5661 1046 5698; x_wconf 95' lang='lat' dir='ltr'>c.</span> <span class='ocrx_word' id='word_1_629' title='bbox 1061 5645 1107 5712; x_wconf 92' lang='grc'>12,</span> <span class='ocrx_word' id='word_1_630' title='bbox 1127 5649 1152 5698; x_wconf 78' lang='lat' dir='ltr'>ct</span> <span class='ocrx_word' id='word_1_631' title='bbox 1169 5658 1239 5712; x_wconf 76' lang='lat' dir='ltr'>quae</span> <span class='ocrx_word' id='word_1_632' title='bbox 1256 5641 1343 5698; x_wconf 66' lang='lat' dir='ltr'>mem</span> <span class='ocrx_word' id='word_1_633' title='bbox 1358 5642 1467 5698; x_wconf 70' lang='lat' dir='ltr'>anem</span> <span class='ocrx_word' id='word_1_634' title='bbox 1572 5641 1617 5708; x_wconf 78' lang='grc'><strong>42)</strong></span> <span class='ocrx_word' id='word_1_635' title='bbox 1637 5641 1716 5695; x_wconf 75' lang='lat' dir='ltr'>Prov.</span> <span class='ocrx_word' id='word_1_636' title='bbox 1733 5643 1868 5710; x_wconf 90' lang='grc'><strong>6,16.19.</strong></span> 
     </span>
    </p>
   </div>
   <div class='ocr_carea' id='block_1_14' title="bbox 207 5744 1869 5896">
    <p class='ocr_par' dir='ltr' id='par_1_17' title="bbox 207 5744 1869 5896">
     <span class='ocr_line' id='line_1_51' title="bbox 207 5744 1869 5818; baseline 0 -19"><span class='ocrx_word' id='word_1_637' title='bbox 207 5759 231 5798; x_wconf 76' lang='grc' dir='ltr'>ιο</span> <span class='ocrx_word' id='word_1_638' title='bbox 246 5745 289 5814; x_wconf 76' lang='grc'>63)</span> <span class='ocrx_word' id='word_1_639' title='bbox 310 5745 367 5812; x_wconf 76' lang='lat' dir='ltr'>Cfr.</span> <span class='ocrx_word' id='word_1_640' title='bbox 386 5745 478 5800; x_wconf 78' lang='lat' dir='ltr'>Hlotb.</span> <span class='ocrx_word' id='word_1_641' title='bbox 498 5744 561 5814; x_wconf 75' lang='lat' dir='ltr'>Gap.</span> <span class='ocrx_word' id='word_1_642' title='bbox 580 5745 649 5814; x_wconf 82' lang='lat' dir='ltr'>Pap.</span> <span class='ocrx_word' id='word_1_643' title='bbox 667 5747 727 5816; x_wconf 89' lang='grc'><strong>832,</strong></span> <span class='ocrx_word' id='word_1_644' title='bbox 743 5763 830 5818; x_wconf 77' lang='lat' dir='ltr'>supra</span> <span class='ocrx_word' id='word_1_645' title='bbox 842 5764 872 5818; x_wconf 78' lang='lat' dir='ltr'>p.</span> <span class='ocrx_word' id='word_1_646' title='bbox 885 5751 927 5816; x_wconf 92' lang='grc'>61,</span> <span class='ocrx_word' id='word_1_647' title='bbox 945 5765 966 5805; x_wconf 89' lang='lat' dir='ltr'>c.</span> <span class='ocrx_word' id='word_1_648' title='bbox 979 5750 1004 5804; x_wconf 90' lang='grc'>6.</span> <span class='ocrx_word' id='word_1_649' title='bbox 1097 5748 1142 5817; x_wconf 80' lang='grc'>44)</span> <span class='ocrx_word' id='word_1_650' title='bbox 1163 5746 1220 5815; x_wconf 75' lang='lat' dir='ltr'>Osa</span> <span class='ocrx_word' id='word_1_651' title='bbox 1241 5746 1305 5816; x_wconf 81' lang='lat' dir='ltr'>Gap.</span> <span class='ocrx_word' id='word_1_652' title='bbox 1323 5747 1396 5816; x_wconf 76' lang='lat' dir='ltr'>leps&#39;b.</span> <span class='ocrx_word' id='word_1_653' title='bbox 1416 5745 1479 5801; x_wconf 81' lang='lat' dir='ltr'>add.</span> <span class='ocrx_word' id='word_1_654' title='bbox 1497 5745 1557 5813; x_wconf 88' lang='grc'><strong>803,</strong></span> <span class='ocrx_word' id='word_1_655' title='bbox 1577 5750 1637 5799; x_wconf 80' lang='lat' dir='ltr'>tom.</span> <span class='ocrx_word' id='word_1_656' title='bbox 1651 5745 1675 5812; x_wconf 92' lang='lat' dir='ltr'>I,</span> <span class='ocrx_word' id='word_1_657' title='bbox 1689 5762 1719 5813; x_wconf 79' lang='lat' dir='ltr'>p.</span> <span class='ocrx_word' id='word_1_658' title='bbox 1733 5745 1792 5812; x_wconf 85' lang='grc'><strong>113,</strong></span> <span class='ocrx_word' id='word_1_659' title='bbox 1810 5761 1831 5800; x_wconf 94' lang='lat' dir='ltr'>c.</span> <span class='ocrx_word' id='word_1_660' title='bbox 1844 5745 1869 5800; x_wconf 92' lang='grc'>2.</span> 
     </span>
     <span class='ocr_line' id='line_1_52' title="bbox 349 5841 1664 5896; baseline 0.001 -2"><span class='ocrx_word' id='word_1_661' title='bbox 349 5857 386 5895; x_wconf 83' lang='grc' dir='ltr'>ιι.</span> <span class='ocrx_word' id='word_1_662' title='bbox 405 5856 573 5895; x_wconf 67' lang='lat' dir='ltr'>carnuntum</span> <span class='ocrx_word' id='word_1_663' title='bbox 599 5857 624 5896; x_wconf 93' lang='grc' dir='ltr'>ιι.</span> <span class='ocrx_word' id='word_1_664' title='bbox 1629 5841 1664 5895; x_wconf 89' lang='grc'>23</span> 
     </span>
    </p>
   </div>
   <div class='ocr_carea' id='block_1_15' title="bbox 0 0 2289 6434">
    <p class='ocr_par' dir='ltr' id='par_1_18' title="bbox 0 0 2289 6434">
     <span class='ocr_line' id='line_1_53' title="bbox 0 0 2289 6434; baseline 0 0"><span class='ocrx_word' id='word_1_665' title='bbox 0 0 2289 6434; x_wconf 95' lang='lat' dir='ltr'> </span> 
     </span>
    </p>
   </div>
  </div>
 </body>
</html>
