<?xml version="1.0" encoding="UTF-8"?>
<!DOCTYPE html PUBLIC "-//W3C//DTD XHTML 1.0 Transitional//EN"
    "http://www.w3.org/TR/xhtml1/DTD/xhtml1-transitional.dtd">
<html xmlns="http://www.w3.org/1999/xhtml" xml:lang="en" lang="en">
 <head>
  <title>
</title>
<meta http-equiv="Content-Type" content="text/html;charset=utf-8" />
  <meta name='ocr-system' content='tesseract 3.04.00' />
  <meta name='ocr-capabilities' content='ocr_page ocr_carea ocr_par ocr_line ocrx_word'/>
</head>
<body>
  <div class='ocr_page' id='page_1' title='image "./monumentagerman07mittgoog_0150.png"; bbox 0 0 4634 6436; ppageno 0'>
   <div class='ocr_carea' id='block_1_1' title="bbox 620 465 1893 533">
    <p class='ocr_par' dir='ltr' id='par_1_1' title="bbox 620 465 1893 533">
     <span class='ocr_line' id='line_1_1' title="bbox 620 465 1893 533; baseline 0.01 -13"><span class='ocrx_word' id='word_1_1' title='bbox 620 465 866 522; x_wconf 81' lang='lat' dir='ltr'>CAPITULARIA</span> <span class='ocrx_word' id='word_1_2' title='bbox 879 465 1051 532; x_wconf 82' lang='lat' dir='ltr'>WIDONIS,</span> <span class='ocrx_word' id='word_1_3' title='bbox 1071 465 1267 522; x_wconf 70' lang='lat' dir='ltr'>truamur.</span> <span class='ocrx_word' id='word_1_4' title='bbox 1286 498 1318 506; x_wconf 88' lang='lat'>-</span> <span class='ocrx_word' id='word_1_5' title='bbox 1337 467 1385 521; x_wconf 89' lang='lat' dir='ltr'>Nr.</span> <span class='ocrx_word' id='word_1_6' title='bbox 1397 468 1457 523; x_wconf 84' lang='grc'>224.</span> <span class='ocrx_word' id='word_1_7' title='bbox 1475 469 1535 523; x_wconf 82' lang='grc'>225.</span> <span class='ocrx_word' id='word_1_8' title='bbox 1829 471 1893 533; x_wconf 87' lang='grc'>109</span> 
     </span>
    </p>
   </div>
   <div class='ocr_carea' id='block_1_2' title="bbox 231 636 1969 1144">
    <p class='ocr_par' dir='ltr' id='par_1_2' title="bbox 261 636 1969 1039">
     <span class='ocr_line' id='line_1_2' title="bbox 297 636 1969 727; baseline -0.001 -25"><span class='ocrx_word' id='word_1_9' title='bbox 297 678 298 682; x_wconf 59' lang='lat'><em>=</em></span> <span class='ocrx_word' id='word_1_10' title='bbox 374 636 453 723; x_wconf 79' lang='lat' dir='ltr'>(lap.</span> <span class='ocrx_word' id='word_1_11' title='bbox 472 642 499 704; x_wconf 86' lang='lat'>7.</span> <span class='ocrx_word' id='word_1_12' title='bbox 533 638 693 705; x_wconf 77' lang='lat' dir='ltr'>Volumus</span> <span class='ocrx_word' id='word_1_13' title='bbox 721 648 897 726; x_wconf 87' lang='lat' dir='ltr'>praeterea</span> <span class='ocrx_word' id='word_1_14' title='bbox 926 647 1023 727; x_wconf 88' lang='lat' dir='ltr'>atquc</span> <span class='ocrx_word' id='word_1_15' title='bbox 1053 641 1247 722; x_wconf 87' lang='lat' dir='ltr'>sanctimus,</span> <span class='ocrx_word' id='word_1_16' title='bbox 1282 648 1334 719; x_wconf 92' lang='lat' dir='ltr'>ut,</span> <span class='ocrx_word' id='word_1_17' title='bbox 1363 641 1389 705; x_wconf 90' lang='lat' dir='ltr'>si</span> <span class='ocrx_word' id='word_1_18' title='bbox 1420 640 1583 726; x_wconf 75' lang='lat' dir='ltr'>quilibety</span> <span class='ocrx_word' id='word_1_19' title='bbox 1604 641 1700 705; x_wconf 90' lang='lat' dir='ltr'>homo</span> <span class='ocrx_word' id='word_1_20' title='bbox 1724 640 1890 726; x_wconf 80' lang='lat' dir='ltr'><strong>legitimae</strong></span> <span class='ocrx_word' id='word_1_21' title='bbox 1908 647 1969 702; x_wconf 82' lang='grc'>091.</span> 
     </span>
     <span class='ocr_line' id='line_1_3' title="bbox 261 742 1891 830; baseline 0.002 -26"><span class='ocrx_word' id='word_1_22' title='bbox 261 742 358 806; x_wconf 87' lang='lat' dir='ltr'>uxori</span> <span class='ocrx_word' id='word_1_23' title='bbox 387 762 483 822; x_wconf 89' lang='lat' dir='ltr'>suae,</span> <span class='ocrx_word' id='word_1_24' title='bbox 514 742 591 807; x_wconf 91' lang='lat' dir='ltr'>dum</span> <span class='ocrx_word' id='word_1_25' title='bbox 614 743 751 824; x_wconf 81' lang='lat' dir='ltr'>vixerit,</span> <span class='ocrx_word' id='word_1_26' title='bbox 782 766 836 809; x_wconf 88' lang='lat' dir='ltr'>res</span> <span class='ocrx_word' id='word_1_27' title='bbox 867 766 943 809; x_wconf 87' lang='lat' dir='ltr'>suas</span> <span class='ocrx_word' id='word_1_28' title='bbox 970 766 1029 830; x_wconf 89' lang='lat' dir='ltr'>per</span> <span class='ocrx_word' id='word_1_29' title='bbox 1059 746 1212 830; x_wconf 87' lang='lat' dir='ltr'>seriptum</span> <span class='ocrx_word' id='word_1_30' title='bbox 1241 744 1301 809; x_wconf 82' lang='lat' dir='ltr'>ad·</span> <span class='ocrx_word' id='word_1_31' title='bbox 1323 744 1579 809; x_wconf 73' lang='lat' dir='ltr'>usumfructum⁸</span> <span class='ocrx_word' id='word_1_32' title='bbox 1602 744 1731 809; x_wconf 81' lang='lat' dir='ltr'>dederit</span> <span class='ocrx_word' id='word_1_33' title='bbox 1753 751 1786 808; x_wconf 91' lang='lat' dir='ltr'>et</span> <span class='ocrx_word' id='word_1_34' title='bbox 1808 745 1891 809; x_wconf 88' lang='lat' dir='ltr'>filios</span> 
     </span>
     <span class='ocr_line' id='line_1_4' title="bbox 263 843 1891 934; baseline 0.003 -27"><span class='ocrx_word' id='word_1_35' title='bbox 263 843 344 909; x_wconf 88' lang='lat' dir='ltr'>duos</span> <span class='ocrx_word' id='word_1_36' title='bbox 369 846 421 910; x_wconf 86' lang='lat' dir='ltr'>vel</span> <span class='ocrx_word' id='word_1_37' title='bbox 448 846 559 932; x_wconf 87' lang='lat' dir='ltr'>plures</span> <span class='ocrx_word' id='word_1_38' title='bbox 589 846 739 914; x_wconf 88' lang='lat' dir='ltr'>habuerit</span> <span class='ocrx_word' id='word_1_39' title='bbox 768 856 801 914; x_wconf 89' lang='lat' dir='ltr'>et</span> <span class='ocrx_word' id='word_1_40' title='bbox 829 868 913 912; x_wconf 90' lang='lat' dir='ltr'>unus</span> <span class='ocrx_word' id='word_1_41' title='bbox 942 870 985 914; x_wconf 87' lang='lat' dir='ltr'>ex</span> <span class='ocrx_word' id='word_1_42' title='bbox 1015 849 1094 934; x_wconf 88' lang='lat' dir='ltr'>ipsis</span> <span class='ocrx_word' id='word_1_43' title='bbox 1118 851 1171 913; x_wconf 81' lang='lat' dir='ltr'>vel</span> <span class='ocrx_word' id='word_1_44' title='bbox 1195 848 1259 913; x_wconf 89' lang='lat' dir='ltr'>duo</span> <span class='ocrx_word' id='word_1_45' title='bbox 1283 849 1399 913; x_wconf 88' lang='lat' dir='ltr'>mortui</span> <span class='ocrx_word' id='word_1_46' title='bbox 1423 848 1543 913; x_wconf 86' lang='lat' dir='ltr'>luerint</span> <span class='ocrx_word' id='word_1_47' title='bbox 1569 853 1601 912; x_wconf 89' lang='lat' dir='ltr'>et</span> <span class='ocrx_word' id='word_1_48' title='bbox 1624 849 1708 912; x_wconf 86' lang='lat' dir='ltr'>filios</span> <span class='ocrx_word' id='word_1_49' title='bbox 1732 848 1891 914; x_wconf 84' lang='lat' dir='ltr'>vallilias</span> 
     </span>
     <span class='ocr_line' id='line_1_5' title="bbox 263 948 1888 1039; baseline 0.004 -29"><span class='ocrx_word' id='word_1_50' title='bbox 263 948 465 1033; x_wconf 81' lang='lat' dir='ltr'>reliquerint,</span> <span class='ocrx_word' id='word_1_51' title='bbox 489 951 672 1036; x_wconf 86' lang='lat' dir='ltr'>aequaliter</span> <span class='ocrx_word' id='word_1_52' title='bbox 694 954 783 1038; x_wconf 88' lang='lat' dir='ltr'>ipsas</span> <span class='ocrx_word' id='word_1_53' title='bbox 807 974 870 1031; x_wconf 87' lang='lat' dir='ltr'>rea,</span> <span class='ocrx_word' id='word_1_54' title='bbox 894 974 974 1039; x_wconf 90' lang='lat' dir='ltr'>quas</span> <span class='ocrx_word' id='word_1_55' title='bbox 998 953 1239 1017; x_wconf 84' lang='lat' dir='ltr'>usufructuario</span> <span class='ocrx_word' id='word_1_56' title='bbox 1263 951 1431 1037; x_wconf 89' lang='lat' dir='ltr'>praedicta</span> <span class='ocrx_word' id='word_1_57' title='bbox 1453 973 1537 1016; x_wconf 83' lang='lat' dir='ltr'>uxor</span> <span class='ocrx_word' id='word_1_58' title='bbox 1559 951 1727 1032; x_wconf 87' lang='lat' dir='ltr'>habuerit,</span> <span class='ocrx_word' id='word_1_59' title='bbox 1752 952 1808 1016; x_wconf 90' lang='lat' dir='ltr'>filii</span> <span class='ocrx_word' id='word_1_60' title='bbox 1831 952 1888 1017; x_wconf 90' lang='lat' dir='ltr'>de-</span> 
     </span>
    </p>

    <p class='ocr_par' dir='ltr' id='par_1_3' title="bbox 231 1049 1888 1144">
     <span class='ocr_line' id='line_1_6' title="bbox 231 1049 1888 1144; baseline 0.007 -34"><span class='ocrx_word' id='word_1_61' title='bbox 231 1072 242 1108; x_wconf 76' lang='lat' dir='ltr'>s</span> <span class='ocrx_word' id='word_1_62' title='bbox 262 1049 364 1116; x_wconf 83' lang='lat' dir='ltr'>iuncti</span> <span class='ocrx_word' id='word_1_63' title='bbox 381 1074 455 1118; x_wconf 87' lang='lat' dir='ltr'>cum</span> <span class='ocrx_word' id='word_1_64' title='bbox 471 1057 595 1144; x_wconf 83' lang='lat' dir='ltr'>patruis</span> <span class='ocrx_word' id='word_1_65' title='bbox 611 1057 690 1138; x_wconf 85' lang='lat' dir='ltr'>suis,</span> <span class='ocrx_word' id='word_1_66' title='bbox 713 1057 798 1121; x_wconf 89' lang='lat' dir='ltr'>siout</span> <span class='ocrx_word' id='word_1_67' title='bbox 815 1062 958 1121; x_wconf 88' lang='lat' dir='ltr'>ceteram</span> <span class='ocrx_word' id='word_1_68' title='bbox 974 1055 1202 1136; x_wconf 79' lang='lat' dir='ltr'>hereditatem,</span> <span class='ocrx_word' id='word_1_69' title='bbox 1224 1056 1270 1120; x_wconf 91' lang='lat' dir='ltr'>ita</span> <span class='ocrx_word' id='word_1_70' title='bbox 1285 1056 1391 1141; x_wconf 90' lang='lat' dir='ltr'>ipsum</span> <span class='ocrx_word' id='word_1_71' title='bbox 1406 1055 1715 1121; x_wconf 75' lang='lat' dir='ltr'>usumfructuarium</span> <span class='ocrx_word' id='word_1_72' title='bbox 1731 1055 1888 1121; x_wconf 82' lang='lat' dir='ltr'>dividant.</span> 
     </span>
    </p>
   </div>
   <div class='ocr_carea' id='block_1_3' title="bbox 263 1172 1890 1367">
    <p class='ocr_par' dir='ltr' id='par_1_4' title="bbox 263 1172 1890 1367">
     <span class='ocr_line' id='line_1_7' title="bbox 370 1172 1890 1264; baseline 0.002 -27"><span class='ocrx_word' id='word_1_73' title='bbox 370 1172 448 1260; x_wconf 83' lang='lat' dir='ltr'>Gap.</span> <span class='ocrx_word' id='word_1_74' title='bbox 474 1176 503 1240; x_wconf 92' lang='lat'>8.</span> <span class='ocrx_word' id='word_1_75' title='bbox 539 1174 754 1242; x_wconf 82' lang='lat' dir='ltr'>Concedimus</span> <span class='ocrx_word' id='word_1_76' title='bbox 784 1178 898 1259; x_wconf 89' lang='lat' dir='ltr'>etiam,</span> <span class='ocrx_word' id='word_1_77' title='bbox 926 1184 979 1258; x_wconf 90' lang='lat' dir='ltr'>ut,</span> <span class='ocrx_word' id='word_1_78' title='bbox 1013 1178 1096 1242; x_wconf 88' lang='lat' dir='ltr'>sicut</span> <span class='ocrx_word' id='word_1_79' title='bbox 1122 1177 1282 1264; x_wconf 88' lang='lat' dir='ltr'>mulieres</span> <span class='ocrx_word' id='word_1_80' title='bbox 1312 1197 1385 1240; x_wconf 91' lang='lat' dir='ltr'>cum</span> <span class='ocrx_word' id='word_1_81' title='bbox 1411 1176 1490 1240; x_wconf 87' lang='lat' dir='ltr'>viris</span> <span class='ocrx_word' id='word_1_82' title='bbox 1522 1177 1589 1241; x_wconf 88' lang='lat' dir='ltr'>suis</span> <span class='ocrx_word' id='word_1_83' title='bbox 1613 1176 1802 1242; x_wconf 80' lang='lat' dir='ltr'>venundare</span> <span class='ocrx_word' id='word_1_84' title='bbox 1833 1184 1890 1241; x_wconf 91' lang='lat' dir='ltr'>aut</span> 
     </span>
     <span class='ocr_line' id='line_1_8' title="bbox 263 1274 1888 1367; baseline 0.004 -28"><span class='ocrx_word' id='word_1_85' title='bbox 263 1274 384 1343; x_wconf 91' lang='lat' dir='ltr'>donare</span> <span class='ocrx_word' id='word_1_86' title='bbox 408 1299 461 1342; x_wconf 93' lang='lat' dir='ltr'>res</span> <span class='ocrx_word' id='word_1_87' title='bbox 485 1300 562 1343; x_wconf 88' lang='lat' dir='ltr'>suas</span> <span class='ocrx_word' id='word_1_88' title='bbox 585 1286 733 1367; x_wconf 88' lang='lat' dir='ltr'>possunt,</span> <span class='ocrx_word' id='word_1_89' title='bbox 757 1282 802 1346; x_wconf 91' lang='lat' dir='ltr'>ita</span> <span class='ocrx_word' id='word_1_90' title='bbox 825 1288 858 1345; x_wconf 89' lang='lat' dir='ltr'>et</span> <span class='ocrx_word' id='word_1_91' title='bbox 882 1289 1082 1346; x_wconf 88' lang='lat' dir='ltr'>commutare</span> <span class='ocrx_word' id='word_1_92' title='bbox 1099 1281 1231 1345; x_wconf 86' lang='lat' dir='ltr'>valeant</span> <span class='ocrx_word' id='word_1_93' title='bbox 1254 1301 1292 1344; x_wconf 88' lang='lat' dir='ltr'>aa</span> <span class='ocrx_word' id='word_1_94' title='bbox 1315 1281 1471 1345; x_wconf 85' lang='lat' dir='ltr'>familiam</span> <span class='ocrx_word' id='word_1_95' title='bbox 1495 1301 1587 1346; x_wconf 89' lang='lat' dir='ltr'>auam</span> <span class='ocrx_word' id='word_1_96' title='bbox 1610 1281 1748 1346; x_wconf 88' lang='lat' dir='ltr'>liberam</span> <span class='ocrx_word' id='word_1_97' title='bbox 1769 1281 1888 1347; x_wconf 83' lang='lat' dir='ltr'>lacere.</span> 
     </span>
    </p>
   </div>
   <div class='ocr_carea' id='block_1_4' title="bbox 220 1397 1891 1984">
    <p class='ocr_par' dir='ltr' id='par_1_5' title="bbox 370 1397 1888 1486">
     <span class='ocr_line' id='line_1_9' title="bbox 370 1397 1888 1486; baseline 0.003 -24"><span class='ocrx_word' id='word_1_98' title='bbox 370 1397 450 1483; x_wconf 81' lang='lat' dir='ltr'>Cap.</span> <span class='ocrx_word' id='word_1_99' title='bbox 475 1402 505 1467; x_wconf 94' lang='grc'><strong>9.</strong></span> <span class='ocrx_word' id='word_1_100' title='bbox 540 1400 594 1464; x_wconf 68' lang='lat' dir='ltr'>si*</span> <span class='ocrx_word' id='word_1_101' title='bbox 617 1401 688 1486; x_wconf 86' lang='lat' dir='ltr'>quis</span> <span class='ocrx_word' id='word_1_102' title='bbox 711 1401 874 1467; x_wconf 86' lang='lat' dir='ltr'>iudicibus</span> <span class='ocrx_word' id='word_1_103' title='bbox 899 1403 1021 1466; x_wconf 89' lang='lat' dir='ltr'>nostris</span> <span class='ocrx_word' id='word_1_104' title='bbox 1046 1402 1078 1465; x_wconf 88' lang='lat' dir='ltr'>in</span> <span class='ocrx_word' id='word_1_105' title='bbox 1103 1401 1215 1466; x_wconf 91' lang='lat' dir='ltr'>iuditio</span> <span class='ocrx_word' id='word_1_106' title='bbox 1240 1400 1457 1466; x_wconf 88' lang='lat' dir='ltr'>residentibus</span> <span class='ocrx_word' id='word_1_107' title='bbox 1481 1403 1586 1467; x_wconf 89' lang='lat' dir='ltr'>minas</span> <span class='ocrx_word' id='word_1_108' title='bbox 1609 1409 1665 1466; x_wconf 90' lang='lat' dir='ltr'>aut</span> <span class='ocrx_word' id='word_1_109' title='bbox 1689 1402 1787 1467; x_wconf 90' lang='lat' dir='ltr'>etiam</span> <span class='ocrx_word' id='word_1_110' title='bbox 1811 1424 1888 1469; x_wconf 90' lang='lat' dir='ltr'>con·</span> 
     </span>
    </p>

    <p class='ocr_par' dir='ltr' id='par_1_6' title="bbox 263 1500 1890 1591">
     <span class='ocr_line' id='line_1_10' title="bbox 263 1500 1890 1591; baseline 0.005 -27"><span class='ocrx_word' id='word_1_111' title='bbox 263 1500 349 1565; x_wconf 87' lang='lat' dir='ltr'>vicia</span> <span class='ocrx_word' id='word_1_112' title='bbox 372 1501 519 1567; x_wconf 88' lang='lat' dir='ltr'>intulerit</span> <span class='ocrx_word' id='word_1_113' title='bbox 541 1524 665 1589; x_wconf 90' lang='lat' dir='ltr'>eosque</span> <span class='ocrx_word' id='word_1_114' title='bbox 688 1504 796 1569; x_wconf 84' lang='lat' dir='ltr'>verbis</span> <span class='ocrx_word' id='word_1_115' title='bbox 820 1511 876 1569; x_wconf 89' lang='lat' dir='ltr'>aut</span> <span class='ocrx_word' id='word_1_116' title='bbox 900 1506 993 1570; x_wconf 85' lang='lat' dir='ltr'>saetis</span> <span class='ocrx_word' id='word_1_117' title='bbox 1016 1506 1155 1590; x_wconf 87' lang='lat' dir='ltr'>turpiter</span> <span class='ocrx_word' id='word_1_118' title='bbox 1178 1504 1462 1586; x_wconf 78' lang='lat' dir='ltr'>dehonestaverit,</span> <span class='ocrx_word' id='word_1_119' title='bbox 1491 1505 1707 1591; x_wconf 88' lang='lat' dir='ltr'>widrigildum</span> <span class='ocrx_word' id='word_1_120' title='bbox 1731 1505 1777 1570; x_wconf 94' lang='lat' dir='ltr'>illi</span> <span class='ocrx_word' id='word_1_121' title='bbox 1801 1528 1890 1572; x_wconf 89' lang='lat' dir='ltr'>oom-</span> 
     </span>
    </p>

    <p class='ocr_par' dir='ltr' id='par_1_7' title="bbox 220 1607 1891 1695">
     <span class='ocr_line' id='line_1_11' title="bbox 220 1607 1891 1695; baseline 0.003 -26"><span class='ocrx_word' id='word_1_122' title='bbox 220 1612 380 1691; x_wconf 78' lang='lat' dir='ltr'>reponat,</span> <span class='ocrx_word' id='word_1_123' title='bbox 414 1628 511 1692; x_wconf 91' lang='lat' dir='ltr'>quem</span> <span class='ocrx_word' id='word_1_124' title='bbox 540 1609 663 1675; x_wconf 87' lang='lat' dir='ltr'>leserit.</span> <span class='ocrx_word' id='word_1_125' title='bbox 710 1609 744 1673; x_wconf 90' lang='lat' dir='ltr'>Si</span> <span class='ocrx_word' id='word_1_126' title='bbox 769 1620 866 1673; x_wconf 65' lang='lat' dir='ltr'>verot</span> <span class='ocrx_word' id='word_1_127' title='bbox 897 1610 1037 1695; x_wconf 89' lang='lat' dir='ltr'>aliquem</span> <span class='ocrx_word' id='word_1_128' title='bbox 1071 1630 1113 1673; x_wconf 86' lang='lat' dir='ltr'>ex</span> <span class='ocrx_word' id='word_1_129' title='bbox 1142 1609 1222 1694; x_wconf 90' lang='lat' dir='ltr'>ipsis</span> <span class='ocrx_word' id='word_1_130' title='bbox 1252 1607 1414 1673; x_wconf 91' lang='lat' dir='ltr'>iudicibus</span> <span class='ocrx_word' id='word_1_131' title='bbox 1444 1609 1565 1674; x_wconf 87' lang='lat' dir='ltr'>nostris</span> <span class='ocrx_word' id='word_1_132' title='bbox 1592 1629 1650 1694; x_wconf 92' lang='lat' dir='ltr'>pro</span> <span class='ocrx_word' id='word_1_133' title='bbox 1680 1609 1749 1694; x_wconf 90' lang='lat' dir='ltr'>ipso</span> <span class='ocrx_word' id='word_1_134' title='bbox 1777 1608 1891 1674; x_wconf 88' lang='lat' dir='ltr'>iuditio</span> 
     </span>
    </p>

    <p class='ocr_par' dir='ltr' id='par_1_8' title="bbox 262 1709 1890 1798">
     <span class='ocr_line' id='line_1_12' title="bbox 262 1709 1890 1798; baseline 0.002 -26"><span class='ocrx_word' id='word_1_135' title='bbox 262 1709 429 1775; x_wconf 85' lang='lat' dir='ltr'>falsidicos</span> <span class='ocrx_word' id='word_1_136' title='bbox 450 1710 571 1776; x_wconf 87' lang='lat' dir='ltr'>dixerit</span> <span class='ocrx_word' id='word_1_137' title='bbox 590 1712 641 1775; x_wconf 81' lang='lat' dir='ltr'>rel</span> <span class='ocrx_word' id='word_1_138' title='bbox 665 1733 722 1797; x_wconf 92' lang='lat' dir='ltr'>pro</span> <span class='ocrx_word' id='word_1_139' title='bbox 747 1713 818 1798; x_wconf 89' lang='lat' dir='ltr'>ipsa</span> <span class='ocrx_word' id='word_1_140' title='bbox 837 1713 1019 1777; x_wconf 87' lang='lat' dir='ltr'>intentione</span> <span class='ocrx_word' id='word_1_141' title='bbox 1042 1719 1075 1777; x_wconf 89' lang='lat' dir='ltr'>et</span> <span class='ocrx_word' id='word_1_142' title='bbox 1096 1733 1195 1776; x_wconf 89' lang='lat' dir='ltr'>causa</span> <span class='ocrx_word' id='word_1_143' title='bbox 1218 1710 1374 1797; x_wconf 80' lang='lat' dir='ltr'>quilibetb</span> <span class='ocrx_word' id='word_1_144' title='bbox 1395 1711 1492 1775; x_wconf 92' lang='lat' dir='ltr'>homo</span> <span class='ocrx_word' id='word_1_145' title='bbox 1514 1711 1724 1791; x_wconf 83' lang='lat' dir='ltr'>interfecerit,</span> <span class='ocrx_word' id='word_1_146' title='bbox 1746 1710 1890 1777; x_wconf 90' lang='lat' dir='ltr'>Llibras</span> 
     </span>
    </p>

    <p class='ocr_par' dir='ltr' id='par_1_9' title="bbox 261 1813 1890 1984">
     <span class='ocr_line' id='line_1_13' title="bbox 261 1813 1890 1901; baseline -0.001 -24"><span class='ocrx_word' id='word_1_147' title='bbox 261 1813 333 1877; x_wconf 90' lang='lat' dir='ltr'>auri</span> <span class='ocrx_word' id='word_1_148' title='bbox 363 1813 476 1898; x_wconf 90' lang='lat' dir='ltr'>optimi</span> <span class='ocrx_word' id='word_1_149' title='bbox 507 1822 696 1899; x_wconf 90' lang='lat' dir='ltr'>componat,</span> <span class='ocrx_word' id='word_1_150' title='bbox 727 1815 940 1880; x_wconf 84' lang='lat' dir='ltr'>medietatem</span> <span class='ocrx_word' id='word_1_151' title='bbox 968 1816 1107 1901; x_wconf 86' lang='lat' dir='ltr'>primam</span> <span class='ocrx_word' id='word_1_152' title='bbox 1136 1814 1313 1880; x_wconf 82' lang='lat' dir='ltr'>heredibus</span> <span class='ocrx_word' id='word_1_153' title='bbox 1345 1813 1507 1880; x_wconf 88' lang='lat' dir='ltr'>interlecti</span> <span class='ocrx_word' id='word_1_154' title='bbox 1537 1813 1672 1878; x_wconf 78' lang='lat' dir='ltr'>iudicis⁰</span> <span class='ocrx_word' id='word_1_155' title='bbox 1696 1820 1729 1878; x_wconf 89' lang='lat' dir='ltr'>ct</span> <span class='ocrx_word' id='word_1_156' title='bbox 1752 1814 1890 1879; x_wconf 88' lang='lat' dir='ltr'>alteram</span> 
     </span>
     <span class='ocr_line' id='line_1_14' title="bbox 262 1915 813 1984; baseline 0.007 -5"><span class='ocrx_word' id='word_1_157' title='bbox 262 1915 473 1982; x_wconf 87' lang='lat' dir='ltr'>medietatem</span> <span class='ocrx_word' id='word_1_158' title='bbox 498 1937 647 1982; x_wconf 87' lang='lat' dir='ltr'>camerae</span> <span class='ocrx_word' id='word_1_159' title='bbox 670 1924 813 1984; x_wconf 86' lang='lat' dir='ltr'>nostrae.</span> 
     </span>
    </p>
   </div>
   <div class='ocr_carea' id='block_1_5' title="bbox 219 2105 2003 2260">
    <p class='ocr_par' dir='ltr' id='par_1_10' title="bbox 219 2105 2003 2260">
     <span class='ocr_line' id='line_1_15' title="bbox 365 2105 1891 2176; baseline -0.001 -17"><span class='ocrx_word' id='word_1_160' title='bbox 365 2107 393 2174; x_wconf 91' lang='lat' dir='ltr'>y)</span> <span class='ocrx_word' id='word_1_161' title='bbox 411 2108 470 2173; x_wconf 85' lang='lat' dir='ltr'>quis</span> <span class='ocrx_word' id='word_1_162' title='bbox 487 2109 553 2160; x_wconf 85' lang='lat' dir='ltr'>liber</span> <span class='ocrx_word' id='word_1_163' title='bbox 571 2109 626 2160; x_wconf 81' lang='lat' dir='ltr'>Lib.</span> <span class='ocrx_word' id='word_1_164' title='bbox 646 2109 714 2176; x_wconf 85' lang='lat' dir='ltr'>Pap.</span> <span class='ocrx_word' id='word_1_165' title='bbox 802 2108 826 2174; x_wconf 82' lang='lat' dir='ltr'>a)</span> <span class='ocrx_word' id='word_1_166' title='bbox 845 2109 939 2176; x_wconf 75' lang='lat' dir='ltr'>incipit</span> <span class='ocrx_word' id='word_1_167' title='bbox 957 2111 1048 2161; x_wconf 83' lang='lat' dir='ltr'>iterum</span> <span class='ocrx_word' id='word_1_168' title='bbox 1065 2107 1090 2161; x_wconf 91' lang='grc'>2.</span> <span class='ocrx_word' id='word_1_169' title='bbox 1177 2108 1204 2173; x_wconf 84' lang='lat' dir='ltr'>a)</span> <span class='ocrx_word' id='word_1_170' title='bbox 1222 2107 1274 2160; x_wconf 78' lang='lat' dir='ltr'>Hic</span> <span class='ocrx_word' id='word_1_171' title='bbox 1286 2109 1351 2176; x_wconf 81' lang='lat' dir='ltr'>fluia</span> <span class='ocrx_word' id='word_1_172' title='bbox 1374 2108 1429 2160; x_wconf 84' lang='lat' dir='ltr'>cont.</span> <span class='ocrx_word' id='word_1_173' title='bbox 1447 2105 1472 2158; x_wconf 90' lang='grc'>2.</span> <span class='ocrx_word' id='word_1_174' title='bbox 1559 2106 1586 2171; x_wconf 88' lang='lat' dir='ltr'>b)</span> <span class='ocrx_word' id='word_1_175' title='bbox 1605 2109 1745 2172; x_wconf 83' lang='lat' dir='ltr'>quemlibet</span> <span class='ocrx_word' id='word_1_176' title='bbox 1762 2108 1891 2158; x_wconf 87' lang='lat' dir='ltr'>hominem</span> 
     </span>
     <span class='ocr_line' id='line_1_16' title="bbox 219 2190 2003 2260; baseline 0.001 -17"><span class='ocrx_word' id='word_1_177' title='bbox 219 2199 244 2239; x_wconf 83' lang='lat' dir='ltr'>m</span> <span class='ocrx_word' id='word_1_178' title='bbox 263 2190 320 2244; x_wconf 79' lang='lat' dir='ltr'>Lib.</span> <span class='ocrx_word' id='word_1_179' title='bbox 340 2192 407 2260; x_wconf 84' lang='lat' dir='ltr'>Pap.</span> <span class='ocrx_word' id='word_1_180' title='bbox 496 2193 520 2257; x_wconf 86' lang='lat' dir='ltr'>a)</span> <span class='ocrx_word' id='word_1_181' title='bbox 537 2195 636 2247; x_wconf 84' lang='lat' dir='ltr'>iudicas</span> <span class='ocrx_word' id='word_1_182' title='bbox 655 2193 678 2247; x_wconf 90' lang='lat'>1.</span> <span class='ocrx_word' id='word_1_183' title='bbox 2001 2198 2003 2202; x_wconf 85' lang='lat'>&#39;</span> 
     </span>
    </p>
   </div>
   <div class='ocr_carea' id='block_1_6' title="bbox 893 2385 1280 2392">
    <p class='ocr_par' dir='ltr' id='par_1_11' title="bbox 893 2385 1280 2392">
     <span class='ocr_line' id='line_1_17' title="bbox 893 2385 1280 2392; baseline 0.003 -1"><span class='ocrx_word' id='word_1_184' title='bbox 893 2385 1090 2392; x_wconf 72' lang='lat'><em>--——-.-.--—</em></span> <span class='ocrx_word' id='word_1_185' title='bbox 1097 2387 1117 2391; x_wconf 90' lang='lat'>—</span> <span class='ocrx_word' id='word_1_186' title='bbox 1127 2387 1280 2392; x_wconf 71' lang='lat'><em>---.-—-—-—-</em></span> 
     </span>
    </p>
   </div>
   <div class='ocr_carea' id='block_1_7' title="bbox 261 2677 1886 2942">
    <p class='ocr_par' dir='ltr' id='par_1_12' title="bbox 261 2677 1886 2942">
     <span class='ocr_line' id='line_1_18' title="bbox 261 2677 1886 2789; baseline 0 -2"><span class='ocrx_word' id='word_1_187' title='bbox 261 2683 359 2788; x_wconf 81' lang='grc'>225.</span> <span class='ocrx_word' id='word_1_188' title='bbox 400 2678 832 2787; x_wconf 84' lang='lat' dir='ltr'><strong><em>LAMBERTI</em></strong></span> <span class='ocrx_word' id='word_1_189' title='bbox 864 2678 1385 2789; x_wconf 78' lang='lat' dir='ltr'><strong>CAPITULARE</strong></span> <span class='ocrx_word' id='word_1_190' title='bbox 1422 2677 1886 2789; x_wconf 77' lang='lat' dir='ltr'><strong>RAVENNAS.</strong></span> 
     </span>
     <span class='ocr_line' id='line_1_19' title="bbox 1028 2858 1126 2942; baseline 0.02 -2"><span class='ocrx_word' id='word_1_191' title='bbox 1028 2858 1126 2942; x_wconf 88' lang='grc'>898.</span> 
     </span>
    </p>
   </div>
   <div class='ocr_carea' id='block_1_8' title="bbox 215 3032 1920 4275">
    <p class='ocr_par' dir='ltr' id='par_1_13' title="bbox 215 3032 1920 4275">
     <span class='ocr_line' id='line_1_20' title="bbox 370 3032 1887 3135; baseline 0.002 -22"><span class='ocrx_word' id='word_1_192' title='bbox 370 3032 566 3130; x_wconf 74' lang='lat' dir='ltr'>Capitulum</span> <span class='ocrx_word' id='word_1_193' title='bbox 595 3050 751 3114; x_wconf 69' lang='lat' dir='ltr'>tractuum</span> <span class='ocrx_word' id='word_1_194' title='bbox 779 3055 825 3115; x_wconf 78' lang='lat' dir='ltr'>art</span> <span class='ocrx_word' id='word_1_195' title='bbox 852 3051 888 3114; x_wconf 84' lang='lat' dir='ltr'>iu</span> <span class='ocrx_word' id='word_1_196' title='bbox 917 3050 1102 3114; x_wconf 56' lang='lat' dir='ltr'>codicibus(</span> <span class='ocrx_word' id='word_1_197' title='bbox 1126 3051 1157 3135; x_wconf 86' lang='grc'>1)</span> <span class='ocrx_word' id='word_1_198' title='bbox 1188 3049 1336 3116; x_wconf 85' lang='lat' dir='ltr'>Vallieetl.</span> <span class='ocrx_word' id='word_1_199' title='bbox 1360 3052 1402 3116; x_wconf 81' lang='lat' dir='ltr'>A.</span> <span class='ocrx_word' id='word_1_200' title='bbox 1426 3055 1460 3129; x_wconf 83' lang='lat'>5,</span> <span class='ocrx_word' id='word_1_201' title='bbox 1490 3051 1526 3115; x_wconf 82' lang='lat' dir='ltr'>iu</span> <span class='ocrx_word' id='word_1_202' title='bbox 1553 3071 1615 3132; x_wconf 84' lang='lat' dir='ltr'>qua</span> <span class='ocrx_word' id='word_1_203' title='bbox 1638 3057 1714 3132; x_wconf 78' lang='lat' dir='ltr'>post</span> <span class='ocrx_word' id='word_1_204' title='bbox 1739 3051 1793 3133; x_wconf 79' lang='lat' dir='ltr'>fol.</span> <span class='ocrx_word' id='word_1_205' title='bbox 1815 3055 1887 3117; x_wconf 83' lang='lat'><strong>337.</strong></span> 
     </span>
     <span class='ocr_line' id='line_1_21' title="bbox 260 3152 1889 3240; baseline 0.001 -24"><span class='ocrx_word' id='word_1_206' title='bbox 260 3152 346 3216; x_wconf 83' lang='lat' dir='ltr'>iuter</span> <span class='ocrx_word' id='word_1_207' title='bbox 366 3157 439 3216; x_wconf 83' lang='lat' dir='ltr'>acta</span> <span class='ocrx_word' id='word_1_208' title='bbox 460 3153 573 3235; x_wconf 77' lang='lat' dir='ltr'>ayuade&#39;</span> <span class='ocrx_word' id='word_1_209' title='bbox 588 3153 754 3218; x_wconf 80' lang='lat' dir='ltr'>Ruuauae</span> <span class='ocrx_word' id='word_1_210' title='bbox 775 3153 856 3218; x_wconf 87' lang='lat' dir='ltr'>auui</span> <span class='ocrx_word' id='word_1_211' title='bbox 871 3155 933 3219; x_wconf 87' lang='grc'>898</span> <span class='ocrx_word' id='word_1_212' title='bbox 953 3153 1085 3237; x_wconf 84' lang='lat' dir='ltr'>(Mauai</span> <span class='ocrx_word' id='word_1_213' title='bbox 1099 3153 1235 3232; x_wconf 86' lang='lat' dir='ltr'><strong><em>XVIII,</em></strong></span> <span class='ocrx_word' id='word_1_214' title='bbox 1257 3154 1313 3220; x_wconf 85' lang='lat' dir='ltr'>ecl.</span> <span class='ocrx_word' id='word_1_215' title='bbox 1330 3157 1387 3218; x_wconf 86' lang='grc'>221</span> <span class='ocrx_word' id='word_1_216' title='bbox 1407 3155 1497 3240; x_wconf 75' lang='lat' dir='ltr'>sqq),</span> <span class='ocrx_word' id='word_1_217' title='bbox 1519 3154 1706 3234; x_wconf 82' lang='lat' dir='ltr'>quibuscum</span> <span class='ocrx_word' id='word_1_218' title='bbox 1728 3155 1889 3220; x_wconf 82' lang='lat' dir='ltr'>coutinuis</span> 
     </span>
     <span class='ocr_line' id='line_1_22' title="bbox 215 3255 1890 3342; baseline -0.002 -16"><span class='ocrx_word' id='word_1_219' title='bbox 215 3289 243 3329; x_wconf 82' lang='lat' dir='ltr'>aa</span> <span class='ocrx_word' id='word_1_220' title='bbox 261 3255 472 3338; x_wconf 69' lang='lat' dir='ltr'>capuceum</span> <span class='ocrx_word' id='word_1_221' title='bbox 491 3259 633 3322; x_wconf 70' lang='lat' dir='ltr'>uumerus</span> <span class='ocrx_word' id='word_1_222' title='bbox 652 3259 692 3337; x_wconf 87' lang='lat' dir='ltr'>(e.</span> <span class='ocrx_word' id='word_1_223' title='bbox 708 3257 926 3338; x_wconf 88' lang='lat' dir='ltr'><strong><em>XI-XXII)</em></strong></span> <span class='ocrx_word' id='word_1_224' title='bbox 941 3259 1144 3323; x_wconf 81' lang='lat' dir='ltr'>cauiuuctum</span> <span class='ocrx_word' id='word_1_225' title='bbox 1158 3264 1213 3338; x_wconf 84' lang='lat' dir='ltr'>est,</span> <span class='ocrx_word' id='word_1_226' title='bbox 1237 3264 1266 3323; x_wconf 87' lang='lat' dir='ltr'>et</span> <span class='ocrx_word' id='word_1_227' title='bbox 1280 3259 1392 3341; x_wconf 80' lang='lat' dir='ltr'>syuodi</span> <span class='ocrx_word' id='word_1_228' title='bbox 1407 3257 1605 3322; x_wconf 83' lang='lat' dir='ltr'>Raveuuatis</span> <span class='ocrx_word' id='word_1_229' title='bbox 1624 3257 1730 3342; x_wconf 81' lang='lat' dir='ltr'>(lufra</span> <span class='ocrx_word' id='word_1_230' title='bbox 1744 3279 1794 3324; x_wconf 83' lang='lat' dir='ltr'>ur.</span> <span class='ocrx_word' id='word_1_231' title='bbox 1810 3259 1890 3342; x_wconf 89' lang='grc'>230)</span> 
     </span>
     <span class='ocr_line' id='line_1_23' title="bbox 261 3359 1889 3447; baseline 0.001 -23"><span class='ocrx_word' id='word_1_232' title='bbox 261 3361 365 3426; x_wconf 82' lang='lat' dir='ltr'>eaden</span> <span class='ocrx_word' id='word_1_233' title='bbox 395 3380 480 3425; x_wconf 87' lang='lat' dir='ltr'>auuo</span> <span class='ocrx_word' id='word_1_234' title='bbox 507 3359 633 3425; x_wconf 81' lang='lat' dir='ltr'>habitae</span> <span class='ocrx_word' id='word_1_235' title='bbox 660 3362 831 3439; x_wconf 71' lang='lat' dir='ltr'>luseritum</span> <span class='ocrx_word' id='word_1_236' title='bbox 865 3361 1025 3447; x_wconf 76' lang='lat' dir='ltr'>2)·Vatic.</span> <span class='ocrx_word' id='word_1_237' title='bbox 1047 3384 1110 3446; x_wconf 75' lang='lat' dir='ltr'>rep.</span> <span class='ocrx_word' id='word_1_238' title='bbox 1129 3361 1250 3430; x_wconf 77' lang='lat' dir='ltr'>Christ.</span> <span class='ocrx_word' id='word_1_239' title='bbox 1276 3365 1338 3428; x_wconf 89' lang='grc'>263</span> <span class='ocrx_word' id='word_1_240' title='bbox 1360 3361 1414 3445; x_wconf 82' lang='lat' dir='ltr'>fot.</span> <span class='ocrx_word' id='word_1_241' title='bbox 1432 3365 1510 3439; x_wconf 86' lang='grc'>230,</span> <span class='ocrx_word' id='word_1_242' title='bbox 1541 3363 1598 3443; x_wconf 81' lang='lat' dir='ltr'>qui</span> <span class='ocrx_word' id='word_1_243' title='bbox 1621 3362 1753 3443; x_wconf 65' lang='lat' dir='ltr'>praua</span> <span class='ocrx_word' id='word_1_244' title='bbox 1781 3363 1889 3446; x_wconf 78' lang='lat' dir='ltr'>cape‘ta</span> 
     </span>
     <span class='ocr_line' id='line_1_24' title="bbox 262 3459 1888 3552; baseline 0.001 -24"><span class='ocrx_word' id='word_1_245' title='bbox 262 3469 389 3529; x_wconf 83' lang='lat' dir='ltr'>tautum</span> <span class='ocrx_word' id='word_1_246' title='bbox 411 3468 441 3530; x_wconf 94' lang='grc'><strong>9.</strong></span> <span class='ocrx_word' id='word_1_247' title='bbox 461 3465 538 3529; x_wconf 86' lang='lat' dir='ltr'>med.</span> <span class='ocrx_word' id='word_1_248' title='bbox 565 3501 605 3512; x_wconf 89' lang='lat'>-</span> <span class='ocrx_word' id='word_1_249' title='bbox 632 3470 687 3542; x_wconf 90' lang='lat' dir='ltr'>ll;</span> <span class='ocrx_word' id='word_1_250' title='bbox 715 3466 850 3546; x_wconf 80' lang='lat' dir='ltr'>itemque</span> <span class='ocrx_word' id='word_1_251' title='bbox 873 3464 986 3548; x_wconf 68' lang='lat' dir='ltr'>decitur</span> <span class='ocrx_word' id='word_1_252' title='bbox 1007 3471 1168 3547; x_wconf 81' lang='lat' dir='ltr'>sumptum</span> <span class='ocrx_word' id='word_1_253' title='bbox 1197 3465 1231 3552; x_wconf 80' lang='lat'>3)</span> <span class='ocrx_word' id='word_1_254' title='bbox 1255 3488 1293 3532; x_wconf 80' lang='lat' dir='ltr'>eu</span> <span class='ocrx_word' id='word_1_255' title='bbox 1314 3459 1418 3531; x_wconf 72' lang='lat' dir='ltr'>codiee</span> <span class='ocrx_word' id='word_1_256' title='bbox 1439 3466 1576 3530; x_wconf 80' lang='lat' dir='ltr'>Autenti</span> <span class='ocrx_word' id='word_1_257' title='bbox 1598 3466 1790 3547; x_wconf 78' lang='lat' dir='ltr'>Aupuste&#39;ue&#39;,</span> <span class='ocrx_word' id='word_1_258' title='bbox 1813 3485 1888 3546; x_wconf 75' lang='lat' dir='ltr'>apo</span> 
     </span>
     <span class='ocr_line' id='line_1_25' title="bbox 259 3567 1888 3651; baseline 0 -19"><span class='ocrx_word' id='word_1_259' title='bbox 259 3567 380 3651; x_wconf 73' lang='lat' dir='ltr'>prophe</span> <span class='ocrx_word' id='word_1_260' title='bbox 402 3568 519 3633; x_wconf 65' lang='lat' dir='ltr'>coelura</span> <span class='ocrx_word' id='word_1_261' title='bbox 540 3568 673 3646; x_wconf 80' lang='lat' dir='ltr'>Mureti,</span> <span class='ocrx_word' id='word_1_262' title='bbox 695 3569 784 3649; x_wconf 81' lang='lat' dir='ltr'>apud</span> <span class='ocrx_word' id='word_1_263' title='bbox 803 3567 996 3646; x_wconf 78' lang='lat' dir='ltr'>Remulum,</span> <span class='ocrx_word' id='word_1_264' title='bbox 1018 3569 1106 3634; x_wconf 86' lang='lat' dir='ltr'>Auu.</span> <span class='ocrx_word' id='word_1_265' title='bbox 1129 3569 1295 3634; x_wconf 81' lang='lat' dir='ltr'>ecclesiast.</span> <span class='ocrx_word' id='word_1_266' title='bbox 1320 3569 1365 3633; x_wconf 88' lang='lat' dir='ltr'>ad</span> <span class='ocrx_word' id='word_1_267' title='bbox 1385 3590 1416 3634; x_wconf 92' lang='lat' dir='ltr'>a.</span> <span class='ocrx_word' id='word_1_268' title='bbox 1440 3572 1512 3634; x_wconf 85' lang='grc'><strong>904.</strong></span> <span class='ocrx_word' id='word_1_269' title='bbox 1561 3568 1685 3650; x_wconf 79' lang='lat' dir='ltr'>Capitis</span> <span class='ocrx_word' id='word_1_270' title='bbox 1703 3570 1733 3633; x_wconf 85' lang='lat'>9.</span> <span class='ocrx_word' id='word_1_271' title='bbox 1757 3569 1888 3633; x_wconf 82' lang='lat' dir='ltr'>iuitc&#39;um</span> 
     </span>
     <span class='ocr_line' id='line_1_26' title="bbox 261 3671 1887 3758; baseline 0 -21"><span class='ocrx_word' id='word_1_272' title='bbox 261 3672 403 3737; x_wconf 70' lang='lat' dir='ltr'>mhebuit</span> <span class='ocrx_word' id='word_1_273' title='bbox 436 3671 469 3758; x_wconf 83' lang='grc'>4)</span> <span class='ocrx_word' id='word_1_274' title='bbox 501 3672 597 3736; x_wconf 84' lang='lat' dir='ltr'>codea</span> <span class='ocrx_word' id='word_1_275' title='bbox 625 3671 757 3754; x_wconf 81' lang='lat' dir='ltr'>quidam</span> <span class='ocrx_word' id='word_1_276' title='bbox 781 3671 943 3736; x_wconf 78' lang='lat' dir='ltr'>Timauus</span> <span class='ocrx_word' id='word_1_277' title='bbox 969 3693 1070 3751; x_wconf 89' lang='lat' dir='ltr'>uuuc,</span> <span class='ocrx_word' id='word_1_278' title='bbox 1100 3677 1137 3738; x_wconf 88' lang='lat' dir='ltr'>ut</span> <span class='ocrx_word' id='word_1_279' title='bbox 1162 3673 1300 3749; x_wconf 79' lang='lat' dir='ltr'>audetur,</span> <span class='ocrx_word' id='word_1_280' title='bbox 1330 3672 1525 3753; x_wconf 79' lang='lat' dir='ltr'>deperditus,</span> <span class='ocrx_word' id='word_1_281' title='bbox 1558 3671 1653 3736; x_wconf 81' lang='lat' dir='ltr'>euius</span> <span class='ocrx_word' id='word_1_282' title='bbox 1683 3672 1887 3754; x_wconf 76' lang='lat' dir='ltr'>copulte&#39;eucm</span> 
     </span>
     <span class='ocr_line' id='line_1_27' title="bbox 215 3773 861 3856; baseline -0.008 -10"><span class='ocrx_word' id='word_1_283' title='bbox 215 3806 242 3846; x_wconf 76' lang='lat' dir='ltr'>aa</span> <span class='ocrx_word' id='word_1_284' title='bbox 261 3775 405 3840; x_wconf 56' lang='lat' dir='ltr'>&amp;bernus</span> <span class='ocrx_word' id='word_1_285' title='bbox 427 3773 565 3840; x_wconf 79' lang='lat' dir='ltr'>Baluet‘o</span> <span class='ocrx_word' id='word_1_286' title='bbox 587 3775 616 3853; x_wconf 92' lang='lat' dir='ltr'>I,</span> <span class='ocrx_word' id='word_1_287' title='bbox 634 3773 740 3855; x_wconf 66' lang='lat' dir='ltr'>quaes.</span> <span class='ocrx_word' id='word_1_288' title='bbox 757 3795 794 3856; x_wconf 76' lang='lat' dir='ltr'>p.</span> <span class='ocrx_word' id='word_1_289' title='bbox 813 3779 861 3841; x_wconf 84' lang='lat'>15.</span> 
     </span>
     <span class='ocr_line' id='line_1_28' title="bbox 373 3876 1920 3961; baseline -0.002 -16"><span class='ocrx_word' id='word_1_290' title='bbox 373 3877 558 3960; x_wconf 75' lang='lat' dir='ltr'>Capitulum</span> <span class='ocrx_word' id='word_1_291' title='bbox 584 3883 726 3943; x_wconf 86' lang='lat' dir='ltr'>uestrum</span> <span class='ocrx_word' id='word_1_292' title='bbox 752 3877 792 3944; x_wconf 81' lang='lat' dir='ltr'>G.</span> <span class='ocrx_word' id='word_1_293' title='bbox 813 3877 856 3942; x_wconf 87' lang='lat' dir='ltr'>H.</span> <span class='ocrx_word' id='word_1_294' title='bbox 879 3878 974 3944; x_wconf 79' lang='lat' dir='ltr'>Perta</span> <span class='ocrx_word' id='word_1_295' title='bbox 1000 3899 1064 3943; x_wconf 88' lang='lat' dir='ltr'>ueu</span> <span class='ocrx_word' id='word_1_296' title='bbox 1091 3877 1245 3944; x_wconf 75' lang='lat' dir='ltr'>immerito</span> <span class='ocrx_word' id='word_1_297' title='bbox 1272 3879 1390 3961; x_wconf 79' lang='lat' dir='ltr'>syuodo</span> <span class='ocrx_word' id='word_1_298' title='bbox 1412 3877 1584 3944; x_wconf 73' lang='lat' dir='ltr'>Ravemm</span> <span class='ocrx_word' id='word_1_299' title='bbox 1609 3899 1641 3946; x_wconf 88' lang='lat' dir='ltr'>a.</span> <span class='ocrx_word' id='word_1_300' title='bbox 1661 3879 1734 3944; x_wconf 89' lang='grc'>898.</span> <span class='ocrx_word' id='word_1_301' title='bbox 1762 3876 1888 3942; x_wconf 75' lang='lat' dir='ltr'>mutue</span> <span class='ocrx_word' id='word_1_302' title='bbox 1915 3877 1920 3888; x_wconf 91' lang='lat'>&#39;</span> 
     </span>
     <span class='ocr_line' id='line_1_29' title="bbox 260 3980 1887 4066; baseline 0 -20"><span class='ocrx_word' id='word_1_303' title='bbox 260 3982 367 4066; x_wconf 77' lang='lat' dir='ltr'>(iufra</span> <span class='ocrx_word' id='word_1_304' title='bbox 388 4003 437 4046; x_wconf 89' lang='lat' dir='ltr'>ur.</span> <span class='ocrx_word' id='word_1_305' title='bbox 455 3984 533 4065; x_wconf 86' lang='grc'>230)</span> <span class='ocrx_word' id='word_1_306' title='bbox 554 3983 711 4047; x_wconf 77' lang='lat' dir='ltr'>attubue&#39;t.</span> <span class='ocrx_word' id='word_1_307' title='bbox 756 3981 843 4046; x_wconf 87' lang='lat' dir='ltr'>Nam</span> <span class='ocrx_word' id='word_1_308' title='bbox 865 4004 890 4047; x_wconf 90' lang='lat' dir='ltr'>c.</span> <span class='ocrx_word' id='word_1_309' title='bbox 908 3985 936 4046; x_wconf 97' lang='grc'><strong>9.</strong></span> <span class='ocrx_word' id='word_1_310' title='bbox 960 3982 1009 4046; x_wconf 79' lang='lat' dir='ltr'>ita</span> <span class='ocrx_word' id='word_1_311' title='bbox 1031 4003 1102 4046; x_wconf 83' lang='lat' dir='ltr'>euru</span> <span class='ocrx_word' id='word_1_312' title='bbox 1124 3981 1239 4064; x_wconf 75' lang='lat' dir='ltr'>Syuad.</span> <span class='ocrx_word' id='word_1_313' title='bbox 1261 3980 1403 4046; x_wconf 85' lang='lat' dir='ltr'>Raveuu.</span> <span class='ocrx_word' id='word_1_314' title='bbox 1427 4003 1453 4046; x_wconf 89' lang='lat' dir='ltr'>c.</span> <span class='ocrx_word' id='word_1_315' title='bbox 1473 3985 1500 4046; x_wconf 88' lang='lat' dir='ltr'>l.</span> <span class='ocrx_word' id='word_1_316' title='bbox 1523 3981 1673 4059; x_wconf 81' lang='lat' dir='ltr'>cohaeret,</span> <span class='ocrx_word' id='word_1_317' title='bbox 1695 3985 1733 4044; x_wconf 84' lang='lat' dir='ltr'>ut</span> <span class='ocrx_word' id='word_1_318' title='bbox 1754 4001 1793 4045; x_wconf 80' lang='lat' dir='ltr'>aa</span> <span class='ocrx_word' id='word_1_319' title='bbox 1814 4001 1887 4046; x_wconf 88' lang='lat' dir='ltr'>cau·</span> 
     </span>
     <span class='ocr_line' id='line_1_30' title="bbox 261 4083 1887 4169; baseline 0 -20"><span class='ocrx_word' id='word_1_320' title='bbox 261 4086 396 4150; x_wconf 73' lang='lat' dir='ltr'>cesuoue</span> <span class='ocrx_word' id='word_1_321' title='bbox 414 4085 527 4150; x_wconf 74' lang='lat' dir='ltr'>utum</span> <span class='ocrx_word' id='word_1_322' title='bbox 547 4085 622 4169; x_wconf 79' lang='lat' dir='ltr'>(cfr.</span> <span class='ocrx_word' id='word_1_323' title='bbox 637 4083 744 4166; x_wconf 78' lang='lat' dir='ltr'>praef.</span> <span class='ocrx_word' id='word_1_324' title='bbox 760 4085 805 4148; x_wconf 83' lang='lat' dir='ltr'>ad</span> <span class='ocrx_word' id='word_1_325' title='bbox 823 4105 873 4148; x_wconf 83' lang='lat' dir='ltr'>ur.</span> <span class='ocrx_word' id='word_1_326' title='bbox 890 4086 968 4164; x_wconf 86' lang='grc'>230)</span> <span class='ocrx_word' id='word_1_327' title='bbox 982 4084 1071 4166; x_wconf 79' lang='lat' dir='ltr'>facta</span> <span class='ocrx_word' id='word_1_328' title='bbox 1090 4085 1209 4148; x_wconf 82' lang='lat' dir='ltr'>editum</span> <span class='ocrx_word' id='word_1_329' title='bbox 1225 4085 1380 4149; x_wconf 82' lang='lat' dir='ltr'>videatur.</span> <span class='ocrx_word' id='word_1_330' title='bbox 1421 4084 1682 4166; x_wconf 73' lang='lat' dir='ltr'>caputiatum</span> <span class='ocrx_word' id='word_1_331' title='bbox 1701 4104 1723 4147; x_wconf 96' lang='lat' dir='ltr'>a</span> <span class='ocrx_word' id='word_1_332' title='bbox 1741 4083 1887 4149; x_wconf 74' lang='lat' dir='ltr'>emmau</span> 
     </span>
     <span class='ocr_line' id='line_1_31' title="bbox 261 4177 1888 4275; baseline 0 -23"><span class='ocrx_word' id='word_1_333' title='bbox 261 4188 466 4275; x_wconf 73' lang='lat' dir='ltr'>Propterea</span> <span class='ocrx_word' id='word_1_334' title='bbox 486 4189 612 4254; x_wconf 77' lang='lat' dir='ltr'>certum</span> <span class='ocrx_word' id='word_1_335' title='bbox 635 4189 788 4254; x_wconf 79' lang='lat' dir='ltr'>consentit</span> <span class='ocrx_word' id='word_1_336' title='bbox 810 4209 881 4253; x_wconf 87' lang='lat' dir='ltr'>eum</span> <span class='ocrx_word' id='word_1_337' title='bbox 903 4188 1018 4272; x_wconf 81' lang='lat' dir='ltr'>Syuod.</span> <span class='ocrx_word' id='word_1_338' title='bbox 1035 4188 1116 4270; x_wconf 80' lang='lat' dir='ltr'>Pap.</span> <span class='ocrx_word' id='word_1_339' title='bbox 1135 4192 1207 4270; x_wconf 86' lang='grc'>850,</span> <span class='ocrx_word' id='word_1_340' title='bbox 1230 4177 1320 4270; x_wconf 79' lang='lat' dir='ltr'>iufra</span> <span class='ocrx_word' id='word_1_341' title='bbox 1342 4211 1392 4255; x_wconf 86' lang='lat' dir='ltr'>ur.</span> <span class='ocrx_word' id='word_1_342' title='bbox 1409 4191 1482 4267; x_wconf 88' lang='grc'>228,</span> <span class='ocrx_word' id='word_1_343' title='bbox 1505 4191 1605 4266; x_wconf 85' lang='lat' dir='ltr'>c.13;</span> <span class='ocrx_word' id='word_1_344' title='bbox 1633 4210 1705 4254; x_wconf 80' lang='lat' dir='ltr'>uem</span> <span class='ocrx_word' id='word_1_345' title='bbox 1720 4192 1888 4270; x_wconf 77' lang='lat' dir='ltr'>practerea</span> 
     </span>
    </p>
   </div>
   <div class='ocr_carea' id='block_1_9' title="bbox 217 4291 1816 4480">
    <p class='ocr_par' dir='ltr' id='par_1_14' title="bbox 217 4291 1816 4480">
     <span class='ocr_line' id='line_1_32' title="bbox 217 4291 1816 4374; baseline -0.005 -13"><span class='ocrx_word' id='word_1_346' title='bbox 217 4321 244 4361; x_wconf 79' lang='lat' dir='ltr'>eo</span> <span class='ocrx_word' id='word_1_347' title='bbox 256 4312 392 4372; x_wconf 75' lang='lat' dir='ltr'>proruas</span> <span class='ocrx_word' id='word_1_348' title='bbox 412 4313 434 4356; x_wconf 89' lang='lat' dir='ltr'>a</span> <span class='ocrx_word' id='word_1_349' title='bbox 457 4299 561 4359; x_wconf 82' lang='lat' dir='ltr'>tenore</span> <span class='ocrx_word' id='word_1_350' title='bbox 582 4293 681 4357; x_wconf 78' lang='lat' dir='ltr'>buius</span> <span class='ocrx_word' id='word_1_351' title='bbox 702 4291 893 4374; x_wconf 80' lang='lat' dir='ltr'>capitularia</span> <span class='ocrx_word' id='word_1_352' title='bbox 914 4293 1089 4370; x_wconf 75' lang='lat' dir='ltr'>adhereat,</span> <span class='ocrx_word' id='word_1_353' title='bbox 1112 4293 1230 4372; x_wconf 83' lang='lat' dir='ltr'>dubtto,</span> <span class='ocrx_word' id='word_1_354' title='bbox 1253 4314 1299 4358; x_wconf 86' lang='lat' dir='ltr'>au</span> <span class='ocrx_word' id='word_1_355' title='bbox 1320 4314 1392 4358; x_wconf 84' lang='lat' dir='ltr'>cum</span> <span class='ocrx_word' id='word_1_356' title='bbox 1413 4291 1470 4357; x_wconf 80' lang='lat' dir='ltr'>boc</span> <span class='ocrx_word' id='word_1_357' title='bbox 1492 4291 1743 4374; x_wconf 76' lang='lat' dir='ltr'>couiuupcudum</span> <span class='ocrx_word' id='word_1_358' title='bbox 1764 4291 1816 4354; x_wconf 77' lang='lat' dir='ltr'>ait.</span> 
     </span>
     <span class='ocr_line' id='line_1_33' title="bbox 1439 4395 1785 4480; baseline -0.006 -19"><span class='ocrx_word' id='word_1_359' title='bbox 1439 4395 1498 4480; x_wconf 91' lang='lat' dir='ltr'>(B.</span> <span class='ocrx_word' id='word_1_360' title='bbox 1515 4397 1614 4475; x_wconf 85' lang='lat' dir='ltr'>deest;</span> <span class='ocrx_word' id='word_1_361' title='bbox 1637 4395 1676 4461; x_wconf 94' lang='lat' dir='ltr'>P.</span> <span class='ocrx_word' id='word_1_362' title='bbox 1693 4396 1785 4477; x_wconf 84' lang='grc'><strong>504.)</strong></span> 
     </span>
    </p>
   </div>
   <div class='ocr_carea' id='block_1_10' title="bbox 222 4607 1886 5259">
    <p class='ocr_par' dir='ltr' id='par_1_15' title="bbox 222 4607 1886 5259">
     <span class='ocr_line' id='line_1_34' title="bbox 268 4607 1886 4739; baseline -0.002 -20"><span class='ocrx_word' id='word_1_363' title='bbox 268 4693 270 4696; x_wconf 95' lang='grc'>-</span> <span class='ocrx_word' id='word_1_364' title='bbox 371 4660 397 4721; x_wconf 88' lang='lat'>1.</span> <span class='ocrx_word' id='word_1_365' title='bbox 429 4607 489 4720; x_wconf 82' lang='lat' dir='ltr'>Ut</span> <span class='ocrx_word' id='word_1_366' title='bbox 517 4674 627 4720; x_wconf 88' lang='lat' dir='ltr'>comes</span> <span class='ocrx_word' id='word_1_367' title='bbox 656 4654 742 4719; x_wconf 93' lang='lat' dir='ltr'>inter</span> <span class='ocrx_word' id='word_1_368' title='bbox 769 4654 931 4717; x_wconf 85' lang='lat' dir='ltr'>honoras·</span> <span class='ocrx_word' id='word_1_369' title='bbox 958 4671 1034 4716; x_wconf 83' lang='lat' dir='ltr'>suos</span> <span class='ocrx_word' id='word_1_370' title='bbox 1146 4651 1198 4716; x_wconf 73' lang='lat' dir='ltr'>cti</span> <span class='ocrx_word' id='word_1_371' title='bbox 1225 4653 1374 4739; x_wconf 85' lang='lat' dir='ltr'>rapinam</span> <span class='ocrx_word' id='word_1_372' title='bbox 1405 4663 1583 4718; x_wconf 80' lang='lat' dir='ltr'>exercens⁰</span> <span class='ocrx_word' id='word_1_373' title='bbox 1613 4651 1679 4736; x_wconf 84' lang='lat' dir='ltr'>legi</span> <span class='ocrx_word' id='word_1_374' title='bbox 1705 4643 1886 4716; x_wconf 86' lang='lat' dir='ltr'>subiiciat¹.</span> 
     </span>
     <span class='ocr_line' id='line_1_35' title="bbox 369 4753 1886 4843; baseline -0.005 -20"><span class='ocrx_word' id='word_1_375' title='bbox 369 4761 399 4823; x_wconf 82' lang='lat'>2.</span> <span class='ocrx_word' id='word_1_376' title='bbox 433 4757 478 4823; x_wconf 90' lang='lat' dir='ltr'>Ut</span> <span class='ocrx_word' id='word_1_377' title='bbox 508 4757 643 4822; x_wconf 80' lang='lat' dir='ltr'>omnesb</span> <span class='ocrx_word' id='word_1_378' title='bbox 673 4756 859 4843; x_wconf 84' lang='lat' dir='ltr'>imperiales</span> <span class='ocrx_word' id='word_1_379' title='bbox 894 4754 1044 4820; x_wconf 89' lang='lat' dir='ltr'>homines</span> <span class='ocrx_word' id='word_1_380' title='bbox 1080 4754 1121 4818; x_wconf 91' lang='lat' dir='ltr'>ad</span> <span class='ocrx_word' id='word_1_381' title='bbox 1151 4755 1349 4840; x_wconf 88' lang='lat' dir='ltr'>colloquium</span> <span class='ocrx_word' id='word_1_382' title='bbox 1381 4756 1451 4820; x_wconf 82' lang='lat' dir='ltr'>siue</span> <span class='ocrx_word' id='word_1_383' title='bbox 1483 4756 1650 4821; x_wconf 83' lang='lat' dir='ltr'>servitium</span> <span class='ocrx_word' id='word_1_384' title='bbox 1679 4753 1886 4840; x_wconf 86' lang='lat' dir='ltr'>imperatoria</span> 
     </span>
     <span class='ocr_line' id='line_1_36' title="bbox 262 4851 1044 4949; baseline -0.001 -24"><span class='ocrx_word' id='word_1_385' title='bbox 262 4867 476 4949; x_wconf 86' lang='lat' dir='ltr'>properantes</span> <span class='ocrx_word' id='word_1_386' title='bbox 500 4861 567 4926; x_wconf 85' lang='lat' dir='ltr'>suis</span> <span class='ocrx_word' id='word_1_387' title='bbox 590 4860 759 4947; x_wconf 83' lang='lat' dir='ltr'>stipendiis</span> <span class='ocrx_word' id='word_1_388' title='bbox 783 4859 849 4924; x_wconf 89' lang='lat' dir='ltr'>sint</span> <span class='ocrx_word' id='word_1_389' title='bbox 871 4851 1044 4924; x_wconf 62' lang='lat' dir='ltr'>contenuit</span> 
     </span>
     <span class='ocr_line' id='line_1_37' title="bbox 222 4961 1695 5035; baseline -0.005 0"><span class='ocrx_word' id='word_1_390' title='bbox 222 4995 248 5035; x_wconf 80' lang='lat' dir='ltr'>aa</span> <span class='ocrx_word' id='word_1_391' title='bbox 374 4967 403 5030; x_wconf 86' lang='grc'><strong>3.</strong></span> <span class='ocrx_word' id='word_1_392' title='bbox 436 4964 482 5030; x_wconf 91' lang='lat' dir='ltr'>Ut</span> <span class='ocrx_word' id='word_1_393' title='bbox 504 4965 612 5030; x_wconf 89' lang='lat' dir='ltr'>nullus</span> <span class='ocrx_word' id='word_1_394' title='bbox 636 4965 788 5030; x_wconf 86' lang='lat' dir='ltr'>comitum</span> <span class='ocrx_word' id='word_1_395' title='bbox 813 4962 998 5026; x_wconf 89' lang='lat' dir='ltr'>arimannos</span> <span class='ocrx_word' id='word_1_396' title='bbox 1022 4963 1055 5026; x_wconf 93' lang='lat' dir='ltr'>in</span> <span class='ocrx_word' id='word_1_397' title='bbox 1078 4961 1239 5027; x_wconf 85' lang='lat' dir='ltr'>beneficia</span> <span class='ocrx_word' id='word_1_398' title='bbox 1263 4963 1331 5026; x_wconf 90' lang='lat' dir='ltr'>suis</span> <span class='ocrx_word' id='word_1_399' title='bbox 1354 4961 1540 5027; x_wconf 87' lang='lat' dir='ltr'>hominibus</span> <span class='ocrx_word' id='word_1_400' title='bbox 1564 4963 1695 5027; x_wconf 72' lang='lat' dir='ltr'>tribuat,</span> 
     </span>
     <span class='ocr_line' id='line_1_38' title="bbox 369 5056 1885 5147; baseline -0.003 -15"><span class='ocrx_word' id='word_1_401' title='bbox 369 5074 399 5133; x_wconf 82' lang='grc'><strong>4.</strong></span> <span class='ocrx_word' id='word_1_402' title='bbox 433 5068 479 5133; x_wconf 88' lang='lat' dir='ltr'>Ut</span> <span class='ocrx_word' id='word_1_403' title='bbox 506 5068 657 5134; x_wconf 88' lang='lat' dir='ltr'>homines</span> <span class='ocrx_word' id='word_1_404' title='bbox 688 5065 841 5131; x_wconf 89' lang='lat' dir='ltr'>comitum</span> <span class='ocrx_word' id='word_1_405' title='bbox 869 5067 1057 5132; x_wconf 87' lang='lat' dir='ltr'>nullatenus</span> <span class='ocrx_word' id='word_1_406' title='bbox 1090 5067 1122 5130; x_wconf 93' lang='lat' dir='ltr'>in</span> <span class='ocrx_word' id='word_1_407' title='bbox 1153 5065 1303 5130; x_wconf 85' lang='lat' dir='ltr'>domibus</span> <span class='ocrx_word' id='word_1_408' title='bbox 1331 5067 1573 5132; x_wconf 91' lang='lat' dir='ltr'>arimannorum</span> <span class='ocrx_word' id='word_1_409' title='bbox 1600 5056 1797 5147; x_wconf 80' lang='lat' dir='ltr'>resideant³‚</span> <span class='ocrx_word' id='word_1_410' title='bbox 1826 5064 1885 5128; x_wconf 86' lang='lat' dir='ltr'>aad</span> 
     </span>
     <span class='ocr_line' id='line_1_39' title="bbox 263 5160 1177 5259; baseline 0.001 -25"><span class='ocrx_word' id='word_1_411' title='bbox 263 5170 385 5237; x_wconf 81' lang='lat' dir='ltr'>domos.</span> <span class='ocrx_word' id='word_1_412' title='bbox 400 5173 448 5236; x_wconf 89' lang='lat' dir='ltr'>rei</span> <span class='ocrx_word' id='word_1_413' title='bbox 470 5172 623 5259; x_wconf 89' lang='lat' dir='ltr'>publicae</span> <span class='ocrx_word' id='word_1_414' title='bbox 646 5172 831 5235; x_wconf 89' lang='lat' dir='ltr'>instaurent</span> <span class='ocrx_word' id='word_1_415' title='bbox 853 5175 887 5235; x_wconf 88' lang='lat' dir='ltr'>et</span> <span class='ocrx_word' id='word_1_416' title='bbox 910 5171 955 5235; x_wconf 92' lang='lat' dir='ltr'>ibi</span> <span class='ocrx_word' id='word_1_417' title='bbox 977 5160 1177 5235; x_wconf 66' lang='lat' dir='ltr'>habitentdl.</span> 
     </span>
    </p>
   </div>
   <div class='ocr_carea' id='block_1_11' title="bbox 263 5373 1886 5529">
    <p class='ocr_par' dir='ltr' id='par_1_16' title="bbox 263 5373 1886 5529">
     <span class='ocr_line' id='line_1_40' title="bbox 365 5373 1886 5444; baseline -0.005 -14"><span class='ocrx_word' id='word_1_418' title='bbox 365 5377 390 5442; x_wconf 82' lang='lat' dir='ltr'>a)</span> <span class='ocrx_word' id='word_1_419' title='bbox 409 5377 482 5430; x_wconf 84' lang='lat' dir='ltr'>Inter</span> <span class='ocrx_word' id='word_1_420' title='bbox 505 5378 585 5430; x_wconf 84' lang='lat' dir='ltr'>cerdo</span> <span class='ocrx_word' id='word_1_421' title='bbox 606 5378 715 5428; x_wconf 78' lang='lat' dir='ltr'>honorae</span> <span class='ocrx_word' id='word_1_422' title='bbox 794 5383 820 5426; x_wconf 86' lang='lat' dir='ltr'>et</span> <span class='ocrx_word' id='word_1_423' title='bbox 842 5376 939 5428; x_wconf 84' lang='lat' dir='ltr'>lacuna</span> <span class='ocrx_word' id='word_1_424' title='bbox 962 5376 990 5427; x_wconf 83' lang='lat' dir='ltr'>ia</span> <span class='ocrx_word' id='word_1_425' title='bbox 1009 5374 1039 5434; x_wconf 86' lang='grc'>1,·</span> <span class='ocrx_word' id='word_1_426' title='bbox 1061 5377 1178 5442; x_wconf 83' lang='lat' dir='ltr'>sortaeee</span> <span class='ocrx_word' id='word_1_427' title='bbox 1197 5383 1258 5443; x_wconf 82' lang='lat' dir='ltr'>poet</span> <span class='ocrx_word' id='word_1_428' title='bbox 1279 5393 1352 5442; x_wconf 81' lang='lat' dir='ltr'>auca,</span> <span class='ocrx_word' id='word_1_429' title='bbox 1378 5377 1448 5442; x_wconf 84' lang='lat' dir='ltr'>quad</span> <span class='ocrx_word' id='word_1_430' title='bbox 1463 5377 1572 5444; x_wconf 80' lang='lat' dir='ltr'>praebet</span> <span class='ocrx_word' id='word_1_431' title='bbox 1588 5373 1617 5440; x_wconf 88' lang='grc'>3,</span> <span class='ocrx_word' id='word_1_432' title='bbox 1642 5374 1813 5441; x_wconf 78' lang='lat' dir='ltr'>mpptendum</span> <span class='ocrx_word' id='word_1_433' title='bbox 1836 5381 1886 5424; x_wconf 86' lang='lat' dir='ltr'>eet:</span> 
     </span>
     <span class='ocr_line' id='line_1_41' title="bbox 263 5456 1883 5529; baseline -0.002 -17"><span class='ocrx_word' id='word_1_434' title='bbox 263 5463 408 5516; x_wconf 80' lang='lat' dir='ltr'>violentiam</span> <span class='ocrx_word' id='word_1_435' title='bbox 425 5463 466 5514; x_wconf 88' lang='lat' dir='ltr'>cel</span> <span class='ocrx_word' id='word_1_436' title='bbox 483 5463 578 5524; x_wconf 66' lang='lat' dir='ltr'>rtatim</span> <span class='ocrx_word' id='word_1_437' title='bbox 600 5464 649 5529; x_wconf 75' lang='lat' dir='ltr'>ese.</span> <span class='ocrx_word' id='word_1_438' title='bbox 668 5479 750 5528; x_wconf 77' lang='lat' dir='ltr'>supra</span> <span class='ocrx_word' id='word_1_439' title='bbox 764 5479 793 5528; x_wconf 83' lang='lat' dir='ltr'>p.</span> <span class='ocrx_word' id='word_1_440' title='bbox 807 5458 865 5526; x_wconf 88' lang='grc'>108,</span> <span class='ocrx_word' id='word_1_441' title='bbox 882 5480 903 5514; x_wconf 92' lang='lat' dir='ltr'>c.</span> <span class='ocrx_word' id='word_1_442' title='bbox 916 5460 941 5514; x_wconf 88' lang='grc'><strong>3.</strong></span> <span class='ocrx_word' id='word_1_443' title='bbox 1011 5459 1040 5526; x_wconf 83' lang='grc'>0)</span> <span class='ocrx_word' id='word_1_444' title='bbox 1058 5479 1106 5512; x_wconf 82' lang='lat' dir='ltr'>orn.</span> <span class='ocrx_word' id='word_1_445' title='bbox 1125 5459 1149 5513; x_wconf 90' lang='grc'>3.</span> <span class='ocrx_word' id='word_1_446' title='bbox 1221 5461 1245 5523; x_wconf 88' lang='lat' dir='ltr'>c)</span> <span class='ocrx_word' id='word_1_447' title='bbox 1262 5464 1389 5516; x_wconf 84' lang='lat' dir='ltr'>exercitus</span> <span class='ocrx_word' id='word_1_448' title='bbox 1407 5461 1430 5516; x_wconf 88' lang='lat'>3.</span> <span class='ocrx_word' id='word_1_449' title='bbox 1502 5463 1529 5528; x_wconf 90' lang='lat' dir='ltr'>d)</span> <span class='ocrx_word' id='word_1_450' title='bbox 1547 5463 1643 5515; x_wconf 80' lang='lat' dir='ltr'>habent</span> <span class='ocrx_word' id='word_1_451' title='bbox 1663 5461 1692 5523; x_wconf 86' lang='lat' dir='ltr'>l;</span> <span class='ocrx_word' id='word_1_452' title='bbox 1715 5459 1843 5511; x_wconf 78' lang='lat' dir='ltr'>resideant</span> <span class='ocrx_word' id='word_1_453' title='bbox 1860 5456 1883 5509; x_wconf 89' lang='grc'><strong>3.</strong></span> 
     </span>
    </p>
   </div>
   <div class='ocr_carea' id='block_1_12' title="bbox 220 5641 1884 5823">
    <p class='ocr_par' dir='ltr' id='par_1_17' title="bbox 220 5641 1884 5823">
     <span class='ocr_line' id='line_1_42' title="bbox 220 5641 1884 5718; baseline -0.007 -10"><span class='ocrx_word' id='word_1_454' title='bbox 220 5670 246 5708; x_wconf 84' lang='lat' dir='ltr'>eo</span> <span class='ocrx_word' id='word_1_455' title='bbox 364 5650 391 5716; x_wconf 93' lang='grc'>1)</span> <span class='ocrx_word' id='word_1_456' title='bbox 411 5648 468 5714; x_wconf 76' lang='lat' dir='ltr'>Osr.</span> <span class='ocrx_word' id='word_1_457' title='bbox 483 5647 546 5716; x_wconf 81' lang='lat' dir='ltr'>Cap.</span> <span class='ocrx_word' id='word_1_458' title='bbox 565 5647 679 5702; x_wconf 82' lang='lat' dir='ltr'>auteaed.</span> <span class='ocrx_word' id='word_1_459' title='bbox 697 5664 719 5702; x_wconf 89' lang='lat' dir='ltr'>e.</span> <span class='ocrx_word' id='word_1_460' title='bbox 732 5648 756 5702; x_wconf 90' lang='lat'>3.</span> <span class='ocrx_word' id='word_1_461' title='bbox 860 5648 888 5715; x_wconf 89' lang='grc'>2)</span> <span class='ocrx_word' id='word_1_462' title='bbox 908 5645 966 5712; x_wconf 80' lang='lat' dir='ltr'>Ofr.</span> <span class='ocrx_word' id='word_1_463' title='bbox 982 5646 1105 5702; x_wconf 81' lang='lat' dir='ltr'>Wideuia</span> <span class='ocrx_word' id='word_1_464' title='bbox 1119 5647 1203 5715; x_wconf 81' lang='lat' dir='ltr'>Capit.</span> <span class='ocrx_word' id='word_1_465' title='bbox 1221 5649 1290 5703; x_wconf 81' lang='lat' dir='ltr'>elect.</span> <span class='ocrx_word' id='word_1_466' title='bbox 1308 5649 1372 5716; x_wconf 91' lang='grc'>889,</span> <span class='ocrx_word' id='word_1_467' title='bbox 1394 5665 1480 5718; x_wconf 74' lang='lat' dir='ltr'>mepta</span> <span class='ocrx_word' id='word_1_468' title='bbox 1493 5665 1522 5718; x_wconf 83' lang='lat' dir='ltr'>p.</span> <span class='ocrx_word' id='word_1_469' title='bbox 1537 5649 1594 5716; x_wconf 76' lang='lat'>105,</span> <span class='ocrx_word' id='word_1_470' title='bbox 1613 5664 1635 5702; x_wconf 85' lang='lat' dir='ltr'>c.</span> <span class='ocrx_word' id='word_1_471' title='bbox 1648 5649 1673 5703; x_wconf 86' lang='grc'><strong>6.</strong></span> <span class='ocrx_word' id='word_1_472' title='bbox 1778 5645 1807 5711; x_wconf 91' lang='grc'>3)</span> <span class='ocrx_word' id='word_1_473' title='bbox 1827 5641 1884 5710; x_wconf 68' lang='lat' dir='ltr'>Ost.</span> 
     </span>
     <span class='ocr_line' id='line_1_43' title="bbox 263 5751 1545 5823; baseline 0.001 -17"><span class='ocrx_word' id='word_1_474' title='bbox 263 5751 327 5820; x_wconf 84' lang='lat' dir='ltr'>Cap.</span> <span class='ocrx_word' id='word_1_475' title='bbox 345 5752 460 5808; x_wconf 72' lang='lat' dir='ltr'>ameced.</span> <span class='ocrx_word' id='word_1_476' title='bbox 478 5770 499 5807; x_wconf 86' lang='lat' dir='ltr'>r.</span> <span class='ocrx_word' id='word_1_477' title='bbox 512 5755 542 5814; x_wconf 90' lang='grc'>3,·</span> <span class='ocrx_word' id='word_1_478' title='bbox 567 5753 635 5807; x_wconf 79' lang='lat' dir='ltr'>Kar.</span> <span class='ocrx_word' id='word_1_479' title='bbox 649 5752 689 5806; x_wconf 86' lang='lat'>11.</span> <span class='ocrx_word' id='word_1_480' title='bbox 709 5752 774 5820; x_wconf 80' lang='lat' dir='ltr'>Gap.</span> <span class='ocrx_word' id='word_1_481' title='bbox 787 5751 854 5820; x_wconf 83' lang='lat' dir='ltr'>Pap.</span> <span class='ocrx_word' id='word_1_482' title='bbox 867 5753 928 5817; x_wconf 77' lang='grc'>816,</span> <span class='ocrx_word' id='word_1_483' title='bbox 945 5767 1031 5818; x_wconf 74' lang='lat' dir='ltr'>supra</span> <span class='ocrx_word' id='word_1_484' title='bbox 1044 5769 1073 5819; x_wconf 77' lang='lat' dir='ltr'>p.</span> <span class='ocrx_word' id='word_1_485' title='bbox 1088 5753 1146 5820; x_wconf 86' lang='grc'>103,</span> <span class='ocrx_word' id='word_1_486' title='bbox 1165 5768 1187 5806; x_wconf 87' lang='lat' dir='ltr'>e.</span> <span class='ocrx_word' id='word_1_487' title='bbox 1203 5753 1244 5807; x_wconf 85' lang='lat'>13.</span> <span class='ocrx_word' id='word_1_488' title='bbox 1348 5755 1376 5823; x_wconf 81' lang='lat'>4)</span> <span class='ocrx_word' id='word_1_489' title='bbox 1397 5751 1452 5818; x_wconf 82' lang='lat' dir='ltr'>Osr.</span> <span class='ocrx_word' id='word_1_490' title='bbox 1470 5769 1491 5808; x_wconf 85' lang='lat' dir='ltr'>e.</span> <span class='ocrx_word' id='word_1_491' title='bbox 1507 5754 1545 5807; x_wconf 90' lang='lat' dir='ltr'>ll.</span> 
     </span>
    </p>
   </div>
   <div class='ocr_carea' id='block_1_13' title="bbox 0 0 2322 6436">
    <p class='ocr_par' dir='ltr' id='par_1_18' title="bbox 0 0 2322 6436">
     <span class='ocr_line' id='line_1_44' title="bbox 0 0 2322 6436; baseline 0 3"><span class='ocrx_word' id='word_1_492' title='bbox 0 0 2322 6436; x_wconf 95' lang='lat' dir='ltr'> </span> 
     </span>
    </p>
   </div>
  </div>
 </body>
</html>
