4590 6428
412 414 453 476 56
677 408 942 463 ADDITAMENTA
962 407 1010 461 ΑΙ)
1028 405 1240 462 HLUDOWICI
1258 405 1307 459 ΡΠ
1325 405 1582 462 aletrannum.
1600 437 1634 446 -
1651 407 1772 462 Nr.19a

334 847 394 902 ³³³·
414 820 511 926 198.
547 813 951 925 AGOBARDI
980 812 1347 923 OARTULA
1372 814 1475 923 DE
1507 811 2041 924 POENITENTIA

766 971 868 1080 AB
909 967 1425 1080 IMPERATORE
1466 967 1566 1079 AO
1576 969 1690 1078 ΤΑ.

1122 1146 1227 1230 833.·
1248 1155 1328 1231 Oet.

517 1324 593 1405 Sat
615 1341 679 1421 fiac
700 1340 877 1417 relationis,
905 1361 986 1420 qaae
1007 1339 1176 1418 antecedit,
1199 1339 1346 1422 legam
1367 1339 1460 1404 hacc:
1493 1339 1636 1421 Placuit,
1664 1346 1702 1403 ut
1724 1339 1948 1424 unusquisque
1971 1339 2040 1426 epi-

414 1463 603 1529 scoporum,
634 1443 773 1528 qualiter
802 1443 885 1508 haec
915 1465 969 1508 res
997 1449 1072 1508 acta
1101 1443 1215 1522 luerit,
1248 1445 1280 1508 in
1308 1445 1448 1530 propriis
1474 1445 1608 1508 cartulis
1631 1445 1794 1509 insereret
1816 1463 1954 1528 eamque
1979 1464 2039 1508 sua
2071 1468 2082 1505 ι

413 1546 588 1632 scriptione
617 1548 788 1612 roboraret
818 1554 852 1612 et
878 1546 1063 1613 roboratam
1093 1553 1272 1612 memorato
1299 1548 1437 1634 principi
1466 1547 1623 1611 Lotherio
1653 1547 1695 1612 ob
1722 1547 1915 1612 memoriam
1944 1546 2040 1612 huius

413 1649 491 1715 facti
514 1650 656 1716 offerret.
695 1647 829 1715 carcaa
850 1650 890 1714 ab
905 1649 1071 1732 Apobardc
1086 1650 1295 1732 Lupdmasi
1316 1649 1550 1733 archiepiscopo
1572 1650 1694 1729 scritta
1715 1650 1799 1714 inter
1820 1649 1924 1729 speinis
1946 1670 2042 1730 opero

412 1752 590 1837 (Apobardi
607 1752 718 1834 Opera,
740 1753 787 1818 cd.
808 1751 940 1830 Beluae,
963 1758 1035 1817 tone.
1056 1753 1104 1829 ΙΙ,
1121 1774 1157 1833 p.
1172 1754 1229 1836 73)
1249 1758 1375 1818 secata
1397 1758 1459 1830 cst,·
1491 1753 1530 1818 G.
1547 1751 1590 1816 H.
1608 1752 1702 1818 Perta
1723 1753 1828 1834 ipsam
1849 1772 1905 1834 cpe
1926 1753 2042 1818 codicis

414 1856 610 1922 Pacensis
621 1859 716 1935 2853,
739 1876 830 1936 qaam
845 1856 976 1920 numm
991 1856 1058 1920 eam
1071 1856 1244 1922 caneres
1258 1857 1355 1920 ctiam
1368 1857 1502 1922 editores
1515 1857 1736 1934 adhibuerant,
1759 1856 1865 1922 denuc
1875 1857 2041 1922 recensus.

1550 1959 1608 2042 (B.
1625 1959 1726 2038 deest‚·
1748 1959 1833 2040 P.,I,
1849 1961 1938 2043 369.)
2059 1985 2085 2024 10

518 2169 566 2283 ln
588 2219 718 2283 nomine
734 2216 798 2282 Dei
822 2239 860 2282 ac
882 2216 1002 2281 domini
1022 2219 1126 2283 nostri
1142 2218 1218 2282 lesu
1234 2217 1367 2284 Christi.
1404 2218 1498 2282 Anno
1521 2217 1752 2282 incarnationis
1776 2219 1846 2283 aius
1871 2218 2039 2303 octingen-

414 2323 531 2388 tesimo
566 2321 731 2386 tricesimo
764 2321 861 2385 tertio
896 2341 958 2407 ego
989 2319 1185 2405 Agebardus
1217 2319 1448 2405 Lugdunensis
1483 2321 1645 2386 ecclesiae
1679 2320 1832 2406 indignus
1867 2321 2040 2406 episcopus

414 2426 546 2491 interfui
569 2424 747 2491 venerabili
771 2425 945 2489 conventui
967 2423 1053 2509 apud
1077 2423 1244 2509 palatium,
1268 2422 1353 2508 quod
1377 2430 1582 2510 nuncupatur
1604 2422 1848 2509 Compendium.
1888 2423 1952 2498 Qui
1975 2423 2040 2486 uti-

414 2551 477 2617 que
501 2533 680 2595 conventus
703 2527 811 2593 extitit
833 2548 875 2591 ex
895 2527 1168 2591 reverentissimis
1185 2526 1346 2611 episcopis
1362 2532 1394 2589 et
1408 2527 1739 2612 magnificentissimis
1755 2527 1831 2590 viris
1848 2525 2040 2605 illustribus,

414 2634 553 2719 collegio
587 2652 716 2718 quoque
753 2630 909 2694 abbatum
943 2636 976 2694 et
1008 2630 1161 2693 comitum
1191 2629 1460 2715 promiscuaeque
1491 2631 1610 2695 aetatis
1644 2638 1678 2695 et
1708 2630 1876 2716 dignitatis
1907 2629 2038 2715 populo,
2059 2656 2082 2695 ιι

413 2735 623 2824 praesidente
663 2734 874 2799 serenissimo
913 2739 946 2798 et
982 2733 1214 2816 gloriosissimo
1247 2733 1421 2797 Hlothario
1461 2735 1657 2820 imperatore
1698 2741 1731 2798 et
1763 2733 1885 2800 Christi
1919 2730 2041 2796 domini

414 2848 575 2915 amatore;
610 2859 673 2924 quo
706 2843 899 2925 protegente
932 2843 966 2902 et
995 2835 1171 2900 adiuvante
1204 2836 1316 2901 subter
1348 2837 1479 2902 adnexa
1507 2836 1666 2923 disposita
1697 2842 1772 2901 sunt
1800 2856 1884 2901 anno
1913 2835 2042 2922 imperii

415 2945 534 3031 primo,
562 2962 676 3007 meuse
705 2947 829 3026 quarto.
875 2939 1003 3014 Quibus
1031 2939 1180 3004 omnibus
1205 2940 1418 3004 vehementer
1439 2940 1653 3005 incumbebat
1675 2961 1753 3005 vera
1779 2939 1978 3020 necessitas,
2005 2944 2043 3003 ut

415 3047 554 3113 sollicite
583 3050 762 3110 tractarent
788 3043 829 3109 de
857 3043 1002 3130 periculo
1031 3043 1123 3127 regni
1151 3044 1185 3106 in
1212 3043 1380 3128 praesenti
1404 3050 1437 3107 et
1461 3048 1548 3108 statu
1571 3044 1603 3107 in
1625 3044 1754 3122 futuro,
1787 3041 1872 3128 quod
1895 3063 2042 3127 regnum,

415 3150 491 3237 quia
513 3149 579 3214 iam
600 3148 655 3213 diu
677 3147 816 3211 nutabat
838 3153 871 3212 et
893 3146 1123 3232 impellebatur
1146 3145 1187 3210 ad
1203 3148 1329 3211 ruinam
1346 3168 1404 3234 per
1419 3149 1664 3234 neglegentiam
1683 3155 1725 3229 et,
1748 3154 1784 3213 ut
1799 3148 1909 3212 verius
1926 3146 2042 3226 dicam,
2061 3173 2087 3212 ιι

414 3274 475 3339 per
503 3252 666 3338 ignaviam
697 3250 807 3314 domni
830 3248 1030 3314 Hluduvici⁸
1054 3249 1230 3314 venerandi
1260 3251 1423 3335 quondam
1452 3251 1672 3337 imperatoris,
1705 3250 1880 3336 inquibus
1908 3250 1962 3314 ille
1992 3250 2042 3313 in-

415 3357 530 3422 retitus
558 3362 609 3419 est
635 3375 694 3439 per
723 3359 890 3437 corruptas
923 3359 1049 3418 mentes
1077 3359 1111 3418 et
1139 3361 1383 3438 corrumpentes
1413 3361 1446 3418 et
1469 3355 1647 3420 secundum
1671 3354 1886 3440 apostolieum
1909 3352 2041 3432 dictum,

416 3460 492 3546 quia
522 3464 616 3523 erant
645 3457 708 3543 ipsi
732 3451 907 3520 ‘errantee¹
939 3464 972 3521 et
1001 3456 1080 3520 alios
1104 3458 1137 3519 in
1161 3477 1303 3521 errorem
1328 3456 1517 3523 mittentes'.
1562 3457 1679 3543 Aque
1702 3462 1865 3522 conventu
1889 3454 2042 3542 quicquid

415 3561 540 3626 utiliter
561 3568 595 3625 et
616 3559 826 3624 laudabiliter
848 3559 1018 3624 tractando
1042 3568 1076 3625 et
1097 3560 1296 3626 conferendo
1317 3563 1483 3626 inventum
1502 3568 1554 3627 est
1569 3568 1602 3626 et
1617 3563 1805 3628 necessario
1822 3559 2040 3638 statuendum,

416 3672 450 3731 et
478 3663 698 3729 iudicantibus
728 3663 880 3727 consensi
910 3669 944 3728 et
971 3664 1185 3730 consenciens
1208 3666 1279 3751 ipse
1302 3664 1453 3731 iudicavi.
1498 3666 1536 3730 ln
1561 3667 1672 3752 primis
1696 3666 1866 3744 videlicet,
1894 3683 1977 3751 quae
2000 3662 2041 3727 ad
2060 3688 2084 3728 ιι

417 3766 682 3834 commoditatem
709 3773 742 3830 et
769 3765 968 3830 soliditatem
992 3768 1085 3852 regni
1109 3772 1143 3831 et
1168 3768 1255 3852 regis
1278 3769 1440 3853 pertinere
1464 3761 1696 3846 videbantur2;
1728 3769 1864 3850 deinde,
1893 3789 1977 3854 quae
2000 3766 2042 3832 ad

417 3872 618 3958 ereptionem
654 3877 687 3936 et
721 3870 949 3956 purgationem
986 3871 1114 3935 animae
1153 3871 1262 3935 domni
1297 3869 1473 3936 Hluduvici
1508 3873 1775 3938 manifestissime
1810 3870 2040 3937 noscebantur.

418 3975 510 4050 Quae
541 3974 574 4038 in
603 3973 772 4059 praedicto
801 3979 965 4038 conventu
994 3973 1134 4039 fideliter
1163 3975 1314 4060 quaesita
1344 3982 1376 4038 et
1392 3975 1565 4041 'veraciter
1593 3977 1727 4041 inventa
1754 3983 1788 4040 et
1816 3973 2044 4039 ordinabiliter
2139 3965 2142 3970 ’

418 4084 575 4144 exsecuta
602 4082 692 4157 sunt,
722 4077 755 4140 in
784 4098 822 4141 eo
850 4077 989 4158 scilieet,
1020 4077 1106 4163 quod
1129 4077 1316 4165 praedictus
1339 4084 1520 4143 conventus
1544 4078 1748 4160 deliberavit,
1771 4084 1808 4143 ut
1834 4099 1894 4164 per
1915 4078 2042 4164 legatos

419 4189 452 4247 et
483 4181 601 4246 missos
633 4185 874 4244 ammoneretur
903 4181 1040 4245 domnus
1066 4181 1271 4246 Hluduvicus
1303 4181 1343 4246 de
1375 4183 1441 4246 suis
1472 4182 1634 4247 erratibus
1666 4190 1699 4248 et
1728 4183 1973 4259 exhortaretur,
2006 4186 2043 4245 ut
2060 4193 2086 4246 st

419 4283 598 4350 secundum
621 4284 845 4370 propheticum
869 4283 991 4349 dictum
1015 4277 1166 4350 ‘rediret3
1189 4286 1230 4350 ad
1254 4284 1319 4350 cor’
1344 4292 1377 4350 et
1401 4293 1653 4372 recognosceret
1676 4293 1749 4351 acta
1772 4306 1848 4362 sua,
1877 4305 1960 4370 quae
1984 4283 2041 4348 ad-

419 4409 532 4454 versus
551 4387 659 4452 Deum
682 4407 817 4452 currens
838 4408 898 4473 per
912 4389 983 4452 vias
1003 4389 1174 4474 pravitatis
1192 4395 1225 4453 et
1239 4389 1424 4454 iniusticiae
1441 4396 1608 4474 exegerat,
1633 4411 1671 4454 ac
1688 4389 1843 4474 deinceps
1860 4388 2043 4474 susciperet

419 4491 588 4558 consilium
612 4491 698 4555 vitae
726 4495 759 4554 et
788 4491 900 4555 salutis
931 4512 1024 4570 suae,
1055 4497 1215 4576 quatenus
1243 4492 1330 4579 apud
1353 4494 1610 4580 omnipotentem
1633 4492 1773 4557 iudicem
1797 4499 1831 4557 et
1852 4490 2042 4569 Dominum,

419 4596 474 4684 qui
502 4595 775 4660 clementissimus
804 4593 947 4658 indultor
977 4600 1027 4658 est
1056 4595 1240 4675 criminum,
1271 4596 1508 4681 indulgentiam
1532 4602 1566 4661 et
1589 4597 1813 4660 remissionem
1836 4595 2042 4680 iniquitatum

418 4701 594 4787 impetrare
617 4705 739 4784 posset,
763 4705 808 4780 ut,
831 4699 886 4784 qui
909 4720 969 4784 per
992 4698 1224 4784 multiplicatas
1248 4700 1475 4786 neglegentias
1500 4720 1636 4785 regnum
1659 4705 1824 4763 terrenum
1844 4697 2042 4772 ammiserat,
2061 4723 2086 4762 ιι

419 4824 477 4889 per
505 4803 669 4888 impensas
698 4801 861 4887 supplices
891 4802 1112 4868 confessiones
1143 4824 1280 4889 regnum
1309 4804 1452 4869 caeleste
1483 4803 1721 4890 adipisceretur
1747 4822 1806 4888 per
1834 4822 1925 4880 eum,
1956 4798 2044 4885 apud

419 4927 515 4993 quem
539 4912 591 4970 est
613 4895 865 4970 ‘misericordia4
889 4911 922 4970 et
945 4906 1078 4991 copiosa
1100 4904 1301 4993 redemptio’.
1341 4906 1479 4993 Propter
1501 4905 1586 4993 quod
1610 4913 1643 4970 et
1665 4905 1795 4970 libellus
1820 4903 1927 4968 editus
1951 4910 2003 4967 est
2024 4925 2044 4965 a

419 5011 496 5076 viris
519 5007 779 5093 diligentioribus
804 5014 837 5072 et
860 5009 891 5072 ei
915 5009 1045 5074 oblatus
1069 5010 1108 5074 de
1134 5011 1397 5076 manifestatione
1422 5011 1591 5075 criminum
1615 5030 1764 5091 suornm,
1793 5010 1825 5074 in
1849 5029 1926 5094 quo,
1954 5009 2045 5072 velut

419 5114 452 5178 in
476 5111 619 5199 speculo,
640 5111 814 5196 perspicue
839 5113 1042 5198 conspiceret
1065 5112 1234 5179 feditatem
1252 5120 1384 5179 actuum
1401 5134 1541 5193 suorum,
1565 5119 1599 5179 et
1620 5114 1715 5180 fieret
1738 5115 1771 5179 in
1794 5113 1860 5193 illo,
1884 5110 1970 5198 quod
1986 5131 2044 5197 per

420 5217 623 5303 penitentem
645 5213 826 5299 perfectum
850 5213 972 5279 dictum
995 5223 1059 5280 est:
1088 5209 1331 5303 ‘iniquitateml
1354 5239 1460 5282 meam
1482 5237 1543 5303 ego
1565 5238 1723 5307 agnoseo;
1747 5223 1918 5304 peceatum
1935 5235 2043 5279 meum
2061 5239 2087 5280 so

522 5402 551 5469 a)
569 5403 698 5455 Luduuiei
716 5419 753 5466 c.;
776 5403 804 5455 in
821 5406 978 5472 eepmtibue
996 5405 1160 5457 hluduvicus.

524 5587 551 5654 1)
582 5591 607 5644 a.
627 5588 737 5644 senaa
755 5591 785 5658 e,
800 5591 840 5644 13.
954 5593 982 5658 e>
1010 5592 1085 5662 aas
1106 5567 1398 5650 mammeae(
1485 5595 1513 5662 a)
1540 5594 1618 5648 aaa
1636 5594 1716 5664 aas.
1829 5593 1857 5660 4)
1885 5591 1962 5646 naa
1981 5593 2044 5661 aa.

420 5693 447 5764 b)
467 5692 564 5747 Paalm.
583 5691 661 5762 tac.
