4560 6426
401 469 648 526 uerrucarum
668 469 795 524 ltllGUlll
817 469 1001 524 interierat
1020 466 1282 523 OGClllllNTAhlS
1301 467 1449 534 (nauem
1463 467 1509 534 ll).
1527 495 1560 508 -
1580 467 1628 521 Nr.
1641 467 1700 522 273.
1797 471 1860 533 323

345 647 395 707 29.
430 643 497 708 Utl
513 644 580 708 illi·
596 644 709 722 coloni,
727 645 815 707 tamb
832 644 972 724 fiscales,
989 665 1085 730 quam
1103 649 1137 708 et
1152 642 1376 723 ecclesiastici,
1400 643 1466 728 qui,
1486 641 1588 706 sicutb
1605 641 1637 706 in
1653 641 1823 728 polypticis
1832 632 1861 679 ⁰²
1879 647 1937 703 864.

235 748 420 811 continetur
443 755 476 812 et
503 749 563 833 ipsi
588 769 652 811 non
674 747 868 833 denegante,
893 741 1122 835 carropera‘¹93
1146 755 1179 813 et
1201 767 1379 833 manopera
1402 769 1444 812 ex
1467 748 1600 833 antiqua
1624 746 1860 812 consuetudine

236 851 376 915 debent⁰
401 858 434 914 ct
456 843 657 936 margilamtl
683 859 715 915 et
737 850 818 915 alia‘
840 872 988 936 quaeque
1012 852 1199 931 carricare0,
1231 872 1316 936 quae
1340 851 1405 916 illis
1429 871 1491 914 non
1514 853 1661 936 placent,
1689 858 1860 926 renuuutfl,

235 955 387 1039 quoniam
418 954 524 1019 adhuc
553 955 605 1018 in⁸
628 955 693 1018 illis
717 956 858 1039 antiquis
881 956 1080 1040 temporibus
1104 955 1186 1020 forte
1210 955 1367 1039 margilah
1396 976 1460 1020 non
1489 955 1690 1033 trahebatur,
1718 976 1802 1039 quae
1826 955 1857 1017 in

206 1075 216 1110 ι
238 1057 347 1121 multis
371 1056 452 1122 locis
480 1065 629 1145 tempore
653 1059 704 1124 avi
727 1080 766 1123 ac
790 1059 898 1124 domni
921 1067 972 1125 et⁰
995 1061 1096 1146 patris
1120 1060 1219 1125 nostri
1242 1059 1327 1124 trahi
1349 1059 1479 1146 coepit¹,
1508 1067 1541 1126 et
1564 1058 1604 1124 de
1627 1081 1804 1145 manopera
1828 1059 1859 1123 iu

237 1152 379 1225 scusisti
396 1161 522 1226 battere
547 1162 661 1226 nolunt
684 1163 731 1226 cti
755 1169 863 1226 tamen
886 1185 949 1228 nen
967 1163 1139 1248 denegant,
1164 1163 1241 1249 quia
1261 1162 1491 1250 manoperamk
1514 1162 1659 1243 debent¹,
1683 1162 1860 1248 quicquidm

236 1264 285 1328 cis
309 1265 492 1330 carricaren
516 1266 712 1352 praecipitur
734 1266 796 1330 de⁰
821 1289 921 1352 opera
944 1289 1151 1352 carroperae,
1181 1266 1309 1352 quando
1340 1267 1428 1332 illam
1450 1269 1558 1332 facere
1587 1267 1738 1344 debent⁰,
1768 1265 1859 1330 siue¹¹

235 1367 302 1432 ulla
324 1367 509 1433 differentia
529 1371 700 1444 carricent;
730 1377 782 1434 et¹¹
806 1369 961 1456 quidquid
985 1392 1033 1435 ers
1057 1369 1097 1434 dc
1121 1391 1219 1456 opera
1242 1391 1455 1457 monoperae,
1487 1369 1615 1454 quando
1638 1370 1725 1434 illam
1751 1372 1859 1434 lacere

235 1471 367 1549 debent,
391 1472 598 1557 praecipitur,
623 1473 771 1536 similiter
795 1475 884 1538 sineq
907 1474 974 1538 ulla
996 1474 1183 1539 differentia
1206 1476 1337 1540 iaciant.

193 1591 217 1630 ιο
345 1577 396 1639 36.
430 1574 502 1654 Utf,
526 1575 676 1660 quoniam
700 1577 732 1640 in
750 1576 944 1660 quibusdam
967 1578 1046 1641 locis
1064 1577 1180 1656 coloni,
1205 1583 1271 1643 tam
1287 1578 1428 1658 fiscales,
1455 1599 1552 1662 quem
1576 1584 1610 1641 et
1625 1576 1665 1641 de
1685 1579 1771 1642 casis
1787 1578 1861 1657 Dei,

237 1698 313 1742 suas
330 1678 540 1756 hereditates,
563 1678 596 1742 id
620 1687 671 1744 est
693 1690 834 1755 mansa⁸,
858 1700 941 1764 quae
958 1685 1082 1760 tenent,
1107 1701 1169 1744 nou
1193 1679 1298 1744 solum
1323 1681 1389 1745 suis
1412 1681 1569 1767 peribunt,
1598 1681 1656 1745 sed
1680 1688 1712 1745 et
1736 1682 1861 1746 clericis

235 1783 402 1847 canonicis
425 1804 463 1848 ac
480 1783 607 1847 villanis
631 1783 834 1869 presbyteris
859 1788 892 1848 et
915 1784 987 1848 aliis
1011 1783 1270 1869 quibuscumque
1295 1784 1479 1848 hominibus
1499 1783 1646 1849 vendunt
1669 1791 1702 1850 et
1718 1789 1859 1849 tautum-

235 1885 331 1950 modo
355 1879 507 1950 sellam-ll
531 1887 672 1951 retinent
701 1895 735 1951 et
758 1886 818 1950 hac
843 1887 1014 1952 occasione
1038 1887 1107 1950 sicu
1130 1886 1317 1951 destructae
1340 1887 1440 1951 liuntv
1464 1886 1576 1964 villae,
1607 1895 1728 1951 utnon
1754 1889 1859 1952 solum

235 2011 352 2054 census
377 1989 506 2055 debitus
531 1989 604 2054 indc
630 2011 694 2054 non
716 1992 820 2076 possit
844 1990 949 2075 exigi,
974 1989 1032 2054 scd
1056 1991 1155 2054 etiam
1179 2011 1262 2075 quac
1286 1995 1393 2056 terrae
1418 1990 1458 2055 de
1482 1991 1619 2076 singulis
1643 1992 1765 2056 mansis
1789 1992 1858 2055 fue-

191 2114 214 2151 a
234 2101 344 2173 runtr,
369 2094 432 2158 iam
456 2114 519 2158 non
542 2094 668 2179 possint
683 2095 833 2178 agnosci:
858 2095 1094 2173 constituimus,
1118 2100 1153 2157 ut
1170 2094 1391 2181 praecipiatur
1412 2114 1432 2157 a
1455 2095 1574 2159 nostris
1591 2094 1860 2160 ministerialibus

235 2204 268 2263 et
290 2219 310 2262 a
333 2198 490 2262 ministris
514 2197 765 2276 ecclesiasticis,
794 2205 829 2262 ut
858 2198 918 2261 hoe
947 2198 1036 2263 nullo
1065 2197 1159 2261 modo
1191 2197 1231 2263 de
1256 2204 1365 2263 cetero
1389 2197 1460 2274 fiat,
1485 2219 1525 2262 ne
1550 2199 1647 2264 villae
1672 2199 1859 2263 destructae

233 2309 330 2386 atque
359 2301 512 2365 confusae
540 2301 632 2376 fiant;
667 2307 700 2364 et
727 2302 880 2388 quicquid
909 2302 949 2367 de
979 2303 1117 2387 singulis
1152 2304 1273 2367 mansis
1306 2302 1376 2367 sine
1406 2303 1539 2368 licentia
1572 2304 1774 2368 dominorum
1809 2304 1858 2366 vel

234 2406 462 2490 magistrorum
485 2426 544 2490 per
567 2425 788 2489 quoscumque
814 2404 977 2470 venditum
1001 2413 1061 2485 est,
1087 2406 1274 2491 recipiatur,
1299 2413 1332 2471 et
1354 2407 1489 2491 singulis
1505 2407 1658 2486 mansisl,
1683 2406 1858 2492 dequibus

233 2516 340 2573 terrac
365 2507 516 2572 venditae
539 2513 614 2571 sunt
643 2515 676 2572 et
704 2507 768 2573 de¹
793 2507 909 2594 quibus
940 2529 1057 2573 census
1085 2507 1228 2573 decidity
1255 2517 1386 2595 propter
1415 2531 1526 2574 eorum
1554 2509 1860 2595 impossibilitatem,

189 2641 215 2680 ιι
234 2613 306 2697 qui¹
329 2633 445 2675 mensa
468 2609 634 2675 deservire
659 2633 721 2675 nou
747 2617 898 2698 possunt,
928 2611 1135 2684 restituatur;
1163 2617 1196 2674 et
1219 2613 1311 2676 iuxta
1334 2613 1543 2697 qualitatem¹
1569 2614 1618 2677 vel
1643 2614 1858 2697 quantitatem

233 2722 339 2780 terrae
364 2714 416 2780 vel
437 2715 606 2780 vinearum
629 2713 671 2778 ad
694 2715 842 2799 singulos
873 2735 1002 2778 mansos
1030 2715 1277 2801 pertinentium,
1312 2722 1503 2801 postquam*
1533 2717 1706 2781 restaurati
1729 2715 1858 2796 fuerint,

233 2819 274 2884 ab
297 2838 492 2904 unoquoque
517 2839 629 2882 manso
654 2838 772 2882 census
797 2817 838 2881 ad
861 2825 987 2904 partem
1012 2816 1207 2882 dominicam
1231 2819 1394 2903 exigatur.

341 2925 393 2985 31.
427 2921 502 2985 Deb
526 2919 714 2986 adventitiis
731 2921 824 2985 istius
846 2927 965 3000 terrae,
990 2941 1074 3006 quac
1098 2942 1117 2984 a
1138 2920 1368 2985 Nortmannis⁰
1390 2921 1583 2986 devastatad
1607 2929 1668 3000 cst,
1686 2921 1857 2986 constitui·

234 3049 315 3108 mus,
337 3033 383 3108 ut,
408 3026 491 3090 sieut
514 3027 546 3090 in
563 3027 734 3112 capitulari
758 3026 811 3090 ari
826 3026 928 3089 nostri
944 3023 1058 3088 Karoli
1075 3025 1280 3110 imperatoris
1296 3016 1480 3104 habetur97,
1505 3027 1727 3112 unusquisque
1751 3047 1858 3091 eomes

190 3161 215 3198 aa
233 3130 274 3195 de
297 3151 355 3195 suo
387 3131 543 3195 comitatu
572 3137 606 3195 et
634 3130 765 3194 nomina
789 3149 900 3194 eorum
925 3135 976 3193 et⁰
998 3130 1052 3214 qui
1076 3128 1169 3193 sunt‘
1190 3149 1303 3194 eorum
1327 3130 1471 3194 seniores
1496 3129 1636 3194 describi
1660 3130 1802 3195 laciant⁸
1826 3137 1860 3195 et

233 3237 321 3322 ipsos
351 3234 509 3313 aduenas,
538 3235 592 3319 qui
619 3256 638 3298 a
668 3241 814 3320 tempore
841 3235 893 3297 avi
922 3234 1024 3298 nostri
1051 3239 1148 3318 atque
1177 3254 1196 3296 a
1223 3238 1369 3318 tempore
1398 3232 1519 3298 domini
1548 3239 1600 3298 et⁰
1628 3234 1729 3320 patris
1757 3234 1858 3298 nostri

233 3339 286 3403 inh
309 3338 440 3402 illorum
463 3337 669 3403 comitatibus
693 3337 931 3417 commanenth,
959 3336 1138 3400 secundum
1163 3335 1445 3416 consuetudinem,
1469 3358 1553 3422 quae
1578 3337 1706 3402 illorum
1729 3343 1856 3424 tempo-

234 3443 320 3507 ribus
343 3443 420 3520 fuit,
450 3463 505 3506 eos
529 3442 574 3505 ibi
603 3463 735 3506 manere
758 3441 957 3528 permittant.
1007 3440 1086 3504 Illos
1113 3460 1205 3518 vcro,
1237 3439 1305 3524 quii
1327 3441 1556 3526 persecutione
1579 3438 1855 3506 Nortmannorum

234 3568 337 3632 nuper
365 3545 404 3610 de
428 3547 500 3610 istie
524 3544 668 3630 partibus
691 3546 723 3608 iu
746 3546 820 3610 illas
847 3553 957 3632 partes
987 3544 1218 3630 confugerunt,
1248 3546 1476 3631 episcoporum
1506 3545 1619 3610 missi¹¹
1646 3566 1719 3610 cum
1748 3546 1856 3610 missis

189 3681 215 3720 aa
234 3652 281 3716 rei
305 3650 456 3736 publicae
481 3651 591 3714 taliter
614 3649 655 3714 de
678 3649 758 3714 illisl
781 3649 928 3735 partibus
953 3651 985 3712 in
1009 3650 1118 3714 istas¹¹²
1142 3655 1253 3734 partes
1278 3652 1413 3715 venire¹¹
1435 3649 1567 3731 saciant,
1596 3655 1633 3714 ut
1658 3669 1723 3714 non
1747 3651 1856 3736 oppri-

233 3759 363 3818 mantur
384 3764 463 3818 ιιιιο0
487 3754 626 3839 aliquis⁹
650 3773 767 3818 census
783 3753 836 3817 vel
859 3773 1083 3838 quaecumque
1101 3753 1231 3817 exactio
1255 3751 1376 3817 abillis
1394 3743 1615 3838 exigaturr⁹⁸;
1640 3759 1673 3818 et
1693 3752 1856 3819 habeant‘¹

234 3860 410 3938 licentiam,
433 3879 517 3944 quae
541 3859 574 3923 in
598 3858 663 3922 illis
688 3856 835 3945 partibus
860 3877 919 3922 suo
944 3857 1078 3922 servitio
1101 3863 1368 3942 promerueruntr
1390 3858 1443 3921 vel
1467 3876 1670 3942 quocumque
1694 3857 1781 3922 iusto
1805 3858 1854 3922 in-

335 4087 359 4148 a)
376 4087 450 4149 Quod
469 4085 570 4136 fiscales
593 4091 619 4134 ct
636 4083 813 4147 ecelesiastici,
836 4087 881 4151 qui
899 4086 1050 4152 profitentur
1074 4099 1208 4150 carropera
1230 4091 1256 4133 et
1277 4099 1454 4150 manoperam,
1483 4101 1534 4134 uon
1558 4084 1656 4150 possint
1676 4101 1703 4135 se
1725 4101 1857 4150 excusare,

232 4173 254 4223 si
277 4172 310 4222 ad
333 4172 469 4238 margilam
487 4171 628 4222 ducendam
646 4169 687 4220 vel
705 4172 870 4223 excusatione
888 4188 988 4223 arrnoue
1007 4178 1131 4222 vocentur
1148 4170 1219 4220 rubr.
1238 4170 1266 4219 in
1284 4169 1309 4220 6.
1395 4169 1421 4232 a)
1442 4187 1489 4221 orn.
1508 4169 1531 4222 3.
1615 4171 1642 4234 b)
1661 4180 1686 4224 et
1704 4173 1813 4224 fiscalini
1831 4181 1858 4226 et

188 4279 214 4317 ,a
232 4258 397 4309 ecclesiastici
415 4259 482 4308 sicut
500 4255 525 4308 3.
605 4255 630 4319 c)
649 4257 778 4323 denegent
788 4255 814 4308 3.
900 4257 926 4319 d)
945 4273 1095 4324 carroperae
1113 4267 1139 4308 et
1156 4271 1307 4322 manoperac
1325 4255 1349 4306 6.
1435 4257 1460 4319 e)
1478 4274 1526 4308 cm.
1545 4255 1569 4307 3.
1656 4255 1681 4323 l)
1700 4257 1857 4313 allambit.

231 4341 261 4410 g)
283 4361 336 4395 nou
356 4350 484 4396 rennuant
501 4344 562 4394 licet
580 4344 605 4393 in
624 4340 653 4404 3;
678 4351 809 4394 rennuunt
827 4340 851 4394 4.
869 4343 894 4394 ti.
984 4341 1012 4408 h)
1031 4344 1175 4410 margillam
1199 4359 1250 4394 nen
1278 4343 1408 4393 traherent
1431 4340 1455 4394 3.
1540 4339 1563 4411 i)
1582 4346 1649 4410 cepit
1666 4343 1704 4410 (ia
1722 4347 1777 4397 loco
1795 4365 1856 4399 roro

233 4428 336 4493 debeat)
354 4431 431 4482 etiam
449 4431 477 4481 in
494 4430 580 4480 scuria
597 4429 682 4480 batere
700 4435 726 4480 et
737 4427 762 4480 3.
856 4425 884 4494 ιι)
902 4446 1038 4496 manopera
1052 4427 1077 4480 3.
1158 4426 1177 4494 Ι)
1196 4437 1222 4480 et
1240 4427 1264 4478 6.
1345 4427 1382 4488 ιιι)
1400 4429 1476 4479 etiam
1495 4429 1556 4480 add.
1575 4427 1598 4480 3.
1682 4429 1711 4494 n)
1730 4433 1856 4484 carricare

231 4518 388 4584 praecipitur
405 4517 436 4568 de
455 4533 502 4567 orn.
521 4516 552 4580 e;
570 4519 597 4566 ia
615 4516 689 4566 uerbo
708 4518 834 4568 carricare
852 4516 943 4580 explic.
962 4515 986 4566 5.
1085 4514 1110 4578 o)
1129 4515 1160 4566 de
1246 4515 1340 4566 debent
1357 4531 1406 4564 om.
1424 4512 1449 4565 3.
1548 4517 1575 4582 p)
1595 4533 1643 4568 om.
1662 4515 1686 4567 6.
1786 4517 1812 4584 q)
1830 4527 1856 4572 et

232 4620 307 4655 omne
319 4621 391 4670 opus,
409 4604 513 4669 quaudo
531 4604 568 4654 eis
581 4602 742 4668 praecipitur,
761 4604 815 4654 siue
832 4600 855 4653 3.
945 4602 967 4664 r)
987 4603 1147 4654 Noudebere
1159 4602 1227 4653 ultra
1245 4602 1343 4652 liscalss
1361 4599 1405 4666 [at]
1424 4602 1608 4653 ecclesiasticos
1626 4603 1777 4656 hereditates
1795 4622 1855 4657 suas

188 4712 215 4752 40
233 4691 339 4742 cuilibet
356 4691 483 4742 sociorum
502 4691 612 4741 vendere
629 4689 701 4738 rubr.
720 4689 747 4738 ia
765 4687 790 4740 6.
895 4688 918 4753 s)
937 4705 1040 4739 mansas
1058 4685 1082 4738 3.
1188 4686 1209 4751 t)
1233 4689 1301 4754 paris
1322 4685 1348 4738 3.
1452 4687 1480 4752 ιι)
1504 4705 1553 4738 ont.
1577 4687 1601 4740 3.
1707 4688 1733 4756 ι)
1751 4700 1813 4742 sunt
1829 4689 1857 4743 3.

232 4777 267 4842 w)
287 4778 382 4828 fuerint
399 4773 424 4827 3.
529 4773 558 4839 x)
576 4791 624 4825 oct.
642 4772 667 4825 4.
773 4774 801 4841 y)
823 4775 912 4826 debuit
929 4773 953 4826 3.
1059 4773 1084 4838 z)
1102 4775 1147 4838 qui
1240 4773 1390 4840 qualitatem
1413 4791 1462 4826 orn.
1484 4773 1509 4826 3.
1613 4775 1640 4840 a)
1665 4793 1808 4844 perquam
1831 4775 1855 4828 4.

231 4862 259 4928 b)
277 4865 365 4930 Usque
381 4863 413 4914 ad
431 4863 499 4929 quod
518 4869 619 4929 tempus
637 4869 804 4928 expectentur
822 4879 870 4914 uec
888 4861 971 4913 redire
993 4861 1025 4912 ad
1043 4877 1091 4911 sua
1113 4867 1240 4927 cogantur
1255 4861 1355 4912 adrem
1373 4877 1531 4928 paganorum
1550 4863 1640 4914 timore
1659 4863 1765 4930 dispersi
1782 4865 1854 4916 rubr.

230 4951 258 5001 ia
277 4947 301 5002 6.
382 4950 407 5015 c)
426 4949 580 5000 Normauuis
597 4945 621 4999 6.
703 4948 729 5012 d)
749 4947 887 5000 vmtata3.
969 4947 993 5012 e)
1013 4964 1061 4998 om.
1073 4944 1099 4999 3.
1181 4945 1204 5015 s)
1223 4949 1281 5013 sint,
1295 4965 1342 5000 crit.
1358 4965 1445 5000 eorum
1465 4950 1584 5014 seniores,
1597 4947 1622 5002 3.
1703 4951 1732 5018 g)
1746 4951 1854 5004 saciati.

231 5036 259 5100 b)
278 5037 321 5087 bic
338 5041 498 5087 commanent
510 5033 534 5100 3,
552 5035 638 5085 medic
650 5034 701 5087 des.
788 5036 807 5100 i)
825 5052 870 5102 pro
883 5035 944 5086 odd.
958 5033 986 5096 6;
1005 5041 1107 5101 propter
1123 5036 1325 5102 persecutionem
1337 5033 1362 5085 2.
1373 5031 1398 5086 3.
1480 5033 1509 5100 lr)
1522 5036 1606 5087 missis
1617 5035 1642 5088 6.
1725 5037 1744 5102 l)
1757 5039 1813 5091 istis
1830 5037 1855 5090 3.

188 5142 213 5181 te
231 5119 269 5189 m)
286 5123 344 5174 illas
362 5120 387 5174 3.
474 5119 502 5182 u)
520 5120 602 5172 redire
621 5119 644 5171 1.
742 5121 766 5184 ο)
785 5137 817 5172 ns
835 5119 858 5172 6.
950 5120 979 5187 p)
998 5121 1136 5188 exigantur
1159 5120 1184 5173 2.
1203 5119 1227 5171 3.
1321 5121 1348 5187 q)
1368 5120 1493 5173 habeatur
1517 5119 1541 5172 6.
1633 5120 1654 5186 r)
1673 5126 1812 5190 promeruit
1830 5123 1855 5178 e.

334 5327 379 5393 92)
389 5324 441 5391 cp.
454 5323 587 5391 Gatrord
599 5323 758 5393 Potpptiquc
766 5323 919 5378 d’Inairsoa
928 5324 951 5391 I,
961 5341 990 5392 p.
999 5325 1090 5393 ldsqq.
1159 5325 1203 5392 93)
1215 5325 1236 5378 I
1237 5323 1288 5379 bid.
1300 5341 1331 5394 p.
1342 5324 1453 5392 llSsq.,·
1467 5341 1496 5394 p.
1508 5325 1558 5379 748
1564 5341 1616 5393 sqq.
1686 5326 1731 5396 94)
1742 5327 1854 5398 Harpal·

231 5431 282 5497 cfr.
295 5427 402 5496 &liade
417 5426 489 5482 ΔΜ.
505 5425 574 5481 WB.
588 5426 630 5494 1¹,
647 5442 666 5479 a
679 5443 702 5480 c.
720 5425 823 5494 mcrpil5
848 5425 917 5480 Dies
928 5427 944 5479 l.
956 5443 977 5480 c.
997 5425 1034 5478 11
1041 5443 1063 5494 e,
1081 5443 1102 5482 e.
1115 5444 1137 5482 o.
1156 5443 1261 5490 aterna
1283 5427 1411 5482 Gutrard
1422 5428 1439 5482 l.
1451 5443 1472 5482 e.
1487 5444 1517 5498 p.
1528 5429 1586 5483 791.
1665 5431 1708 5498 95)
1728 5429 1856 5500 scena,-

230 5533 281 5600 csr.
300 5530 399 5586 Sclsodc
416 5532 433 5585 l.
446 5547 468 5585 c.
487 5530 545 5598 11¹,
568 5547 587 5584 e.
603 5547 625 5583 o.
644 5529 750 5597 sciara·
774 5527 905 5584 Gsttrord
928 5529 980 5584 tc.
999 5545 1029 5599 p.
1044 5528 1101 5585 773.
1206 5531 1251 5598 96)
1270 5529 1341 5586 I.c.:
1358 5530 1450 5600 ιαΙιιιιι,
1466 5547 1570 5596 casam
1591 5533 1641 5599 cfr.
1661 5533 1787 5589 Gistrard
1803 5537 1819 5590 l.
1832 5553 1853 5593 c.

227 5653 257 5706 p.
269 5637 377 5706 coeam
399 5635 432 5692 θ.
446 5635 478 5690 L.
503 5653 525 5690 c.
545 5633 666 5701 Maeror,
693 5633 783 5690 Gardt.
800 5633 826 5690 d.
846 5633 985 5702 Frcultdsc
996 5633 1026 5703 1,
1047 5651 1076 5704 p.
1088 5633 1147 5690 337.
1235 5637 1280 5704 97)
1301 5635 1359 5705 Osr.
1378 5637 1474 5706 Aascp.
1489 5635 1549 5704 m,
1573 5637 1720 5706 c.18,l.c.
1743 5655 1772 5708 p.
1785 5641 1854 5708 427,-

188 5765 215 5805 ω
233 5740 306 5811 App.
319 5739 361 5808 IL
379 5755 400 5796 c.
412 5739 438 5808 9,
451 5757 481 5809 p.
494 5740 554 5795 447.
641 5739 685 5805 98)
706 5737 758 5806 Osr.
779 5737 844 5809 (lup.
857 5737 951 5794 Silvae.
963 5739 1023 5805 853,
1041 5755 1126 5808 ιιιριιι
1140 5755 1171 5808 p.
1186 5739 1245 5804 973,
1261 5756 1283 5796 c.
1296 5741 1320 5796 9.

1594 5838 1645 5892 tl*
