4568 6434
333 452 602 509 ADDITAMIIN'I'A
621 454 670 509 AD
688 455 932 511 CAPITULARIA
952 453 1079 508 REGUM
1100 453 1284 509 l‘ulucllu'
1304 454 1532 510 ORIENTALIS.
1551 484 1584 494 —
1603 455 1652 509 Nr.
1666 457 1725 512 252.
1780 460 1843 522 229

219 633 303 708 sunt,
327 650 434 715 neque
458 629 500 693 ad
516 630 661 694 militiam
680 652 786 716 neque
803 631 843 696 ad
860 633 1003 718 aliquam
1058 628 1234 714 egreditur,
1251 631 1302 695 hic
1319 632 1360 696 ab
1378 630 1533 718 episcopo
1551 653 1610 697 suo
1626 631 1841 711 coerceaturl,
1861 641 1921 694 895.

218 733 351 796 veniant
381 733 572 818 dignitatem
608 734 814 799 mundanam.
870 735 914 800 Et
944 736 1004 799 hoe
1056 734 1744 817 utiterum⁰admonaster·iumrevertatur,
1762 735 1847 802 unde

218 842 416 921 temptantes
447 845 481 903 et
503 839 737 924 poenitentiam
768 859 832 903 non
856 846 1004 924 agentes,
1057 837 1264 903 discesserat.
1310 838 1345 903 si
1369 837 1499 904 autemd
1522 845 1588 904 tam
1612 842 1766 926 pertinax
1787 861 1844 904 ex-

219 940 389 1025 quominus
413 940 549 1006 redeant
578 941 619 1006 ad
648 943 723 1022 hoc,
755 942 840 1027 quod
872 947 1006 1028 propter
1058 943 1184 1021 litarat,
1217 949 1253 1006 ut
1291 943 1424 1028 capillos
1464 943 1580 1028 cepitis
1623 945 1672 1009 sui
1715 943 1846 1016 nutriat,

189 1058 201 1094 ⁵
220 1041 326 1108 Deum
343 1045 492 1130 primitus
508 1046 689 1130 elegerunt,
714 1044 1006 1111 anathematizari.
1059 1053 1136 1110 tunc
1152 1045 1215 1110 abd
1227 1046 1383 1131 episcopo
1396 1047 1647 1132 constringetur,
1664 1055 1700 1112 nt
1712 1047 1847 1111 iterum⁰

219 1145 288 1212 Nos
311 1154 421 1213 autem
451 1149 589 1214 eandem
613 1158 791 1236 sequentes
816 1151 1004 1214 canonicam
1059 1148 1255 1213 detondeat⁰
1280 1156 1387 1235 eaput,
1413 1156 1446 1213 et
1461 1148 1618 1237 deinceps
1635 1171 1695 1215 nec
1711 1171 1847 1215 uxorem

220 1252 447 1316 auctoritatem
464 1255 646 1332 statuimus,
671 1255 884 1318 atalaricus·
900 1255 1005 1318 eccle·
1060 1253 1122 1317 sibi
1145 1259 1291 1338 usurpet,
1316 1273 1377 1318 nec
1401 1251 1441 1316 ad
1465 1274 1592 1318 sacrum
1610 1254 1759 1320 ordinem
1776 1275 1848 1341 pro·

221 1356 353 1420 siastice
376 1357 516 1421 nutritus
548 1358 581 1421 in
606 1358 745 1422 eeclesia
777 1379 886 1422 coram
918 1358 1006 1421 clero
1059 1363 1238 1421 moveatur.

220 1460 273 1524 rel
301 1460 422 1546 populo
452 1460 564 1545 legens
595 1462 647 1526 vel
676 1468 827 1540 cantans,
860 1462 887 1526 si
914 1469 1005 1546 poet·
1400 1460 1506 1545 (mh.)

178 1584 203 1622 ιο
221 1563 352 1630 modum
369 1563 482 1628 relicto
499 1564 671 1630 clericatus
688 1565 802 1630 habitu
825 1564 866 1630 ab
890 1566 1005 1630 castris
1103 1563 1271 1630 clericus·
1294 1565 1320 1628 si
1348 1564 1502 1629 tonsurab
1529 1563 1666 1629 dimisse
1693 1576 1848 1630 uxorem⁰

220 1667 406 1747 dominicis,
447 1667 563 1753 quibus
597 1669 774 1754 asscriptus
814 1671 895 1746 estl,
931 1689 1004 1754 prc—
1060 1669 1240 1755 acceperit,
1266 1668 1473 1753 quiquidem
1497 1667 1539 1731 eit
1563 1669 1760 1754 sinegradu
1784 1691 1845 1734 nec

219 1771 316 1854 iugus
340 1778 373 1835 et
395 1778 546 1856 apostata
569 1771 729 1837 elabitur⁰
753 1779 805 1837 et⁰
828 1773 1002 1838 adsaecu-
1058 1773 1098 1837 ad
1129 1771 1361 1837 monasterium
1392 1770 1582 1858 quodlibet‘l
1612 1775 1846 1858 aparentibus

220 1875 286 1938 lum
324 1871 522 1960 egrediturl,
562 1876 604 1940 ab
649 1877 802 1962 episcopo
849 1877 1004 1941 canonice
1058 1876 1215 1958 traditus,
1250 1877 1277 1940 si
1309 1897 1447 1941 uxorem
1479 1876 1602 1940 habere
1636 1877 1845 1961 permittitur,

220 1985 417 2057 coerceatur,
441 1984 496 2042 ut⁰
520 1978 560 2043 ad
585 1981 690 2045 sinum
715 1981 826 2045 matris
843 1981 1003 2046 eeclesiae
1057 1980 1174 2044 itcmm
1197 1979 1324 2044 tonderi
1348 1986 1494 2066 cogatur,
1517 2000 1578 2044 nec
1602 1981 1656 2043 in⁰
1679 1980 1746 2043 vita
1769 1990 1847 2043 sua⁰

177 2101 202 2140 rs
220 2087 433 2146 revertatur&
484 2081 605 2156 Quodsi
627 2083 677 2148 inf
697 2084 758 2148 hac
780 2084 1002 2170 indisciplina·
1057 2088 1222 2148 tonsuram
1246 2084 1423 2169 neglegere
1439 2084 1568 2149 audeat.
1614 2082 1719 2157 Quem
1736 2091 1846 2148 autem

222 2187 311 2250 tione
327 2185 508 2273 perdurats,
532 2193 587 2251 ut⁸
604 2207 730 2252 comam
747 2188 870 2252 nutriat
878 2187 903 2261 ¹¹,
928 2208 1004 2251 con·
1060 2189 1284 2272 progenitores
1307 2186 1366 2251 ed‘
1380 2187 1630 2253 monasteriumr
1644 2187 1848 2252 tradiderunt

222 2291 414 2376 stringetur,
454 2288 506 2354 nt¹
544 2289 662 2355 itcmm
701 2290 934 2369 detondeatur,
973 2298 1007 2356 et
1060 2298 1093 2356 ct
1116 2292 1148 2355 in
1165 2291 1304 2356 ecclesia
1327 2292 1413 2377 cepit
1434 2299 1565 2357 cantare
1589 2297 1623 2356 et
1638 2291 1759 2376 legere,
1787 2313 1847 2354 nec

222 2401 337 2481 postea
360 2415 419 2459 nec
443 2414 577 2458 uxorem
602 2393 757 2480 accipiat,
787 2413 848 2458 nec
879 2415 1006 2460 sacrum
1059 2415 1193 2460 uxorem
1217 2393 1337 2460 ducere
1361 2415 1420 2460 nec
1445 2395 1677 2459 monasterium
1694 2394 1847 2459 deserere

222 2499 368 2564 ordinem
396 2498 544 2584 attingat.
607 2497 641 2562 Si
671 2518 747 2562 vero
783 2496 881 2562 huic¹¹
910 2498 1005 2564 huius
1059 2499 1194 2584 poterit,
1218 2498 1294 2580 sed,
1317 2501 1344 2563 ei
1368 2499 1572 2578 discesserit,
1596 2496 1783 2568 reducatur:
1820 2499 1845 2561 si

177 2630 204 2670 eo
222 2605 326 2668 sancti
347 2602 474 2668 concilii
498 2602 708 2667 reluctaverit
727 2601 923 2680 diffinitioni,
952 2622 1004 2665 se·
1059 2610 1224 2666 tonsuram
1241 2602 1410 2682 dimiserit,
1427 2624 1538 2668 rursus
1552 2601 1741 2676 tondeatur3
1765 2622 1846 2665 uxo-

222 2708 361 2773 cundum
392 2706 619 2792 praestitutam
643 2705 891 2772 Oalcidenensis
916 2705 1004 2791 capi·
1060 2726 1138 2785 rem,
1163 2705 1189 2768 si
1205 2707 1421 2793 usurpaverit,
1445 2705 1606 2771 dimittere
1624 2705 1846 2791 compellatur.

220 2812 280 2875 tuli
293 2809 556 2875 constitutionem
570 2809 871 2875 anathematizetur.
904 2808 1006 2874 Sanc·
1400 2809 1506 2896 (27c.)
1658 2882 1662 2890 ,

222 2921 274 2978 tus
292 2912 437 2978 Isidorus
445 2905 473 2950 ⁵5
489 2916 573 2980 tales
590 2914 822 3000 ypocentauris
839 2913 917 2977 dicit
933 2933 1006 2977 esse
1102 2913 1436 2999 Mogontiecenee.
1466 2913 1656 2994 Monachus,
1673 2913 1728 2999 qui
1746 2913 1848 2978 semel

222 3017 356 3097 similes,
381 3019 434 3103 qui
460 3039 520 3082 nec
544 3019 619 3104 equi
644 3037 703 3081 nec
735 3016 882 3081 homines
907 3024 1006 3102 atque
1060 3038 1095 3081 se
1119 3016 1191 3082 Deo
1215 3019 1304 3081 vovit
1335 3026 1368 3084 et
1396 3019 1428 3082 in
1457 3019 1655 3083 monasterio
1685 3037 1745 3082 suo
1769 3038 1845 3080 con-

177 3148 203 3187 as
222 3121 314 3206 quasi
330 3121 428 3188 bruta
450 3122 603 3187 animalia
620 3122 772 3200 libertate
789 3141 827 3185 ec
843 3120 1006 3186 desiderio
1060 3127 1212 3186 versatus
1246 3128 1297 3185 est
1336 3122 1396 3187 sub
1437 3120 1579 3206 regulari
1611 3121 1743 3200 militia,
1781 3142 1845 3185 non

221 3245 279 3289 suo
301 3224 460 3290 femntur.
1059 3231 1169 3311 potest
1192 3224 1300 3290 redire
1324 3226 1453 3290 omuino
1476 3224 1518 3289 ad
1542 3226 1718 3290 saeculum.

328 3345 418 3432 Gap.
441 3347 491 3411 28.
543 3343 594 3409 Ut
628 3346 760 3411 nullus
801 3345 1009 3433 epiecopus
1053 3347 1219 3412 alterius
1258 3347 1476 3411 ministrum
1515 3345 1845 3411 ecclesiasticum

222 3449 424 3514 sollicitet.
480 3449 517 3513 In
541 3448 666 3514 Niceno
698 3456 808 3514 sancto
839 3457 873 3514 et
902 3451 1077 3515 universali
1110 3451 1247 3514 concilio
1272 3451 1469 3515 continetur:
1502 3440 1690 3535 ‘Propterf'ss
1712 3448 1846 3513 multam

220 3553 497 3639 perturbationem
522 3559 555 3617 et
579 3553 767 3635 seditiones,
791 3575 876 3640 quae
900 3555 992 3632 fiunt,
1016 3555 1142 3640 placuit
1164 3553 1434 3620 consuetudinem
1460 3552 1652 3619 omnimodis
1675 3554 1845 3638 amputari,

177 3675 203 3714 ³⁰
219 3657 316 3722 itaut
331 3656 516 3722 decivitate
533 3657 572 3721 ad
588 3657 752 3722 civitatem
765 3678 831 3722 non
844 3658 1026 3744 episcopus,
1043 3678 1105 3722 non
1121 3659 1304 3744 presbyter,
1321 3680 1385 3722 non
1401 3657 1557 3722 diaconus
1571 3654 1798 3721 transferatur’
1814 3664 1847 3720 ct

221 3767 344 3836 cetera;
368 3764 401 3825 in
419 3760 647 3828 Calcidonenei
665 3782 735 3848 cap.
748 3759 828 3824 XX:
852 3753 1045 3827 ‘Clericosffi
1063 3763 1095 3826 in
1113 3763 1254 3826 ecclesia
1271 3761 1491 3826 ministrantes
1507 3762 1540 3825 in
1557 3761 1691 3825 alterius
1708 3759 1847 3824 civitatis

222 3863 395 3928 eeclesiam
418 3869 559 3928 statutos
581 3863 650 3928 fieri
681 3885 746 3929 non
768 3869 907 3950 oportet.
954 3863 988 3928 Si
1011 3864 1083 3951 quis
1101 3866 1276 3951 episcopus
1299 3872 1374 3951 post
1391 3864 1474 3929 hano
1491 3863 1717 3930 diffinitionem
1735 3884 1845 3928 susce-

221 3968 324 4053 perit·
348 3969 502 4033 clericum
526 3967 566 4032 ad
590 3968 688 4033 alium
705 3967 956 4054 pertinentem¹,
980 3969 1161 4055 suscipiens
1186 3975 1220 4034 et
1236 3976 1409 4055 susceptus
1428 3970 1652 4034 communione
1668 3969 1846 4055 prirentur,

220 4070 324 4136 donec
347 4072 390 4152 is,
418 4073 472 4157 qui
496 4073 709 4158 migraverat,
739 4072 778 4136 ad
810 4074 975 4159 propriam
1005 4072 1104 4138 fuerit
1136 4095 1307 4158 regressus
1331 4071 1526 4148 ecclesiam’;
1561 4075 1640 4138 item
1665 4075 1697 4139 in
1721 4071 1845 4159 synodo

177 4195 202 4234 ³³
221 4175 410 4242 Sardicensi
440 4198 512 4263 cap.
528 4176 661 4242 XVIII:
699 4169 792 4240 ‘Uts'l'
814 4177 896 4241 nulli
925 4177 1024 4242 liceat
1047 4179 1201 4265 episeopo
1224 4179 1360 4243 alterius
1377 4177 1522 4264 episcopi
1540 4178 1724 4241 ministrum
1741 4174 1846 4240 ecole-

220 4282 387 4346 siasIIcum
420 4282 597 4347 sollicitare
627 4288 660 4345 et
691 4280 723 4345 in
755 4281 821 4345 suis
853 4281 1033 4366 parrochiis
1064 4281 1236 4356 ordinaret
1268 4282 1300 4347 in
1331 4282 1497 4347 affricano
1531 4302 1602 4366 cap.
1618 4279 1718 4345 XXI:
1751 4269 1847 4340 quos

323 4469 365 4522 27.
401 4473 429 4537 b)
448 4490 464 4524 a
481 4473 572 4524 castris
593 4477 696 4524 ...est
713 4489 761 4523 om.
780 4471 816 4523 id.
912 4470 938 4533 c)
956 4472 1060 4538 elapsus
1078 4472 1113 4522 id.
1207 4473 1234 4532 d)
1254 4475 1397 4541 regreditur
1413 4474 1449 4526 id.
1542 4473 1568 4538 e)
1588 4481 1617 4524 ut
1701 4478 1845 4522 revertatur

221 4577 269 4612 om.
288 4559 323 4611 id.
405 4558 594 4622 llnolueritct
612 4557 731 4624 perdurat
748 4557 784 4608 id.
866 4555 895 4624 g)
908 4575 956 4609 om.
974 4559 1010 4609 id.
1091 4558 1119 4621 li)
1139 4561 1255 4610 rurtriens
1272 4560 1308 4610 id.
1390 4561 1409 4628 i)
1427 4567 1453 4612 et
1470 4560 1505 4611 id.
1592 4559 1621 4624 k)
1638 4559 1722 4610 adhuc
1740 4557 1846 4608 relucta-

221 4647 293 4710 verit,
312 4645 448 4697 anatliema
465 4645 499 4695 sit
516 4644 551 4708 id,
571 4662 619 4696 ons.
637 4645 696 4697 rell.

179 4733 205 4771 ⁴⁰
324 4729 387 4784 cta.
424 4730 451 4796 b)
464 4732 655 4798 constringatur
668 4731 775 4784 Heleni.
858 4734 882 4794 cl
902 4733 998 4784 omid.
1081 4731 1107 4796 d)
1126 4739 1212 4783 autem
1232 4733 1349 4798 pertinax
1368 4734 1475 4801 capillos
1491 4742 1516 4784 et
1534 4733 1639 4784 barbam
1652 4731 1749 4782 nutriat
1766 4729 1845 4780 abid.

220 4817 245 4882 e)
263 4835 291 4869 se
309 4819 413 4870 tondeat
430 4825 456 4870 ct
474 4819 509 4869 id.
1075 4822 1078 4826 '

323 4902 387 4960 alb.
424 4905 479 4972 Osr.
503 4904 565 4956 Tol.
579 4905 637 4969 ΙΙΙ,
656 4924 697 4958 nr.
711 4905 752 4959 28.
840 4905 868 4971 a)
886 4908 925 4958 Dc
943 4907 1093 4958 clericorum
1113 4913 1220 4957 tonsura
1237 4905 1341 4956 dimissa
1361 4921 1440 4956 uxore
1457 4905 1529 4954 mor.
1548 4919 1591 4968 ap.
1610 4901 1671 4966 Rep.
1690 4901 1775 4968 App.,·
1808 4903 1846 4951 lle

220 4992 326 5056 clericis,
345 4991 390 5059 qui
408 4999 527 5044 tonsuras
545 4992 687 5043 dimiserint
704 5000 730 5042 ot
748 5009 841 5046 uxores
857 4993 1009 5060 acceperint.
1046 4993 1085 5043 llx
1104 4993 1192 5045 eodem
1211 4989 1256 5059 (re.
1280 4991 1447 5058 Trilmrienri)
1466 4990 1574 5043 concilio
1592 4997 1726 5056 praesente
1738 4989 1845 5040 Arnolio

220 5095 280 5145 rega
303 5096 357 5146 cap.
372 5080 440 5130 XVI.
464 5080 535 5130 rubr.
559 5095 602 5144 ap.
625 5078 722 5130 Barclr.
823 5077 851 5146 b)
875 5089 1006 5132 tonsuram
1031 5079 1091 5146 lieo.
1116 5079 1186 5146 App.
1289 5077 1314 5144 c)
1337 5095 1417 5130 uxore
1438 5078 1474 5129 id.
1574 5077 1601 5140 d)
1620 5077 1723 5142 aliquod
1748 5075 1845 5126 Burei.

177 5176 202 5216 ce
220 5165 245 5228 e)
263 5165 361 5217 invitus
383 5180 458 5216 ciram
483 5164 537 5216 Cot.
625 5161 712 5230 riom.
731 5163 793 5231 ch.
812 5157 894 5233 App.

322 5249 365 5305 28.
401 5249 428 5317 a)
447 5251 587 5319 susceperit
670 5253 840 5319 pertinentem
859 5269 908 5306 om.
928 5249 952 5305 3.
971 5249 995 5304 4.

323 5420 814 5492 temperamentorum
835 5419 1443 5491 xlac.3,0pem111,p.71;11⁷,p.37.
1530 5419 1576 5485 56)
1596 5415 1750 5470 GonoNio
1768 5431 1789 5469 c.
1804 5418 1845 5480 15,

222 5523 318 5578 Menai
336 5523 380 5592 ΙΙ,
397 5524 444 5578 col.
463 5525 555 5592 sssslnq.
641 5527 686 5599 lsi)
708 5525 786 5582 Cone.
807 5525 969 5581 chalcedo.
988 5526 1030 5590 ⁶20,
1051 5523 1147 5578 Moesi
1163 5523 1227 5590 VH,
1247 5521 1491 5589 cataractone.
1582 5521 1627 5588 58)
1647 5519 1724 5573 Cone.
1744 5518 1845 5573 Sardis.

219 5643 240 5682 c.
261 5629 305 5694 18,
333 5628 430 5681 Moesi
448 5627 512 5694 ΙΙΙ,
536 5629 581 5683 col.
600 5630 642 5683 29.
746 5632 791 5697 59)
815 5629 894 5684 Gerre.
917 5628 1003 5697 Afric.
1027 5643 1048 5683 c.
1066 5628 1113 5694 21,
1139 5625 1202 5682 (lod.
1225 5643 1321 5680 eonon
1343 5642 1370 5694 p.
1393 5625 1458 5688 220;
1478 5623 1541 5678 eoo.
1557 5639 1652 5678 canon.
1677 5624 1737 5678 ecci.
1756 5623 1845 5690 Afric.

179 5749 205 5788 eo
221 5747 243 5786 e.
260 5732 303 5800 54,
323 5731 418 5786 Menai
437 5732 498 5800 ΙΙΙ,
516 5735 562 5788 col.
581 5734 675 5802 llaec.
