4568 6434
407 407 468 470 182
523 401 792 458 ADDITAMENTA
811 402 860 456 AD
878 400 1124 457 carrucatam
1142 399 1273 455 RXGUM
1291 398 1476 454 vaauclau
1495 398 1725 455 ORIIINTALIS.
1744 431 1776 440 -
1795 401 1844 458 Nr.
1856 403 1916 457 248.

328 587 388 645 847.
407 587 483 656 quod
516 587 655 642 incertum
686 586 724 640 sit
752 585 912 652 voluntate,
944 602 981 639 an
1010 602 1076 640 casu
1105 583 1253 640 occiderit:
1287 583 1311 637 si
1333 583 1493 647 voluntate,
1523 586 1588 651 post
1610 582 1661 636 Vll
1694 574 1814 650 annos¹¹‚
1838 585 1862 639 si
1885 603 1959 652 casu,
1982 603 2033 656 per

407 673 595 743 quinquennii
623 677 752 743 tempora
783 675 848 727 acta
873 671 1003 742 legitima
1024 671 1203 742 poenitentia
1225 670 1261 724 ad
1281 669 1505 725 communionem
1527 669 1636 738 placuit
1658 670 1779 726 admitti.
1824 670 1930 736 Quodsi
1953 663 2033 728 varol

407 760 510 814 iufraln
532 762 661 830 tempora
683 757 841 814 constituta
862 758 949 814 fuerit
971 759 1121 824 infirmata,
1144 756 1268 828 accipiat
1290 745 1548 811 communionamf!

515 856 586 918 23¹¹.
633 853 689 917 De
720 852 945 917 homicidiis
979 874 1055 917 uon
1089 858 1229 938 sponte
1262 848 1489 914 commissis.
1542 840 1638 912 In⁰86
1668 851 1804 915 concilio
1834 851 2033 936 Ancyrano¹¹

408 957 514 1043 eapite
537 955 648 1023 XXII.
678 957 835 1042 scripturn
866 961 952 1021 est0:
990 947 1089 1020 ‘DeV
1119 954 1301 1018 homicidiis
1330 974 1394 1017 non
1426 957 1542 1037 sponte
1574 952 1753 1017 commissis
1784 955 1871 1039 prior
1903 956 2033 1040 quidem
2064 978 2075 1014 s

408 1060 558 1124 diffinitio
581 1065 655 1146 post
678 1065 872 1146 septennem
894 1058 1131 1144 poenitentiam
1149 1057 1385 1144 perfectionem
1402 1055 1559 1140 consequi
1581 1056 1765 1142 praecepit:
1790 1058 1934 1124 secunda
1956 1081 2034 1126 vero

408 1163 621 1248 quinquennii
645 1168 775 1248 tempus
800 1158 957 1247 explere’.

457 1243 470 1264 ⁸
516 1268 586 1330 141.
631 1265 689 1329 Da
712 1265 861 1328 occisis
884 1264 1128 1350 presbiteris
1152 1263 1191 1326 in
1214 1261 1338 1348 gradu
1360 1261 1519 1347 positis.
1566 1258 1628 1333 Qui
1648 1263 1866 1347 presbiterum
1887 1267 2034 1344 occidar,

408 1369 476 1434 XII
489 1389 647 1433 annorum
665 1369 695 1432 ei
710 1368 890 1455 penitentia
906 1366 1084 1433 secundum
1102 1376 1261 1431 canones·
1277 1363 1419 1452 priorum
1433 1355 1650 1450 inponatur⁸⁸;
1673 1366 1701 1428 si
1713 1369 1892 1451 negaverit,
1907 1371 1936 1434 si
1951 1371 2035 1435 liber

410 1479 468 1553 est,
481 1495 555 1538 cum
562 1472 648 1537 Xll‘
658 1463 794 1548 iuret⁸⁹;
809 1473 836 1536 si
846 1478 956 1536 autern
969 1493 1093 1552 servus,
1109 1470 1243 1558 perXII
1256 1459 1443 1533 vomeres⁹⁰
1455 1468 1620 1532 ferventes
1635 1488 1670 1532 se
1683 1475 1811 1554 purget.
1836 1469 2034 1538 Convictusu
2053 1495 2078 1533 ιο

409 1597 496 1640 noxa
517 1596 622 1660 usque
645 1574 687 1639 ad
710 1575 858 1639 ultimum
881 1575 990 1640 vitae*
1017 1582 1146 1662 tempus
1169 1575 1308 1638 miliciae
1331 1573 1497 1657 cingulum
1521 1572 1664 1657 deponat
1687 1579 1721 1636 et
1742 1593 1879 1640 uxorem
1895 1577 2035 1642 amittat.

519 1683 599 1745 25¹.
642 1678 699 1744 De
719 1679 968 1765 presbiteris
990 1687 1078 1766 post
1101 1677 1432 1764 degradationem
1457 1675 1610 1741 occisis.
1655 1675 1847 1741 Nuntiatum
1865 1679 2036 1761 estnobis,

410 1782 495 1868 quod
517 1783 627 1866 aliqui,
649 1783 705 1867 qui
725 1783 801 1847 olim
825 1781 979 1847 dixerunt
1001 1803 1035 1846 se
1057 1783 1159 1847 fuisse
1182 1781 1368 1846 sacerdotes
1385 1785 1418 1845 et
1439 1785 1554 1864 postea
1570 1777 1779 1864 degradati·
1798 1802 1857 1866 pro
1874 1783 1941 1846 auis
1958 1805 2035 1868 pec-

411 1887 493 1950 catis
528 1885 743 1972 penitentiam
773 1883 902 1969 agendo
934 1885 1091 1970 suffragia
1121 1891 1306 1950 sanctorum
1334 1905 1392 1969 per
1415 1882 1542 1946 diversa
1571 1882 1644 1946 loca
1673 1888 1880 1949 transeuntes
1903 1887 2035 1970 quaesi-

411 1994 515 2068 erunt,
538 1987 690 2053 trucidati
714 1995 799 2054 sunt.
843 1987 1079 2053 Huiuscemodi
1100 1986 1387 2052 interfectoribus*
1403 2007 1532 2051 omnem
1555 1987 1831 2051 aecclesiasticam
1855 1990 2079 2054 communi-1⁵

411 2111 506 2155 onem
528 2089 740 2176 denegamus,
768 2089 871 2156 donec
894 2091 1025 2176 dignam
1049 2090 1283 2178 poenitentiam
1305 2111 1363 2175 pro
1387 2096 1481 2155 reatu
1505 2110 1563 2154 suo
1588 2089 1765 2154 secundum
1789 2089 1942 2157 iudicium
1966 2095 2035 2179 epi-

411 2214 582 2280 scoporum
606 2195 786 2261 exsolvant.

519 2300 590 2363 261.
627 2298 685 2363 De
708 2298 883 2363 infirmis
910 2299 949 2362 in
972 2299 1154 2384 periculo
1179 2300 1317 2363 mortis
1342 2298 1610 2362 constitutis¹.
1655 2297 1906 2364 Abinfirmisin
1923 2302 2035 2365 mortis

410 2402 553 2487 periculo
576 2402 690 2487 positis
712 2422 772 2487 per
793 2401 992 2487 presbiteros
1014 2422 1096 2487 pura
1120 2401 1314 2486 inquirenda
1337 2410 1387 2467 est
1410 2402 1571 2467 confessio
1594 2406 1815 2485 peccatorum,
1838 2409 2035 2468 nontamen

412 2511 486 2569 est·
507 2504 571 2568 illis
594 2503 791 2590 imponenda
813 2505 977 2589 quantitas
1001 2505 1212 2589 penitentiae,
1237 2504 1294 2570 sed
1318 2502 1584 2582 innotescendal,
1608 2509 1736 2568 etcum
1759 2506 1937 2569 amicorum
1960 2527 2033 2570 ora·
2053 2527 2079 2567 ao

412 2609 555 2673 tionibus
579 2614 613 2672 et
635 2609 877 2674 elimosinarum
902 2607 1016 2673 studiis
1040 2609 1165 2695 pondus
1190 2609 1394 2696 penitentiae
1417 2605 1666 2685 sublevandum,
1690 2613 1735 2687 ut,
1758 2608 1785 2671 si
1808 2607 1892 2673 forte
1917 2610 2037 2694 migra-

412 2712 527 2792 verint,
551 2733 592 2776 ne
617 2712 774 2797 obligati⁰
790 2711 1129 2777 excommunicatione
1145 2711 1268 2776 alieni‘l
1292 2721 1356 2776 ex⁸
1380 2710 1543 2776 consortio
1567 2708 1681 2774 venier
1699 2710 1797 2785 fiant;
1822 2732 1841 2774 a
1864 2733 1927 2796 quo
1950 2713 2036 2798 peri-

413 2814 486 2877 culo
510 2815 537 2878 si
561 2813 714 2878 divinitus
739 2815 867 2900 erepti⁸
890 2813 1126 2894 convaluerint,
1148 2814 1349 2900 penitentiae
1373 2812 1503 2877 modurn
1527 2833 1546 2876 a
1570 2833 1629 2877 suo
1647 2813 1835 2878 confessore
1851 2815 2038 2901 impositum

412 2915 586 3002 diligenter
601 2917 785 2984 observent.
830 2916 875 2982 Ilt
889 2916 964 2982 ideo
986 2917 1164 2982 secundum
1181 2918 1369 2983 canonicam
1384 2918 1625 2995 auctoritatem,
1648 2937 1688 2981 ne
1712 2918 1775 2982 illis
1791 2918 1890 2983 ianua
1905 2920 2038 3004 piatatis

414 3021 527 3084 clausa
557 3018 724 3100 videatur,
754 3020 958 3084 orationibus
990 3027 1023 3085 et
1054 3021 1330 3086 consolationibus
1364 3019 1617 3084 aecclesiasticis
1654 3041 1746 3084 sacra
1777 3043 1850 3086 curn
1882 3023 2080 3086 unctionem

414 3124 503 3189 oleih
531 3121 685 3187 animati¹
715 3121 893 3187 secundum
922 3129 1045 3188 statuta
1076 3130 1261 3191 sanctorum
1292 3131 1421 3212 patrum
1445 3125 1671 3189 communione
1701 3125 1809 3189 viatici
1841 3125 2038 3191 reficiantur.

520 3225 595 3290 27¹.
639 3225 697 3290 De
731 3226 807 3306 his,
842 3227 908 3311 qui
941 3227 1251 3313 suspenduntur
1280 3228 1318 3291 in
1352 3227 1559 3313 patibulis.
1605 3227 1799 3302 Quaesitum
1822 3227 1889 3293 est¹
1914 3230 1954 3293 ab
1979 3229 2038 3293 ali·

414 3329 530 3414 quibus
552 3328 706 3393 fratribus
730 3327 770 3394 de
795 3329 859 3411 his,
889 3331 943 3415 qui
974 3331 1007 3404 in
1031 3329 1185 3416 patibulis
1210 3330 1456 3414 suspenduntur
1484 3353 1543 3417 pro
1568 3331 1637 3395 suis
1662 3331 1841 3395 sceleribus
1864 3339 1938 3417 post
1961 3353 2039 3396 eon-

413 3433 588 3497 fessionem
612 3431 682 3496 Deo
713 3439 897 3516 peractam,
930 3440 1037 3496 utrum
1068 3431 1229 3497 cadavera
1253 3443 1394 3497 eorumm
1424 3431 1465 3496 ad
1488 3434 1693 3498 aecclesias¹²
1715 3432 1895 3499 deferenda
1919 3436 1982 3498 sint
2006 3442 2039 3500 et

413 3535 596 3599 oblationes
620 3556 676 3621 pro
701 3537 749 3599 eis
772 3535 959 3600 offerendae
984 3543 1016 3601 et
1038 3536 1160 3601 missae
1184 3535 1434 3614 caelebrandae,
1459 3558 1500 3600 au
1523 3557 1599 3602 nou.
1645 3535 1771 3610 Quibus
1794 3537 2037 3623 respondimus:
2057 3558 2083 3598 so

370 3725 372 3730 Ι
415 3637 450 3701 Si
482 3637 631 3703 omnibus
659 3637 700 3703 de
731 3639 876 3725 peccatis
909 3639 974 3702 suis
1006 3659 1119 3725 puram
1153 3639 1390 3704 confessionem
1421 3638 1596 3724 agentibus
1628 3644 1661 3702 et
1694 3639 1792 3724 digne
1816 3639 2040 3726 penitentibus

414 3742 596 3805 communio
626 3741 659 3804 in
691 3740 755 3805 fine
788 3740 968 3806 secundum
998 3742 1189 3806 canonicum
1213 3742 1361 3806 iussum⁰
1386 3740 1517 3806 danda⁰
1541 3748 1603 3821 est,
1627 3745 1710 3806 our*
1733 3763 1796 3806 non
1819 3743 1879 3822 eis,
1903 3745 1958 3829 qui
1980 3764 2039 3830 pro

517 3914 544 3980 *)
562 3929 611 3966 cur
688 3911 767 3966 vivat
788 3912 860 3966 loces
882 3911 997 3966 abraam
1019 3911 1050 3964 ia
1072 3910 1128 3966 cod.
1147 3913 1172 3979 5,
1195 3913 1226 3965 ia
1246 3927 1298 3980 quo
1315 3911 1430 3966 samaria
1447 3928 1533 3965 amau
1550 3911 1613 3965 hoec
1629 3912 1732 3981 scripta
1748 3917 1828 3967 sarit:
1856 3913 1878 3967 si
1898 3914 2042 3983 promittit

413 4015 446 4052 ex
465 3998 547 4052 eorde
565 4014 615 4052 sno
633 3997 754 4068 amplius
772 4014 801 4052 sc
818 4015 875 4052 non
899 4013 1024 4067 peccare,
1048 3997 1072 4050 si
1091 3997 1209 4053 evadere
1227 3997 1365 4068 potuisset
1383 4014 1439 4052 non
1457 3999 1529 4063 ficte,
1548 4015 1603 4052 non
1622 3997 1753 4052 simulate
1771 4003 1886 4068 propter
1905 4003 2039 4054 terrorem

413 4084 524 4148 mortis,
547 4083 654 4152 quiesi
674 4085 738 4138 ficte
757 4084 959 4138 consessionem
981 4083 1051 4137 facit
1074 4083 1110 4137 ad
1128 4083 1238 4138 interna
1255 4082 1399 4137 deseendit
1421 4087 1450 4137 et
1471 4083 1575 4154 duplex
1593 4083 1823 4153 dampnationem
1842 4085 1927 4139 habet
1945 4085 1991 4140 hic
2009 4089 2039 4140 et
2057 4099 2082 4138 ss

412 4171 442 4223 in
465 4171 569 4224 futuro.
605 4170 717 4224 Marmei
738 4187 761 4225 o.
780 4171 811 4224 cl.
832 4169 986 4238 munaus,
1015 4169 1064 4237 qui
1087 4167 1196 4222 codicem
1217 4169 1341 4236 conbalit,
1364 4174 1446 4236 putot
1469 4175 1570 4224 tactum
1590 4185 1673 4238 supra
1691 4168 1790 4224 editam
1808 4172 1899 4238 pmmo
1917 4172 2038 4240 marae,

412 4257 491 4310 cuius
508 4255 643 4310 normullc
657 4255 811 4327 fropmeutc
826 4256 877 4325 lapi
892 4260 1013 4324 possint.

516 4430 544 4496 k)
564 4447 662 4483 annum
679 4431 704 4484 6.
817 4429 836 4494 1)
859 4448 907 4482 orn.
927 4429 950 4483 1.
1064 4431 1100 4495 m)
1123 4432 1159 4482 ita
1178 4430 1202 4482 1.
1220 4439 1244 4481 ct
1261 4429 1346 4481 Hrob.
1366 4431 1382 4481 l.
1402 4446 1437 4490 c.,·
1462 4430 1530 4481 intra
1548 4430 1647 4495 reliqui.
1762 4429 1790 4494 ιι)
1807 4432 1857 4482 XX
1875 4449 1942 4482 corr.
1961 4433 2038 4484 XXII

413 4537 481 4571 corr.
499 4521 588 4570 XXIII
602 4518 624 4570 1.
713 4517 739 4581 o)
756 4519 789 4569 In
874 4525 913 4569 ast
930 4517 1068 4570 om.2-5.
1157 4517 1184 4584 p)
1203 4517 1395 4570 Nsomsariomi
1415 4516 1438 4567 1.
1457 4525 1480 4567 et
1497 4515 1580 4566 Hrcb.
1600 4515 1651 4566 tc.
1736 4513 1763 4580 q)
1782 4517 1846 4566 XXI
1863 4534 1931 4570 corr.
1949 4519 2039 4570 XXIII

413 4623 479 4658 corr.
499 4605 600 4656 XXIIII
615 4604 638 4656 1.
718 4603 742 4667 r)
761 4604 882 4655 occiderit
899 4602 976 4657 2-5.
1062 4601 1085 4670 ι)
1104 4611 1201 4656 statuta
1217 4600 1293 4655 2-6.
1375 4600 1396 4667 t)
1414 4603 1514 4653 LXXII
1525 4599 1550 4666 3,
1569 4601 1641 4652 LXX
1657 4601 1685 4650 iu
1704 4601 1758 4651 loeo
1775 4617 1846 4652 ruso.
1928 4602 1957 4667 u)
1976 4620 2037 4656 voro
2055 4613 2082 4652 Io

413 4693 475 4744 odd.
495 4691 520 4744 6.
598 4691 625 4757 v)
643 4708 692 4742 orn.
711 4689 772 4742 aa.
849 4691 883 4756 vv)
900 4692 977 4742 XXII
994 4709 1061 4742 corr.
1074 4692 1183 4756 XXIIII,
1197 4698 1290 4757 posteo
1301 4691 1353 4740 IIII
1371 4690 1421 4741 dcl.
1438 4689 1634 4753 etVsuperscr.
1648 4686 1671 4737 1.
1749 4682 1799 4750 w⁸)
1817 4687 1950 4754 degradari
1964 4688 2039 4741 1-5.

413 4777 442 4843 x)
460 4780 498 4829 ito
515 4795 582 4829 corr.
605 4794 652 4828 aar.
673 4775 828 4843 Regincaem
846 4776 888 4829 lib.
905 4777 942 4841 11,
966 4793 987 4827 c.
1004 4775 1052 4840 44‚·
1078 4777 1300 4829 interfectionibus
1321 4776 1395 4828 codd.
1501 4772 1529 4841 y)
1548 4775 1637 4825 XXIII
1654 4791 1722 4824 corr.
1738 4774 1813 4824 XXV
1831 4791 1899 4826 corr.
1916 4775 2002 4826 XXVI
2015 4775 2038 4827 1.

414 4863 438 4928 a)
457 4865 545 4930 positis
563 4861 639 4915 2-5.
727 4861 752 4929 a)
770 4880 897 4930 superscr.
917 4862 946 4925 13
964 4879 1013 4914 om.
1031 4860 1055 4913 5.
1065 4861 1090 4912 6.
1177 4861 1205 4927 b)
1224 4861 1382 4929 ignoscenda
1400 4862 1475 4926 quusi
1489 4861 1577 4926 glossa
1594 4859 1623 4909 irs
1639 4876 1721 4925 marg.
1740 4857 1765 4910 5.
1846 4857 1871 4924 c)
1890 4877 1903 4911 a
1921 4861 2040 4928 obligatis

413 4967 480 5000 corr.
500 4949 522 5000 1.
642 4949 670 5012 (1)
690 4965 703 5000 e
721 4949 811 5000 alianis
828 4965 895 4999 corr.
915 4947 938 4998 1.
1047 4945 1073 5011 a)
1092 4962 1109 4997 a
1125 4944 1187 5011 2.3;
1212 4948 1322 4998 exsortia
1341 4945 1365 4997 1.
1477 4944 1499 5009 1)
1518 4946 1584 4998 bone
1600 4943 1625 4997 6.
1739 4945 1767 5013 g)
1786 4963 1800 4996 a
1817 4947 1911 5012 ereptis
1928 4963 1996 4997 corr.
2016 4947 2039 4999 1.

413 5033 441 5100 h)
460 5035 509 5086 Dai
527 5033 551 5085 6.
647 5036 666 5100 i)
684 5035 805 5086 animatis
825 5032 848 5085 1.
948 5032 977 5098 lr)
994 5033 1097 5084 XXIIII
1114 5049 1182 5083 corr.
1202 5033 1290 5084 XXVI
1307 5050 1374 5084 corr.
1392 5033 1493 5084 XXVII
1510 5030 1533 5083 1.
1630 5029 1651 5098 1)
1669 5048 1796 5097 superscr.
1816 5029 1839 5083 1.
1939 5031 1976 5094 m)
1994 5033 2040 5098 qui
2057 5042 2082 5081 It

413 5121 476 5172 cdd.
489 5118 549 5173 15.
655 5121 684 5186 n)
703 5123 838 5173 ecclcsIam
856 5117 933 5173 2-5.
1037 5118 1063 5186 ο)
1082 5120 1110 5170 iu
1128 5120 1183 5170 loco
1200 5136 1262 5170 roso
1283 5118 1305 5170 1.

516 5273 561 5340 86)
581 5271 635 5339 Ofr.
650 5269 800 5325 Hrobcrsus
816 5271 833 5325 1.
847 5287 870 5325 c.
887 5273 964 5338 alb,
981 5287 1015 5327 cro
1031 5286 1084 5339 quo
1100 5271 1151 5326 boc
1167 5286 1269 5339 quoquc
1287 5271 1436 5340 michem
1453 5269 1601 5325 derivatam
1618 5285 1672 5325 ease
1688 5267 1796 5324 adam.
1895 5273 1941 5340 87)
1961 5270 2040 5328 Oouc.

413 5380 514 5449 Aacyr.
536 5394 557 5432 c.
576 5378 622 5445 22,
648 5376 743 5432 Massa
761 5376 806 5445 II,
831 5378 877 5432 ool.
895 5377 955 5432 527.
1094 5377 1139 5447 88)
1159 5375 1216 5443 Ofr.
1234 5375 1336 5431 Pomit.
1354 5375 1474 5430 Paea-
1484 5373 1614 5429 Tboodon'
1633 5389 1655 5427 c.
1673 5374 1700 5441 3,
1725 5374 1778 5441 96,
1805 5373 2039 5442 Wasscrmblebar,

414 5480 644 5551 Bssasoedsmopca
657 5497 687 5550 p.
700 5481 751 5535 569
757 5495 768 5546 ;
789 5479 865 5536 conc.
883 5479 915 5535 dc
931 5481 1012 5536 cleric
1026 5495 1153 5549 percusse,
1171 5483 1231 5532 tom.
1250 5478 1275 5546 I,
1282 5495 1311 5547 p.
1320 5479 1380 5546 361,
1398 5495 1419 5532 c.
1431 5480 1456 5534 3.
1565 5477 1610 5544 89)
1631 5474 1687 5542 Ofr.
1707 5475 1860 5531 Bracbcrdi
1879 5477 1979 5532 Dea-d.
1997 5477 2040 5531 ab.

420 5586 467 5657 VI
485 5601 507 5642 c.
520 5585 546 5652 7,·
563 5601 584 5640 c.
597 5586 639 5641 24.
659 5583 688 5640 0.
703 5583 800 5641 XVII.
819 5584 902 5653 aad,
922 5582 998 5652 dorp.
1016 5585 1069 5637 iar.
1089 5583 1188 5650 camL
1205 5582 1251 5636 coi.
1264 5583 1329 5636 821:
1353 5597 1416 5636 cum
1428 5581 1529 5636 LXXII
1545 5579 1627 5634 iuret.
1715 5581 1759 5648 90)
1779 5579 1835 5647 Cib.
1850 5579 1961 5650 Maur,
1976 5581 2040 5636 Ra.
2059 5595 2085 5635 so

409 5709 439 5760 p.
451 5692 518 5757 914‚·
535 5689 586 5744 Du
604 5687 693 5759 Gorya
709 5705 729 5743 a.
748 5706 771 5744 c.
