4560 6426
339 630 399 684 sis.

421 453 483 514 352
583 449 829 504 Cherronesus
849 449 975 504 REGUM
996 449 1177 504 FRANCIAE
1195 447 1457 504 occinunrnnls
1475 446 1624 514 (sanem
1637 447 1682 508 ll).
1702 476 1733 486 -
1751 445 1800 500 Νι.
1812 447 1871 500 279.

526 627 555 686 6.
591 613 750 686 veronis>
774 623 849 709 quia
872 625 1036 709 praelatus
1054 624 1120 687 Leo
1139 623 1334 689 Gabinensis
1350 623 1635 686 reverentissimus
1652 622 1825 706 episcopus
1848 627 1881 686 et
1905 627 2037 684 sanctae

416 726 582 790 Romanae
606 726 766 789 ecclesiae
788 726 908 790 missus
932 733 964 790 et
987 727 1225 812 apocrisiarius,
1249 748 1306 791 seu
1330 733 1363 790 et
1384 725 1502 790 Petrus
1526 725 1840 810 Forosemproniatis
1864 725 2038 810 episcopus

415 851 473 915 pro
497 827 692 914 quibusdam
716 829 908 895 utilitatibus
932 831 1163 896 ecelesiasticis
1186 832 1303 894 morari
1328 831 1378 894 hic
1402 829 1523 893 diutius
1547 837 1712 915 nequount
1735 850 1840 914 neque
1865 829 2037 914 episcopos

416 932 456 998 de
481 933 658 1018 longinquo
686 933 855 999 venientes
887 934 1027 1019 fatigare
1055 934 1182 1018 longius
1215 932 1347 1019 dignum
1373 941 1438 1013 cst,
1471 932 1685 998 decreverunt
1712 932 1891 997 Iohannem
1913 930 2037 995 Tusca-

417 1057 551 1100 nensem
580 1042 614 1100 et
642 1035 822 1102 Iohannem
853 1037 1025 1103 Aretinum
1054 1037 1257 1103 venerandos
1286 1038 1473 1124 episcopos,
1509 1037 1562 1121 qui
1591 1036 1788 1122 legationem
1817 1035 2072 1121 praefatorum⁵

418 1139 539 1226 pariter
561 1160 634 1202 cum
657 1141 756 1226 priori
779 1142 941 1226 legatione
970 1141 1187 1226 suscipientes
1211 1163 1264 1223 ea,
1296 1163 1379 1226 quac
1402 1140 1590 1228 peragenda
1614 1147 1701 1220 sunt,
1730 1161 1802 1204 cum
1826 1139 1944 1204 ceteris
1968 1139 2037 1224 epi·

418 1245 540 1330 scopis,
564 1264 643 1328 quos
667 1247 828 1309 communi
852 1266 1014 1310 consensu
1038 1247 1213 1331 elegerint,
1243 1247 1312 1309 viee
1337 1247 1478 1310 omnium
1503 1245 1746 1330 cpiscoporum,
1779 1252 1913 1322 quicquid
1936 1270 1985 1308 ssu
2008 1252 2038 1307 in

417 1357 560 1412 evocanda
583 1357 710 1427 synod0⁸
733 1375 782 1412 seu
805 1357 833 1412 in
850 1357 1028 1412 definiendoss
1052 1376 1099 1412 seu
1123 1358 1152 1411 in
1173 1357 1414 1429 contemptoribus
1430 1356 1555 1413 feriendo
1572 1355 1739 1432 definierint,
1764 1356 1920 1426 apostoliea
1942 1358 2038 1411 aueto-

418 1444 504 1498 ritate
527 1443 613 1499 libere
636 1444 786 1508 definiant;
818 1448 848 1500 ct
869 1444 1003 1514 quicquid
1030 1444 1084 1514 ipsi
1106 1445 1336 1510 deliberaverint,
1370 1449 1399 1499 et
1421 1444 1539 1499 domnus
1563 1443 1735 1514 apostolicus
1758 1443 1917 1498 cumomni
1941 1447 2039 1498 sancta

418 1531 544 1586 Romana
566 1532 684 1586 ecclesia
706 1531 908 1606 determinabit
930 1534 959 1587 et
981 1531 1010 1586 in
1033 1535 1199 1601 perpetuum
1222 1550 1383 1586 mansurum
1407 1533 1515 1586 statuet
1537 1534 1566 1586 et
1588 1529 1719 1585 firmabit.
2059 1525 2083 1563 ¹⁰

525 1629 553 1688 7.
591 1625 682 1691 Sient
704 1625 839 1692 domnus
863 1648 949 1713 papa
965 1625 1128 1690 lohannes
1154 1617 1308 1706 sanxitll,
1333 1627 1527 1690 connivente
1551 1632 1584 1690 et
1608 1625 1834 1689 consentiente
1859 1630 1893 1688 et
1917 1622 2035 1688 conde-

418 1735 571 1793 cernente
588 1729 706 1794 domno
729 1737 761 1794 et
783 1729 1014 1815 gloriosissimo
1030 1727 1153 1794 Karolo
1178 1730 1373 1815 imperatore
1397 1750 1528 1814 semper
1549 1734 1698 1813 augusto,
1723 1728 1913 1812 Ansigisum
1938 1749 2037 1792 venc-

418 1831 554 1896 rabilem
577 1834 781 1919 episcopum,
817 1833 981 1898 Senonum
1010 1833 1306 1919 archiepiscopum,
1340 1853 1431 1896 suam
1461 1834 1563 1896 vicem
1595 1838 1706 1896 tenere
1740 1839 1773 1896 et
1803 1831 1975 1917 primatum
2008 1831 2039 1896 ei

419 1935 545 2000 Galliae
570 1943 604 2001 et
625 1936 820 2001 Germaniae
844 1936 980 2001 contulit
1003 1937 1035 2001 in
1059 1936 1224 2002 evocanda
1241 1937 1363 2022 synodo
1388 1944 1421 2001 et
1436 1937 1620 2001 definiendo
1637 1937 1803 2016 canonico,
1828 1936 1855 1998 si
1871 1934 2039 2020 quaelibet

419 2040 654 2105 insurrexerint
676 2041 870 2120 necessaria,
895 2049 928 2105 et
951 2047 987 2104 ut
1008 2043 1160 2126 graviora
1183 2041 1222 2106 ad
1248 2042 1350 2128 ipsius
1375 2041 1522 2104 notitiam
1546 2041 1677 2119 referat,
1702 2046 1735 2104 et
1757 2061 1815 2104 nos
1839 2039 2036 2103 unanimiter
2057 2057 2080 2094 ιε
2185 2117 2187 2120 .

418 2144 505 2206 omni
535 2143 707 2208 devotione
734 2143 905 2210 laudamus
933 2151 979 2224 et,
1016 2152 1052 2209 ut
1079 2145 1124 2208 ita
1156 2145 1225 2230 ipse
1256 2145 1431 2229 primatum
1465 2149 1575 2209 teneat
1605 2143 1734 2208 Galliae
1772 2151 1805 2209 et
1833 2142 2039 2222 Germaniae,

420 2247 623 2313 decernimus
647 2256 680 2313 et
703 2241 911 2313 sancimusll.

528 2352 556 2415 8.
592 2343 803 2437 Synodumtt
834 2373 928 2439 quam
957 2351 1094 2416 domnus
1122 2352 1287 2416 Iohannes
1314 2352 1513 2438 apostolicus
1542 2359 1575 2416 et
1604 2352 1797 2417 universalis
1829 2373 1913 2437 papa
1942 2370 2041 2436 super

420 2453 622 2539 quorundam
651 2454 907 2541 depositionem,
939 2454 1085 2519 Formosi
1115 2455 1238 2519 seilicet
1266 2455 1453 2519 Portuensis
1488 2456 1635 2542 episcopi
1666 2463 1699 2520 et
1727 2454 1876 2539 Gregorii
1906 2474 2039 2518 nomen-

421 2558 590 2638 culatoris,
618 2581 676 2623 seu
709 2566 742 2623 et
770 2557 926 2645 Stephani
957 2558 1172 2623 secundicerii
1203 2564 1235 2623 ct
1265 2557 1398 2644 Georgii
1431 2560 1600 2624 vesterarii
1629 2565 1876 2644 ceterorumque
1908 2573 2086 2621 suorumve

421 2663 629 2749 complicum,
657 2664 742 2728 sicut
764 2664 796 2728 in
819 2663 957 2749 epistola
980 2664 1080 2748 ipsius
1105 2662 1144 2727 ad
1169 2685 1228 2727 nos
1258 2665 1358 2727 missa
1383 2664 1580 2742 continetur,
1613 2685 1716 2748 nuper
1739 2663 1894 2741 instituit,
1926 2668 1958 2725 et
1981 2682 2040 2724 nos

422 2767 599 2834 secundum
628 2768 803 2832 iussionem
834 2768 936 2854 ipsius
967 2766 999 2830 in
1027 2767 1115 2831 nullo
1143 2788 1163 2831 a
1189 2767 1298 2854 eapite
1332 2766 1530 2832 dissidentes
1559 2765 1793 2832 consentiendo
1824 2765 2041 2843 decernimus,

422 2873 637 2959 omnibusque
661 2873 849 2959 apostolicis
872 2873 958 2938 illius
976 2873 1198 2937 sanctionibus
1222 2894 1281 2958 per
1304 2873 1411 2937 omnia
1427 2878 1597 2958 parentes,
1621 2872 1705 2934 sicut
1728 2870 1832 2950 decet,
1857 2868 2040 2934 obedimus.

529 2982 558 3041 o.
594 2976 772 3041 Censorem
796 2999 888 3055 vero,
919 2998 1016 3062 quam
1050 2976 1185 3041 domnus
1209 2977 1409 3061 apostolicus
1438 2999 1537 3062 super
1560 2974 1793 3040 nefandissima
1815 2981 1889 3038 aeta
1913 2971 2040 3037 Hludo-

423 3083 494 3147 wici
517 3081 603 3165 regis
632 3087 665 3144 et
693 3080 886 3167 complicum
909 3071 1027 3161 siusili,
1060 3081 1122 3143 nisi
1146 3081 1341 3166 resipuerint
1363 3086 1397 3145 et
1419 3079 1561 3145 debitam
1578 3079 1798 3145 obedientiam
1821 3077 1891 3142 sedi
1908 3083 2042 3162 aposto·
2062 3092 2086 3131 ²⁵

422 3185 504 3248 licae
539 3184 764 3262 exhibuerint,
799 3183 913 3248 statuit
948 3191 980 3248 et
1015 3185 1172 3262 firmavit,
1214 3205 1327 3248 ornnes
1362 3206 1438 3266 nos,
1474 3186 1529 3271 qui
1564 3184 1604 3249 ad
1640 3189 1848 3270 praesentem
1883 3180 2043 3266 synodum

423 3289 643 3370 convenimus,
666 3289 863 3353 unanimiter
885 3286 1092 3352 decernimus
1117 3295 1215 3373 atquc
1239 3288 1415 3354 firmamus.

481 3459 556 3544 (H.)
591 3453 875 3526 Conseusus¹¹²³⁰
897 3461 1043 3527 Leonis
1068 3461 1250 3546 episcopi
1274 3463 1390 3526 missi
1415 3469 1452 3527 et
1476 3461 1759 3547 apocrisiarii,
1782 3480 1868 3525 cum
1891 3464 1985 3545 post

913 3563 1100 3650 synodum
1125 3564 1381 3631 discessurus
1405 3565 1552 3631 csset¹¹.

532 3687 616 3761 Quia
644 3686 782 3752 domnus
812 3694 922 3753 noster
946 3687 1109 3752 Iohannes
1137 3688 1362 3752 sanctissimus
1393 3687 1439 3750 eti
1470 3693 1520 3751 ter
1536 3686 1759 3750 beatissimusi
1782 3705 1866 3770 papa
1889 3707 1948 3750 nos
1972 3684 2042 3770 qui·
2062 3706 2087 3746 so

424 3792 512 3870 dem,
539 3812 591 3855 mc
616 3790 764 3854 scilicetk
792 3791 936 3856 Leonem
967 3790 1204 3856 Gabinensem¹
1229 3792 1417 3876 episcopum
1448 3788 1494 3854 et¹
1523 3795 1654 3853 sanetae
1685 3790 1852 3854 Romanae
1884 3788 2043 3853 eeclesiae

424 3896 555 3958 missum
587 3901 620 3959 et
642 3895 887 3980 apocrisiarium
911 3901 944 3958 et
966 3895 1099 3958 Petrum
1132 3893 1354 3958 venerabilem
1382 3892 1754 3977 Forosemproniaternm
1784 3893 1973 3979 episcopum
2003 3891 2045 3956 ad

424 3998 566 4063 hechas
589 3999 621 4061 in
645 4005 756 4083 partes
779 3996 912 4076 direxit,
940 4003 1008 4074 utl,
1037 4008 1121 4062 ceu¹²
1145 3997 1269 4082 pridem
1300 3996 1373 4082 per¹
1397 3995 1616 4061 venerabiles¹
1648 3998 1836 4083 episcopos,
1865 3995 2044 4060 Iohannem

424 4102 577 4166 videlicet
600 4107 633 4166 et
656 4101 850 4182 Iohannem,
881 4101 1107 4180 mandaverat,
1142 4107 1269 4166 vestra⁰
1301 4101 1472 4165 sanctitate
1503 4100 1683 4184 adgregata
1706 4099 1747 4164 do
1771 4100 1926 4185 negotiis,
1959 4121 2043 4184 quae

424 4208 508 4270 inter
529 4213 683 4290 utrosque
706 4205 822 4269 iratres
854 4206 916 4270 hoc
939 4226 1024 4269 anno
1048 4211 1264 4281 emerserant,
1295 4204 1605 4281 determinaremus,
1637 4203 1695 4268 sed
1729 4225 1788 4268 nos
1822 4204 1863 4267 ob
1887 4202 2042 4288 quasdam
2062 4223 2087 4260 ss

425 4314 557 4373 sauctae
590 4308 756 4372 Romanae
792 4309 949 4373 ecclesiae
981 4310 1156 4373 utilitatcs⁰
1188 4309 1265 4394 quia
1301 4307 1423 4372 diutius
1454 4307 1573 4371 morari
1607 4307 1802 4392 nequimusl'
1834 4313 1868 4372 et
1900 4312 2044 4371 vestram

425 4411 659 4478 beatitudinem
693 4413 821 4497 longius
857 4411 1017 4496 fatigares
1051 4413 1228 4493 nolumus¹,
1261 4411 1319 4474 hos
1353 4410 1470 4474 tratres
1504 4415 1647 4489 nostros,
1683 4409 1863 4474 Iohannem
1891 4409 2045 4475 videlieet

527 4576 555 4643 g)
569 4577 665 4642 synodo
678 4616 683 4628 .
696 4615 717 4627 ..
733 4579 808 4629 defin.
822 4596 870 4629 ons.
884 4578 952 4642 Bar,
972 4577 1055 4630 Perta.
1124 4576 1152 4644 11)
1166 4579 1201 4629 ita
1214 4579 1240 4628 iu
1255 4576 1277 4641 l,
1291 4577 1373 4629 crescis
1386 4585 1472 4628 istruna
1485 4593 1515 4628 ar
1526 4576 1610 4628 codice
1622 4585 1732 4642 nimpta,
1744 4578 1858 4642 crificia.
1929 4575 1949 4640 i)
1962 4585 1988 4626 et
2002 4615 2006 4626 .
2020 4614 2026 4628 .
2039 4614 2044 4626 .

425 4665 587 4716 beatianam.
601 4662 625 4713 s.
699 4663 729 4728 k)
749 4671 846 4716 ....et
858 4665 920 4716 aad.
933 4663 957 4714 8.
1029 4661 1047 4728 l)
1060 4683 1108 4716 oni.
1121 4665 1146 4716 8.
1216 4661 1582 4730 nr)Forosemproniensemll.
1652 4661 1680 4726 n)
1693 4662 1759 4712 sicut
1771 4660 1794 4712 8.
1865 4662 1891 4727 o)
1905 4671 2044 4715 vestra...

426 4751 547 4802 utilitates
565 4768 613 4802 oar.
626 4751 650 4801 8.
737 4751 765 4817 p)
784 4751 815 4801 ab
834 4753 889 4818 ipso
908 4751 990 4802 vocati
1008 4751 1069 4802 aaa.
1088 4749 1112 4802 8.
1199 4749 1225 4816 q)
1243 4751 1343 4816 fatigari
1365 4749 1386 4801 1.
1474 4749 1497 4812 r)
1516 4749 1644 4800 noluimus
1662 4747 1685 4798 8.
2062 4767 2089 4805 ω

527 4895 571 4961 45)
590 4894 651 4947 Hoc
667 4899 748 4962 wirnt
765 4895 803 4947 ad
820 4895 925 4949 ceroma
940 4897 992 4961 sere
1004 4895 1135 4950 emacrnit
1153 4912 1214 4950 enm
1225 4911 1354 4950 carmensis
1367 4894 1464 4950 Manis
1481 4893 1557 4959 infra
1574 4893 1623 4947 lin.
1636 4893 1728 4960 3llsqq.
1816 4892 1861 4958 46)
1881 4893 1914 4946 A.
1926 4893 1986 4959 sis,
2005 4891 2047 4946 dic

426 5002 450 5052 2.
469 5017 501 5052 m.
516 4997 591 5060 Ian.,·
609 4997 658 5063 cfr.
678 4997 812 5052 Iohannis
835 4998 910 5066 epist.
933 4997 969 5051 od
986 4997 1061 5066 episc.
1086 4997 1191 5052 Galliac
1209 5003 1233 5052 et
1255 4997 1429 5064 Germaniae,
1458 4996 1553 5052 Monoi
1567 4994 1677 5062 XVII,
1694 4995 1879 5063 0012253444
1903 4995 1980 5060 Joffs'
1996 4996 2012 5048 l.
2025 5011 2045 5048 c.

427 5101 448 5154 Ι
451 5106 470 5169 ²,
486 5117 528 5156 nr.
540 5102 615 5156 3032.
694 5101 738 5168 47)
757 5101 814 5167 Gsr.
828 5107 919 5156 antem
931 5102 1004 5157 dnm
1018 5103 1122 5157 Berlin.
1141 5102 1157 5154 l.
1171 5119 1191 5156 c.
1207 5119 1235 5170 p.
1251 5102 1307 5156 129.
1327 5102 1383 5156 191.
1462 5103 1506 5170 48)
1525 5101 1560 5154 Α.
1573 5099 1632 5168 876,
1652 5100 1694 5153 dic
1713 5101 1753 5156 19.
1772 5117 1805 5154 ra.
1819 5100 1924 5168 Aprilis
1940 5100 2043 5155 Ronruc

425 5203 556 5266 lamiarum
573 5202 618 5268 cfr.
638 5202 847 5257 Demostrato.
868 5202 947 5268 111²,
961 5221 991 5271 p.
1004 5203 1046 5256 27.
1126 5204 1169 5269 49)
1189 5202 1243 5270 Osr.
1262 5220 1348 5272 snpra
1365 5209 1420 5259 not.
1433 5204 1474 5258 44.
1494 5205 1567 5272 epist.
1588 5205 1618 5257 in
1635 5220 1746 5274 rrpnrnn
1764 5203 1919 5260 Hlndowici
1936 5205 2045 5266 arbam,-

426 5308 563 5362 Ditmmlcr
580 5307 596 5362 l.
608 5323 629 5360 c.
649 5306 706 5373 11¹,
721 5325 751 5374 p.
764 5307 822 5360 411.
910 5307 955 5376 51])
974 5307 1049 5362 Artis.
1069 5307 1171 5362 Berlin.
1190 5309 1207 5360 l.
1220 5323 1241 5360 c.
1256 5325 1285 5375 p.
1300 5309 1363 5362 131:
1392 5309 1491 5362 Postea
1509 5309 1554 5374 (sc.
1572 5307 1673 5377 spania
1690 5307 1790 5375 solvito)
1808 5307 1968 5377 imperator,
1988 5326 2045 5362 mu·
2065 5327 2090 5366 rs

427 5411 531 5467 neratis
549 5410 638 5465 missis
656 5410 802 5480 epsestelici
823 5410 913 5466 Leone
932 5414 960 5466 et
979 5412 1075 5477 Petro,
1094 5409 1201 5465 remisit
1219 5427 1265 5464 eos
1285 5411 1409 5466 Romam.
1447 5411 1574 5480 Quamne
1592 5411 1645 5464 ianr
1663 5411 1693 5464 in
1707 5416 1840 5480 postrema
1857 5412 1968 5466 sesemen
1985 5429 2046 5466 cors·

426 5519 507 5568 narrt
529 5515 626 5582 (supra
642 5531 663 5568 c.
676 5517 713 5584 6),
736 5515 870 5569 Iolmnncs
897 5515 1031 5583 episcopos
1054 5515 1132 5568 ricem
1149 5514 1250 5568 Leonis
1273 5515 1388 5568 etPctri
1408 5531 1527 5584 passuros
1544 5531 1604 5582 esse,
1625 5521 1649 5569 et
1666 5515 1822 5581 sarmatas,
1841 5531 1873 5570 aa
1889 5531 1944 5584 arro
1961 5531 2046 5582 snpra

426 5635 484 5687 rap.
497 5621 521 5674 6.
538 5618 685 5673 (lcrimtrnn
702 5624 744 5686 est,
763 5619 819 5672 iarn
837 5624 900 5673 terrie
917 5619 1015 5688 amima
1027 5619 1154 5673 cratitissc
1171 5617 1300 5685 sidentia,
1320 5625 1409 5673 tortian
1422 5619 1559 5674 verisimile
1576 5624 1612 5672 est
1626 5619 1699 5673 illam
1717 5619 1747 5672 in
1761 5619 1924 5688 prosectr'one
1942 5619 2047 5674 dernrrm

428 5723 525 5778 Leonis
544 5728 568 5778 et
589 5721 662 5777 Petri
680 5739 733 5777 csse
750 5723 887 5787 naddurm
905 5725 956 5790 cfr.
974 5723 1053 5778 etiam
1071 5723 1208 5776 fflrnrrrler
1225 5723 1242 5776 l.
1254 5738 1275 5776 e.
1295 5723 1354 5791 11²,
1367 5741 1396 5793 p.
1409 5725 1468 5779 411.
