4634 6436
437 431 480 506 92
890 440 1138 496 charrubium
1156 439 1368 496 HLUDOWICI
1385 441 1421 496 II.
1439 471 1471 482 —
1490 442 1538 496 Nr.
1550 443 1609 498 216.

359 775 418 830 865.
540 718 587 831 ln
620 767 753 832 nomine
781 766 845 832 Dei
878 768 1110 853 omnipotentis
1144 789 1230 833 anno
1262 768 1496 833 incarnationis
1529 769 1707 833 dominicae
1736 767 1977 849 Deouuxw,
2010 771 2059 834 in·

439 869 582 936 dictione
606 871 708 950 XIII,
743 891 855 938 mense
887 871 1082 948 Februario,
1118 871 1171 937 die
1206 873 1327 936 mensis
1363 870 1510 936 eiusdem
1545 871 1704 958 quartol’..
1737 871 1819 937 Cum
1854 873 1991 938 domnus
2027 880 2061 939 et

438 975 778 1060 magnificentissimus
812 974 1027 1040 Hludowicus
1061 981 1220 1060 augustus
1256 975 1342 1061 apud
1377 975 1596 1060 Tycinenscm
1631 975 1796 1041 civitatem
1831 977 1864 1041 in
1898 977 2061 1062 augustali

437 1079 513 1143 aula
542 1078 701 1144 resideret
728 1084 928 1143 tractaturus
958 1079 998 1142 de
1028 1084 1116 1144 statu
1144 1084 1277 1144 sanctae
1305 1079 1419 1143 matris
1443 1078 1605 1143 aeclesiae
1630 1084 1664 1143 et
1685 1101 1766 1166 pace
1790 1078 1900 1144 divina
1922 1080 2059 1166 disposi-

436 1183 545 1247 tione⁰
569 1182 631 1246 sibi
656 1182 819 1247 commissi
842 1177 972 1268 imp‘erii
995 1203 1034 1246 ac
1058 1181 1206 1267 generali
1230 1183 1329 1246 totius
1352 1181 1464 1266 populi
1487 1179 1603 1260 salute,
1627 1181 1833 1267 presentibus
1850 1182 2061 1248 obtimatibus
2091 1205 2103 1242 s

436 1286 504 1350 suis
528 1284 625 1350 dixit:

544 1405 623 1493 Cap.
648 1411 675 1473 1.
709 1405 831 1471 Crebro
860 1413 1002 1471 vestram
1038 1405 1229 1471 fidelitatem
1262 1407 1434 1471 retroactis
1470 1404 1671 1492 temporibus
1702 1398 1990 1486 commonuimus¹‚
2024 1413 2061 1470 ut

438 1508 616 1574 secundum
646 1529 792 1574 normam
823 1508 1017 1574 christianae
1046 1509 1216 1593 religionis
1240 1510 1349 1573 vivere
1377 1510 1599 1594 unnsquisque
1626 1517 1811 1573 nostrorum
1834 1508 1978 1573 fidelium
2006 1529 2059 1574 sa-

436 1618 566 1699 tageret
593 1621 627 1678 et
656 1634 731 1678 suos
759 1635 778 1677 a
807 1613 922 1698 rapina
948 1621 1180 1699 conpesceret;
1212 1619 1357 1678 attamen
1381 1614 1457 1699 quia
1479 1612 1638 1678 hactenus
1662 1612 1790 1677 minusd
1814 1612 1987 1698 diligenter
2010 1619 2061 1678 est

437 1723 564 1794 actum,
593 1717 709 1782 amodo
737 1719 824 1782 omni
852 1717 1022 1782 conamine
1047 1726 1123 1781 vos⁰
1152 1716 1284 1782 studere
1308 1717 1473 1792 volumus,
1506 1737 1570 1800 quo
1596 1716 1748 1803 poenitus
1777 1737 1797 1779 a
1823 1723 1935 1781 nostro
1960 1737 2059 1801 regno
2078 1738 2104 1776 ro

435 1822 550 1908 rapina
580 1821 767 1886 eliminetur
796 1829 829 1886 et
857 1840 1039 1906 pauperum
1067 1841 1163 1884 voces
1190 1841 1294 1906 usque
1325 1840 1411 1886 nunc
1441 1818 1561 1884 domini
1590 1818 1736 1884 Sabaoth
1765 1840 1861 1885 aures
1891 1820 2061 1906 pulsantes

437 1925 647 2010 querimoniis
674 1925 832 2011 incipiant
860 1945 919 1988 suo
942 1922 1096 1988 creatorit
1117 1921 1232 1988 laudes
1256 1922 1437 2011 rependere
1461 1943 1519 2009 pro
1543 1920 1663 2007 ubique
1687 1943 1768 2010 pace
1792 1931 1825 1988 et
1848 1923 1958 2009 quiete
1982 1944 2060 1988 con·

436 2048 531 2093 cessa
554 2028 649 2093 nobis
673 2027 859 2114 agentibus.

547 2149 626 2236 Cap.
650 2153 679 2215 2.
717 2148 897 2214 Statuimus
921 2155 1040 2230 autem,
1065 2155 1100 2212 ut
1123 2149 1265 2214 eclesiae
1281 2147 1346 2214 Dei
1369 2169 1429 2235 per
1452 2147 1551 2212 totius
1574 2148 1667 2233 regni
1691 2147 1790 2211 nostri
1812 2147 1968 2215 fundatae
1991 2153 2058 2212 ter-

433 2253 540 2318 minos
571 2252 631 2318 sub
661 2259 792 2318 nostrae
821 2252 1024 2316 inmunitatis
1054 2253 1190 2316 tuitione
1220 2271 1354 2316 securae
1384 2271 1457 2315 cum
1487 2249 1584 2315 rebus
1612 2259 1646 2316 et
1672 2250 1804 2316 familiis
1832 2257 2058 2336 permaneant,
2078 2271 2103 2310 1⁵

435 2376 497 2420 ceu
535 2355 845 2441 praedecessorum
883 2361 1085 2432 nostrorum,
1124 2355 1342 2442 piissimorum
1378 2352 1532 2419 videlicet
1569 2353 1817 2440 augustorumh,
1858 2355 2059 2442 temporibus

435 2457 555 2523 iecisse
578 2459 772 2546 probantur,
804 2477 982 2543 earumque
1005 2465 1149 2523 rectores
1172 2458 1312 2544 propriis
1336 2448 1717 2543 utantnrprivilegiis12.
1762 2457 1805 2522 Et
1826 2459 1978 2523 monachi
2001 2480 2060 2544 per

435 2582 494 2627 sua
517 2562 656 2627 cenobia
684 2561 869 2648 regularem
892 2567 1029 2626 teneant
1052 2560 1210 2626 ordinem.
1256 2559 1414 2628 Similiter
1437 2566 1471 2624 et
1494 2561 1601 2626 clerus
1625 2560 1728 2624 omnis
1752 2561 1883 2648 proprio
1906 2561 2061 2646 fungatur

435 2667 618 2731 ministerio
642 2664 794 2730 nemine¹¹
817 2664 1032 2729 molestante*
1055 2663 1158 2728 nostri
1181 2664 1315 2728 terroris
1337 2662 1519 2728 formidine.

543 2786 622 2875 Gap.
648 2789 677 2852 3.
713 2787 885 2853 Sancimus
916 2785 1142 2866 nihilominus,
1177 2791 1213 2849 ut
1244 2784 1365 2869 singuli
1394 2783 1542 2850 comites¹
1569 2789 1603 2849 et
1631 2791 1805 2850 exactores
1835 2786 1883 2850 rei
1906 2785 2104 2872 publicasse

434 2891 468 2954 in
501 2891 567 2956 suis
602 2890 791 2956 ministeriis
821 2891 965 2976 legalem
993 2894 1170 2976 procurent
1198 2888 1319 2974 populo
1349 2887 1457 2952 lacere
1485 2879 1673 2966 iustitiam3,
1709 2889 1852 2974 pupillos
1884 2895 1918 2953 et
1945 2889 2060 2955 viduas

434 2999 622 3081 protegant,
654 3015 714 3080 per
742 2995 815 3058 loca
842 2993 937 3058 solita
964 2998 1153 3058 restaurent
1175 2982 1327 3079 palatial,
1361 2991 1492 3077 quibus,
1526 3011 1599 3055 cum
1622 2990 1687 3056 iter
1709 2991 1895 3072 dictaverit,
1928 3014 1987 3057 nos
2012 2994 2059 3058 le-

434 3106 594 3184 gatosque
622 3105 751 3163 nostros
775 3098 909 3163 valeant
936 3098 1098 3184 recipere,
1127 3117 1168 3160 ne
1191 3101 1374 3182 gnaveturm
1396 3095 1547 3160 aeclesia.
1593 3093 1730 3166 Quando
1755 3097 1855 3160 etiam
1878 3096 2060 3184 episcopos,

434 3201 571 3266 abbates
594 3203 648 3267 vel
677 3203 813 3290 comites
842 3222 901 3266 seu
929 3199 1074 3264 fidelium
1101 3206 1284 3265 nostrorum
1311 3200 1498 3286 quempiam
1526 3199 1559 3262 in
1582 3200 1714 3284 propria
1737 3199 1816 3263 villa
1839 3201 1958 3264 morari
1981 3222 2059 3265 con-

434 3304 559 3389 tigerit,
594 3325 668 3368 oum
698 3304 764 3367 suis
795 3305 827 3368 in
858 3303 926 3368 suis
956 3309 1111 3368 maneant
1139 3302 1305 3380 domibus,
1341 3323 1382 3367 ne
1413 3302 1474 3366 sub
1504 3301 1641 3367 obtentu
1672 3300 1805 3387 hospitii
1828 3303 1973 3367 vicinos¹¹
2000 3324 2059 3391 op·
2077 3321 2102 3360 as

434 3409 577 3493 primant
601 3407 652 3473 vel
676 3427 790 3472 eorum
813 3406 918 3471 bona⁰
942 3397 1136 3492 diripienti.
2061 3397 2062 3400 ’

543 3528 622 3615 Gap.
640 3532 668 3593 4.
704 3526 855 3614 Denique
878 3527 955 3612 quia
971 3525 1093 3591 Christi
1116 3525 1322 3592 custodiente
1345 3526 1518 3590 clementia
1536 3525 1699 3589 neminem
1715 3525 1855 3591 iniustep
1871 3527 2060 3596 consecuti‘l

434 3632 648 3718 privavimus,
682 3630 738 3696 sed
767 3651 874 3715 neque
902 3631 1022 3716 privari
1050 3631 1173 3715 absque
1201 3630 1302 3715 legali
1331 3629 1499 3693 sanctione
1527 3628 1669 3713 aliquem
1697 3637 1881 3694 nostrorum
1912 3628 2058 3694 fidelium

434 3736 585 3799 volumus
608 3735 782 3813 beneficio,
815 3733 984 3809 iubemus,
1014 3754 1055 3796 ne
1080 3734 1150 3818 quis
1174 3753 1267 3796 suum
1293 3731 1450 3819 depravet
1472 3730 1579 3795 nullor
1601 3731 1713 3809 modo,
1741 3730 1801 3794 sed
1822 3732 1983 3796 instauret
2006 3755 2058 3798 se·

434 3839 569 3916 curitcr,
602 3859 643 3901 ne
673 3839 727 3923 qui
756 3835 916 3922 dirigendi
947 3844 1023 3900 sunt
1049 3858 1069 3900 a
1095 3836 1189 3900 nobis
1213 3829 1387 3920 undique⁶,
1420 3837 1447 3900 si
1470 3835 1650 3920 depravata
1678 3835 1876 3920 repererint,
1907 3835 2059 3920 legaliter
2076 3854 2102 3892 ³⁰

435 3939 612 4005 emendare
636 3940 822 4027 conpellant
846 3946 879 4004 et
903 3959 959 4004 eos
982 3938 1136 4024 deinceps
1159 3939 1281 4024 perfrui
1304 3931 1527 4024 prohibeantl.

542 4058 624 4146 Gap.
644 4062 674 4125 5.
709 4058 811 4124 Porro
835 4080 909 4123 cum
929 4057 970 4122 ad
991 4064 1135 4122 nostrum
1152 4058 1307 4143 quislibet
1322 4064 1507 4122 nostrorum
1524 4057 1668 4122 fidelium
1684 4064 1840 4144 properat
1855 4058 2059 4145 obsequium,

435 4168 501 4226 tam
526 4161 643 4242 eundo,
673 4182 768 4247 quam
793 4160 959 4226 redeundo
983 4158 1151 4245 gradiatur
1173 4159 1322 4244 pacifice;
1352 4168 1402 4224 et·
1424 4162 1474 4225 ni·
1497 4161 1661 4246 generalis
1684 4163 1796 4247 exigat
1818 4161 1956 4241 utilitas,
1981 4158 2057 4248 [up]

435 4286 507 4329 cum
542 4265 671 4329 scaritis
700 4255 840 4342 veniatss,
874 4265 906 4328 in
940 4255 1115 4328 statutis¹¹9
1144 4265 1239 4328 iuxta
1265 4263 1433 4329 domibusv
1461 4272 1604 4330 maneat.
1655 4264 1841 4351 Episcopus
1871 4273 1905 4329 et
1935 4286 2057 4346 comes,

435 4388 494 4454 per
515 4387 650 4452 quorum
679 4372 851 4432 transeunt
878 4365 1067 4444 terminum,
1101 4365 1276 4450 diligenter
1303 4366 1509 4452 provideant,
1542 4389 1583 4432 ne
1610 4368 1823 4433 molestentur
1850 4368 1978 4433 incolae
2001 4374 2058 4432 aut
2075 4385 2101 4425 ³⁵

435 4491 548 4536 sorum
563 4471 677 4536 domos
694 4489 752 4557 per
768 4471 832 4535 vim
847 4469 1021 4560 paciantur
1041 4467 1195 4534 invadere
1212 4468 1264 4534 vel
1286 4470 1417 4554 propria
1433 4468 1576 4556 diripere
1593 4470 1717 4556 absque
1735 4472 1864 4536 conlato
1881 4463 2058 4556 praecio¹⁰;

536 4675 562 4741 a)
580 4677 617 4727 ita
634 4676 744 4728 commit
762 4674 882 4726 Boratiua
900 4674 917 4726 l.
930 4690 968 4734 c.,·
994 4672 1136 4724 DCCCLV.
1154 4672 1228 4724 codd.
1246 4681 1269 4724 et
1291 4673 1330 4724 ed
1347 4675 1434 4740 princ.
1521 4672 1549 4742 b)
1567 4675 1651 4740 quarti
1669 4671 1695 4726 2.
1782 4675 1807 4738 c)
1825 4676 2014 4742 dispositionem
2034 4673 2058 4726 l.

433 4764 461 4826 d)
480 4779 528 4815 om.
547 4761 569 4813 l.
665 4764 690 4822 a)
709 4778 796 4814 ornnes
819 4761 859 4814 ed.
872 4761 959 4827 princ.
1056 4761 1082 4822 ll
1100 4760 1222 4811 creatoris
1238 4757 1264 4812 2.
1359 4759 1387 4826 g)
1405 4762 1613 4828 prodecessorum
1630 4760 1704 4811 codd.
1795 4761 1822 4824 b)
1846 4769 2016 4828 angustorum
2035 4761 2057 4812 l.

433 4847 453 4911 i)
473 4847 638 4914 privssegibus
654 4847 676 4898 1.
717 4841 783 4913 '⁶lr)
802 4848 929 4898 neminem
947 4846 1125 4896 molestantem
1143 4843 1166 4896 2.
1246 4845 1266 4911 l)
1285 4853 1428 4898 conventus
1445 4847 1485 4899 ed.
1498 4848 1584 4913 prino.
1662 4847 1698 4912 m)
1715 4856 1858 4914 gravmtur
1874 4848 2013 4900 aecclesias
2030 4845 2055 4898 2.

434 4933 462 4998 n)
481 4951 527 4984 nos
545 4931 569 4984 2.
647 4933 674 4996 o)
693 4951 741 4983 om.
758 4929 782 4982 2.
863 4931 890 4999 p)
908 4933 977 4984 iusto
994 4928 1018 4981 2.
1102 4929 1129 4995 q)
1148 4939 1284 4982 consecuto
1302 4929 1327 4982 2.
1406 4932 1428 4996 r)
1448 4933 1501 4983 ullo
1518 4930 1543 4982 2.
1622 4931 1644 4996 s)
1662 4933 1759 4984 aeterni
1776 4930 1800 4983 2.
1879 4937 1901 4998 t)
1918 4935 1956 4984 ita
1973 4921 2057 5000 coppi.
2075 4943 2101 4982 40

434 5019 524 5083 Perta,·
547 5037 595 5070 orn.
615 5019 688 5070 codd.
707 5027 730 5070 et
747 5019 787 5070 ed.
800 5019 886 5083 princ.
973 5017 1002 5082 u)
1021 5017 1070 5067 viis
1087 5017 1126 5067 vel
1143 5017 1205 5068 locis
1223 5018 1394 5083 apprensum
1411 5018 1518 5069 sedeur.
1607 5019 1634 5082 v)
1654 5019 1771 5070 dominus
1788 5017 1813 5070 2.

537 5203 564 5268 1)
584 5201 649 5270 Gap.
668 5202 736 5271 Pup.
754 5202 813 5270 850,
832 5217 918 5270 capra
931 5216 960 5268 p.
972 5200 1006 5254 86
1017 5215 1064 5268 aq,
1083 5213 1105 5253 c.
1120 5201 1194 5254 1-5.
1263 5202 1291 5266 2)
1312 5199 1367 5267 Osr.
1388 5201 1468 5270 Uapp.
1487 5203 1596 5270 epicop.
1614 5202 1760 5278 815-850,
1778 5218 1862 5276 urpru
1875 5217 1903 5269 p.
1916 5201 1959 5266 83,
1979 5215 2000 5254 c.
2015 5202 2056 5255 18.

432 5305 461 5372 3)
484 5303 549 5371 cap.
571 5305 634 5372 850,
661 5319 746 5372 supro
768 5320 798 5372 p.
816 5303 862 5371 84,
890 5319 912 5358 c.
930 5303 955 5357 2.
1059 5303 1088 5368 4)
1112 5300 1177 5370 Gap.
1198 5301 1267 5371 Pap.
1288 5303 1352 5371 850,
1379 5319 1467 5372 supro
1488 5321 1519 5374 p.
1536 5306 1580 5373 87,
1605 5321 1626 5360 c.
1643 5305 1705 5360 ss.'I.
1809 5307 1837 5370 5)
1866 5301 1972 5357 Ibidem
1991 5318 2011 5357 c.
2031 5305 2055 5358 5.

433 5407 460 5478 6)
480 5405 537 5473 Ost.
554 5407 634 5474 iufra
651 5407 711 5462 cl.
816 5407 844 5472 7)
864 5405 928 5474 Gap.
946 5405 1018 5460 mua.
1036 5405 1096 5472 832,
1114 5421 1199 5475 cupra
1213 5422 1243 5474 p.
1255 5407 1297 5474 64,
1313 5422 1334 5462 c.
1347 5408 1378 5475 8,·
1400 5407 1464 5476 Gap.
1482 5409 1552 5463 miss.
1568 5409 1698 5464 Worraot.
1716 5410 1776 5476 829,
1794 5424 1880 5476 supra
1893 5424 1922 5476 p.
1936 5407 1977 5476 14,
1995 5423 2018 5461 c.
2032 5408 2056 5462 1.

433 5511 461 5578 8)
480 5509 557 5564 Haec
578 5511 656 5564 rabo
676 5511 760 5580 plane
780 5511 852 5578 sulco
872 5509 1000 5564 iracilccit
1018 5506 1182 5576 Buldamus,
1204 5507 1266 5562 Das
1284 5509 1437 5564 Heonocsea
1458 5517 1539 5564 auter
1559 5511 1613 5565 den
1634 5515 1754 5580 sputereu
1772 5511 1952 5580 Karoiinpem
1970 5527 2000 5578 p.
2013 5510 2056 5569 75.
2073 5527 2099 5566 ss

436 5611 491 5680 Gsr.
507 5613 608 5681 Was'tr,
634 5612 693 5666 VG.
713 5613 782 5683 ΙΨ,
801 5629 831 5681 p.
843 5614 893 5668 011
906 5625 942 5680 aq
1047 5612 1075 5678 9)
1095 5610 1152 5678 Oti.
1171 5611 1329 5668 Admonitic
1346 5615 1492 5683 823-825,
1510 5621 1568 5671 rom.
1583 5615 1608 5683 Ι,
1622 5632 1651 5684 p.
1663 5617 1725 5683 306,
1742 5631 1765 5670 c.
1777 5616 1819 5670 19.
1926 5616 1969 5684 10)
1990 5613 2055 5682 cap.

433 5716 501 5786 Pap.
519 5717 580 5785 850,
596 5731 684 5786 supra
697 5734 729 5786 p.
740 5717 783 5785 87,
800 5732 821 5771 c.
833 5717 858 5771 4.
