4590 6428
413 443 454 502 54
673 437 944 494 ADDITAMDN'I'A
962 439 1011 494 AD
1029 437 1241 494 HLUDOWICI
1258 439 1308 494 PH
1326 439 1581 496 CAPITULARIA.
1599 471 1634 480 -
1652 441 1701 496 Nr.
1715 442 1773 498 197.

333 620 386 675 833
412 611 528 697 quibus
552 605 729 677 cartulam⁷
753 634 911 677 summam
934 619 1083 679 reatuum
1107 634 1250 694 suorum,
1274 612 1360 679 unde
1376 613 1468 678 illurn
1485 616 1673 702 specialiter
1686 616 1932 703 redarguerent,
1957 642 2033 685 con-

410 715 569 780 tinentem
593 717 624 781 ei
648 715 818 798 dederunt,
843 737 939 802 quam
962 717 1018 782 ille
1041 718 1073 781 in
1098 717 1246 781 manibus
1269 716 1431 802 gestabat.

521 825 548 885 1.
582 819 767 901 Videlicet,
799 820 882 886 sicut
908 822 941 885 in
971 818 1087 885 eadem
1114 820 1240 884 cartula
1267 820 1394 906 plenius
1422 821 1619 901 continetur,
1648 830 1774 887 reatum
1799 825 1961 910 sacrilegii
1983 827 2033 889 in-

410 920 568 987 currendo
592 929 625 987 et
647 922 823 1004 homicidii,
846 943 885 988 eo
909 923 997 1009 quod
1018 929 1188 1009 paternam
1210 914 1485 987 admonitionem8
1508 930 1541 988 et
1563 925 1743 990 terribilem
1759 929 2033 993 contestationem

410 1025 471 1091 sub
505 1025 616 1092 divina
650 1026 855 1092 invocatione
886 1033 962 1092 ante
996 1031 1142 1091 sanctum
1173 1026 1278 1090 altare
1309 1026 1342 1089 in
1370 1027 1557 1111 praesentia
1587 1028 1793 1104 sacerdotum
1827 1034 1860 1094 et
1890 1033 2034 1097 maxima
2063 1057 2074 1093 ,ι

409 1131 520 1217 populi
554 1130 761 1196 multitudine
798 1130 860 1196 sibi
894 1131 1015 1195 laetam
1051 1129 1229 1194 seeundum
1265 1149 1357 1194 suam
1390 1129 1644 1215 promissionem
1677 1152 1742 1197 non
1776 1136 2034 1209 conservaverit;

410 1254 451 1298 eo
475 1235 561 1319 quod
583 1235 739 1300 tratribus
768 1241 800 1298 et
827 1234 1016 1320 propinquis
1040 1234 1227 1298 violentiam
1251 1225 1416 1298 intulerit⁹
1439 1240 1471 1298 et
1494 1227 1683 1321 ιιοιιοτοιιι10
1706 1257 1815 1319 suurn,
1843 1258 1939 1322 quem
1963 1239 2034 1324 ipsc

407 1336 548 1402 liberare
572 1343 734 1424 potuerat,
757 1338 942 1403 interficere
966 1337 1167 1424 permiserit;
1195 1343 1228 1401 et
1251 1335 1336 1421 quod
1360 1337 1530 1402 immemor
1544 1338 1612 1402 voti
1636 1340 1687 1403 sui
1710 1333 1871 1425 οἱςιιιιιιι11
1899 1348 2033 1406 sanotae

408 1440 577 1524 religionis
600 1447 732 1527 propter
754 1440 930 1508 vindictam
954 1461 1034 1504 suae
1057 1439 1289 1524 indignationis
1313 1439 1385 1503 lieri
1407 1445 1523 1525 postea
1545 1441 1685 1506 iusserit.

515 1547 544 1611 2.
578 1543 674 1618 Quod
703 1550 816 1610 auctor
845 1544 991 1610 scandali
1018 1550 1051 1608 et
1078 1542 1285 1628 perturbator
1313 1542 1402 1628 pacis
1429 1565 1468 1608 ac
1492 1544 1630 1609 violator
1657 1551 1935 1611 sacramentorum
1959 1548 2031 1612 exi·
2051 1573 2076 1610 ιο

406 1646 522 1712 stando
549 1639 726 1734 pactum12,
760 1647 848 1733 quod
878 1653 1011 1734 proptor
1040 1666 1157 1733 paoem
1187 1652 1221 1709 et
1246 1645 1495 1710 unanimitatem
1525 1647 1655 1733 imperii
1686 1647 1912 1735 ecclesiaeque
1941 1655 2030 1714 tran-

406 1751 588 1835 quilitatem
620 1754 785 1818 communi
816 1752 953 1818 oonsilio
987 1758 1020 1816 ot
1050 1769 1210 1815 consensu
1245 1754 1434 1814 cunctorum
1468 1748 1613 1814 fidelium
1648 1771 1781 1815 suornm
1811 1752 1919 1817 fuerat
1947 1754 2032 1820 inter

405 1854 490 1919 lilios
520 1876 595 1921 suos
627 1857 750 1923 factum
781 1862 815 1922 et
841 1877 901 1943 per
929 1857 1170 1921 sacramentum
1198 1852 1439 1933 confirmatum,
1471 1863 1594 1938 nuper⁰
1621 1853 1735 1919 illicita
1766 1860 1929 1940 potestate
1958 1877 2030 1921 corn

405 1951 577 2043 ruperit¹³;
605 1966 638 2026 et
659 1961 693 2025 in
716 1980 771 2041 eo,
795 1959 882 2046 quod
904 1957 1018 2023 fideles
1041 1977 1118 2021 suos
1143 1957 1176 2020 in
1201 1956 1464 2021 contrarietatem
1489 1955 1635 2020 eiusdem
1658 1958 1753 2042 primi
1776 1959 1863 2043 pacti
1888 1963 1921 2022 et
1944 1960 2029 2024 inra-

404 2054 542 2127 ιιιοιι1114
570 2063 658 2129 aliud
687 2068 927 2129 sacramentum
954 2063 1061 2127 iurare
1090 2061 1299 2146 compulerit,
1330 2061 1361 2124 in
1390 2059 1522 2145 periurii
1547 2067 1674 2125 reatum
1698 2068 1935 2147 praestatorum
1959 2065 2029 2128 rio·
2049 2087 2072 2126 ιι

404 2166 525 2233 latione
549 2174 827 2234 sacramentorum
850 2166 1014 2232 inciderit:
1039 2171 1072 2230 et
1094 2169 1251 2251 quantum
1272 2164 1335 2228 hoo
1352 2162 1424 2228 Deo
1442 2161 1656 2248 displicuerit,
1676 2150 1801 2248 liquido
1818 2165 1931 2246 oleret,
1954 2167 2031 2251 quia

403 2276 520 2353 postea
542 2291 603 2336 neo
626 2271 697 2356 ipse
720 2292 782 2336 nec
804 2271 943 2357 populus
967 2267 1029 2334 sibi
1052 2268 1220 2334 subiectus
1243 2288 1359 2354 paoem
1382 2265 1503 2332 habere
1527 2267 1656 2347 meruit,
1680 2267 1737 2332 sed
1763 2288 1876 2334 omnes
1898 2269 1931 2332 in
1954 2290 2029 2355 per·

403 2372 623 2440 turbationem
646 2395 787 2462 poenam
811 2374 937 2460 peccati
961 2371 1153 2438 suefinendo
1177 2371 1263 2436 iusto
1286 2370 1349 2435 Dei
1373 2368 1491 2435 iudicio
1514 2375 1628 2456 postea
1651 2369 1774 2435 inducti
1798 2377 1882 2438 sunt.

511 2479 542 2542 3.
578 2477 663 2552 Quia
685 2484 799 2544 contra
821 2477 1030 2542 christianam
1054 2477 1248 2562 religionem
1272 2482 1306 2540 et
1329 2482 1443 2539 contra
1459 2480 1571 2539 votnm
1594 2495 1688 2538 suum
1711 2474 1782 2541 sine
1802 2475 1871 2540 ulla¹
1888 2477 2028 2543 utilitate

402 2579 535 2665 publica
567 2587 624 2647 aut
654 2589 745 2648 certa
774 2581 975 2648 necessitate
1008 2600 1184 2667 pravorum
1214 2580 1349 2644 oonsilio
1379 2579 1514 2644 delusus
1549 2579 1582 2642 in
1613 2577 1729 2643 diebus
1757 2577 2072 2668 quadragesimaero

403 2684 647 2769 expeditionem
678 2684 869 2770 generalem
897 2684 966 2750 fieri
998 2675 1132 2749 iussit15
1162 2689 1196 2749 et
1228 2684 1260 2748 in
1290 2683 1446 2748 extremis
1477 2681 1606 2768 imperii
1636 2681 1685 2747 sui
1712 2681 1832 2747 finibus
1861 2682 1894 2747 in
1926 2703 2030 2749 coena

400 2785 550 2868 Domini,
579 2789 709 2874 quando
736 2788 907 2875 paschalia
934 2792 1139 2854 sacramenta
1168 2788 1209 2852 ab
1238 2786 1390 2851 omnibus
1414 2786 1602 2851 christianis
1630 2786 1691 2851 rite
1723 2791 1799 2850 sunt
1822 2784 2029 2868 celebranda,

401 2891 558 2975 plaoitum
585 2893 740 2977 generale
771 2912 806 2956 se
831 2891 1017 2956 habiturum
1047 2885 1266 2966 constituit¹⁶;
1300 2893 1333 2956 in
1362 2912 1427 2977 qua
1453 2890 1681 2976 expeditione,
1713 2895 1869 2974 quantum
1897 2889 2029 2976 inipso

401 2993 477 3072 luit,
509 3001 543 3058 et
570 2995 728 3082 populum
758 2995 792 3059 in
820 3015 974 3080 magnam
996 2995 1287 3061 murmurationem
1308 2995 1469 3081 protraxit
1493 3001 1527 3060 et
1555 2993 1741 3060 sacerdotes
1763 2992 1896 3058 Domini
1920 3015 1939 3058 a
1962 2994 2029 3058 suis

401 3095 515 3160 officiis
540 3098 724 3161 contraius
748 3098 870 3162 amovit
892 3104 927 3162 et
948 3097 1148 3183 pauperibus
1171 3097 1399 3183 gravissimam
1422 3098 1671 3183 oppressionem
1693 3096 1860 3180 irrogarit.
2044 3117 2069 3157 οι

509 3202 539 3264 4.
574 3197 671 3272 Quod
694 3201 861 3264 nonnullis
885 3221 928 3265 ex
951 3201 1018 3265 suis
1042 3200 1209 3278 fidelibus,
1233 3201 1286 3286 qui
1310 3221 1369 3287 pro
1393 3200 1465 3265 sius
1489 3219 1686 3283 suorumque
1708 3199 1847 3264 filiorum
1869 3199 2028 3265 fidelitate

400 3307 434 3364 et
462 3301 640 3368 salvatione
670 3302 827 3387 regnique
856 3302 1001 3367 nutantis
1032 3305 1282 3390 recuperatione
1311 3304 1478 3369 humiliter
1506 3325 1580 3369 eum
1605 3303 1754 3368 adierant
1781 3309 1814 3368 et
1837 3303 1878 3368 do
1900 3303 2027 3369 insidiis

399 3405 603 3470 inimicorum
633 3405 694 3470 sibi
721 3407 927 3492 praeparatis
951 3412 1075 3472 certum
1099 3408 1323 3488 reddiderant,
1346 3409 1535 3474 violentiam
1559 3407 1720 3482 intulerit;
1751 3412 1784 3471 et
1807 3406 1894 3492 quod
1917 3412 2028 3472 oontm

400 3527 530 3572 omnem
551 3509 673 3594 legem,
699 3507 842 3574 divinam
866 3509 1016 3575 videlicet
1039 3517 1073 3575 et
1094 3511 1286 3592 humanam,
1316 3532 1374 3578 eos
1397 3517 1431 3578 et
1453 3510 1550 3577 rebus
1573 3511 1711 3597 propriis
1735 3511 1914 3597 privaverit
1937 3511 2026 3576 etin

400 3612 499 3676 exilio
520 3611 621 3679 tradis
641 3614 774 3679 iusserit
797 3619 894 3699 atquo
917 3614 1072 3680 absentes
1096 3616 1192 3680 morti
1215 3615 1392 3680 adiudicari
1408 3615 1524 3681 iecerit
1549 3619 1582 3679 et
1597 3612 1781 3678 iudicantes
1798 3613 1910 3698 procul
1928 3611 2026 3677 dubio
2044 3632 2070 3672 ιο

400 3713 440 3780 ad
470 3714 590 3780 falsum
619 3715 772 3782 iudicium
800 3716 982 3782 induxerit:
1015 3724 1048 3782 et
1076 3718 1300 3785 sacerdotibus
1324 3717 1455 3783 Domini
1483 3738 1521 3782 ao
1549 3716 1717 3781 monachis
1748 3721 1860 3781 contra
1882 3714 2026 3780 divinam

400 3825 432 3882 et
463 3819 652 3885 canonicam
682 3821 910 3886 auctoritatem
940 3821 1175 3906 praeiudicium
1205 3823 1363 3908 irrogarit
1395 3828 1428 3889 et
1458 3819 1612 3886 absentes
1642 3817 1807 3883 damnarit
1838 3825 1872 3882 et
1899 3819 1933 3883 in
1963 3819 2026 3884 hoc

399 3927 524 3987 reatum
553 3923 719 3988 homicidii
749 3923 945 3990 incurrendo
973 3923 1155 3990 divinarum
1184 3947 1243 3991 seu
1269 3926 1485 3991 humanarum
1512 3924 1623 4009 legum
1646 3921 1784 3987 violator
1815 3915 2025 3988 extitissetff.

508 4028 537 4088 5.
572 4025 624 4091 De
652 4026 789 4093 diversis
818 4028 1032 4094 sacramentis
1062 4028 1189 4114 sibique
1218 4030 1387 4094 contrariis
1417 4036 1515 4114 atque
1543 4025 1736 4112 perniciosis
1764 4024 1886 4088 sfiliis
1914 4023 1982 4089 sire
2005 4044 2026 4088 a

399 4126 535 4213 populo,
559 4149 598 4193 eo
621 4130 844 4217 praecipiente
869 4137 902 4197 et
928 4130 1161 4216 compellente,
1185 4131 1450 4197 irrationabiliter
1473 4151 1573 4216 saepe
1596 4127 1709 4208 factis,
1737 4148 1795 4213 pro
1818 4127 1936 4212 quibus
1959 4148 2024 4192 non
2042 4152 2066 4190 ιο

398 4229 557 4296 modicam
586 4233 620 4297 in
647 4235 767 4320 populo
795 4233 856 4298 sibi
883 4235 1057 4299 commisso
1084 4235 1214 4320 peceati
1241 4235 1402 4300 maculam
1425 4233 1570 4313 induxit,
1600 4236 1727 4297 reatum
1750 4231 1881 4316 periurii
1905 4230 2023 4295 nihilo-

397 4333 504 4399 minus
526 4336 715 4411 incurrisse;
747 4337 901 4423 quonium
922 4336 1005 4402 haec
1028 4338 1142 4424 procul
1165 4338 1264 4404 dubio
1288 4339 1321 4403 in
1345 4346 1529 4418 auctorem,
1561 4357 1621 4422 per
1644 4356 1741 4421 quem
1764 4334 1834 4398 fieri
1857 4334 2024 4420 compulsa

398 4444 487 4519 sunt,
510 4438 580 4505 iure
603 4447 842 4528 retorquentur.
888 4440 955 4506 Sed
977 4441 1010 4505 in
1033 4433 1241 4507 mulierum18
1265 4443 1473 4528 purgatione,
1501 4441 1534 4505 in
1557 4439 1687 4503 iniustis
1711 4435 1852 4518 iudiciis,
1875 4438 1908 4502 in
1930 4437 2023 4503 falsis

499 4627 524 4697 e)
542 4647 620 4698 super
638 4628 717 4683 Sirra.
805 4631 825 4695 1)
843 4631 880 4684 ito
898 4630 992 4694 Sirm.,·
1014 4634 1082 4685 trudi
1099 4650 1166 4686 corr.
1187 4634 1271 4698 Perta,
1285 4635 1403 4700 sortasse
1421 4642 1494 4688 recte.

500 4799 527 4868 7)
545 4798 691 4869 Dcpcrdita
709 4804 750 4853 cat.
855 4801 883 4868 8)
902 4801 987 4855 Amo
1001 4801 1068 4868 813,·
1094 4801 1214 4870 Reperti
1231 4801 1286 4856 otto
1301 4800 1459 4856 ΗῑιιοίοιοίιοΙ
1476 4817 1497 4855 e.
1513 4802 1538 4870 6,
1557 4798 1607 4854 88.
1625 4799 1672 4867 ΙΙ,
1687 4816 1716 4868 p.
1728 4799 1788 4856 591.
1893 4798 1920 4865 9)
1939 4798 2023 4852 Amro
2040 4813 2066 4852 ιο

395 4902 581 4957 81581818.
608 4902 752 4971 fratrebus,
780 4904 927 4973 armona,
954 4905 1117 4974 propinquis
1140 4905 1229 4960 brutis
1255 4906 1287 4959 ta
1311 4905 1473 4960 monedeira
1495 4903 1597 4972 muas,
1627 4901 1720 4956 abidon
1741 4918 1762 4956 c.
1777 4901 1825 4970 24,
1848 4902 1865 4957 l.
1883 4917 1904 4956 c.
1919 4902 2021 4971 poso.

397 5007 440 5073 10)
459 5003 656 5073 Bendurdum,
676 5005 790 5074 Ptppim'
808 5006 905 5062 Italica
920 5007 988 5078 repis
1004 5007 1098 5076 filiam,
1116 5024 1192 5062 muso
1209 5009 1261 5063 818
1267 5027 1276 5076 ,·
1297 5007 1393 5062 ebidem
1410 5023 1431 5064 o.
1443 5007 1485 5076 22,
1504 5009 1521 5063 1.
1535 5023 1556 5062 ο.
1663 5008 1706 5074 11)
1727 5004 1800 5074 Quid
1816 5003 1865 5058 boc
1881 5004 2023 5072 opprobrio

394 5113 532 5178 apcmetro,
556 5108 692 5163 incestum.
796 5110 840 5180 12)
864 5109 1005 5166 mammio
1021 5111 1126 5180 imperit
1142 5129 1168 5167 a.
1180 5112 1240 5180 811,
1259 5117 1319 5166 tom.
1337 5110 1366 5180 I,
1385 5127 1414 5180 p.
1431 5112 1490 5166 270.
1597 5111 1640 5178 18)
1661 5109 1829 5164 Ammona
1847 5107 1949 5162 Karolo
1964 5106 2021 5174 filio

394 5227 469 5266 amco
484 5211 543 5267 829.
561 5226 696 5278 οοιιοοοοα,
720 5209 847 5266 auam
864 5228 939 5267 uano
955 5213 1015 5269 832.
1031 5213 1119 5280 soom,⁸
1148 5211 1228 5282 Thea.
1251 5212 1306 5266 vita
1325 5211 1415 5268 Hac
1432 5229 1453 5267 o.
1466 5213 1514 5280 35,
1538 5211 1585 5267 88.
1603 5212 1643 5281 Π,
1658 5230 1688 5282 p.
1703 5213 1765 5279 591,·
1792 5209 1917 5265 Nerea
1935 5209 2020 5278 trial,

392 5315 450 5382 ct,
468 5313 485 5369 1.
502 5329 524 5371 c.
538 5330 569 5384 p.
582 5314 648 5381 652‚·
671 5313 733 5369 Veto
750 5313 840 5370 lerd.
858 5315 934 5384 all,
953 5315 970 5372 1.
987 5331 1008 5370 o.
1022 5331 1051 5384 p.
1064 5316 1128 5380 635,·
1154 5315 1241 5370 Dim.
1255 5313 1334 5383 8818,
1358 5332 1444 5386 supro
1457 5332 1486 5384 p.
1504 5318 1546 5373 21.
1652 5316 1696 5386 14)
1714 5313 1854 5369 Dirrlrardr'
1875 5329 1941 5369 orm.
1959 5313 2020 5381 821,
2039 5332 2064 5372 cr

394 5417 484 5487 881,
511 5427 543 5487 p.
558 5416 619 5472 207.
730 5419 773 5486 15)
799 5419 883 5474 Amso
899 5419 966 5487 830;
996 5435 1063 5473 arm.
1082 5420 1155 5473 Boot.
1177 5417 1216 5473 ed,
1238 5418 1338 5488 Woitr,
1358 5437 1388 5488 p.
1406 5421 1430 5474 2.
1540 5422 1583 5488 16)
1611 5418 1712 5474 Eodon
1733 5433 1809 5473 uano
1831 5416 1868 5471 od
1890 5416 2021 5487 oppidum

394 5522 561 5579 Redooicam
578 5523 610 5576 tn
621 5523 787 5592 Britomaa3
809 5541 874 5578 aaa.
887 5525 962 5579 Mor.
981 5523 1032 5579 88.
1052 5524 1075 5593 I,
1090 5540 1117 5593 p.
1131 5525 1190 5580 888.
1262 5525 1305 5592 17)
1326 5523 1379 5579 Rea
1395 5525 1476 5579 initio
1493 5524 1563 5578 aaut
1574 5524 1634 5578 831.
1651 5523 1682 5576 a
1695 5523 1795 5590 placito
1807 5522 2021 5591 chiapramaai

390 5631 478 5696 pratae
499 5625 615 5695 spreturi
632 5623 768 5694 aarum
794 5627 843 5693 cfr.
863 5625 1172 5681 Bolum-Mdlrlbrrobcr
1188 5641 1231 5679 ar.
1247 5625 1330 5681 sota.
1436 5628 1479 5696 18)
1499 5624 1648 5682 Mulieris?
1675 5625 1751 5679 Ana.
1769 5623 1845 5678 Bert.
1864 5622 1901 5677 od
1917 5641 1942 5676 a.
1960 5623 2019 5690 831,

392 5731 409 5786 1.
418 5747 440 5787 e.
449 5748 480 5801 p.
489 5731 519 5784 3:
536 5728 695 5800 purificavit
704 5746 733 5785 se
743 5731 846 5786 domna
855 5731 1018 5802 imperatrix
1029 5732 1180 5787 seeundum
1189 5730 1326 5786 indicium
1336 5730 1504 5788 Franoomm
1515 5731 1550 5786 de
1560 5728 1688 5786 omnibus
1697 5726 1800 5796 quibua
1809 5729 1941 5782 accusata
1950 5729 2019 5780 orat.
