4560 6426
418 420 663 476 cucurutium
682 421 809 478 REGUM
830 424 1012 480 uitauerat}
1031 427 1296 484 oooruuurntrs
1315 428 1464 492 (uultum
1479 429 1523 496 ll).
1543 461 1574 468 -
1595 429 1642 484 Nr.
1655 429 1714 483 ais.
1815 433 1876 494 343

255 611 362 674 Anne
396 611 678 678 incarnationis
710 614 922 682 dominicae
957 617 1238 699 DCOOLXXIII,
1278 622 1402 705 regni
1436 641 1527 685 vcro
1560 622 1697 685 domni
1731 619 1952 686 Karolitia.

254 713 414 794 XXXIII,
442 717 711 800 indictioch,
729 721 824 786 haec
842 724 1030 809 capitula,
1047 745 1144 808 quae
1163 733 1393 809 sequuntur,
1410 723 1454 788 ab
1472 724 1606 788 eedem
1624 747 1710 809 rege
1728 731 1879 788 statuta

255 824 347 882 sunt
381 821 418 884 in
453 820 609 906 placito
643 825 830 908 generali
866 827 965 912 apud
1002 827 1251 892 Curisiacum
1282 829 1457 892 omnium
1492 849 1576 892 cum
1604 829 1807 894 voluntate
1842 835 1879 893 et

255 944 445 989 consensu
480 934 522 992 ot
546 950 564 990 a
590 930 780 1012 praefato
816 951 912 1016 rege
941 939 979 995 et
1007 930 1053 995 ab
1085 931 1285 1011 omnibus,
1321 933 1386 1016 qui
1421 939 1668 1017 praesentes
1697 935 1878 1012 fuerunt,

224 1042 236 1079 ⁵
927 1035 1194 1099 confirmata.

367 1169 445 1254 Cap.
465 1175 489 1233 1.
530 1124 775 1241 (intentasse
800 1179 859 1252 est,
884 1179 929 1252 ut,
953 1171 1038 1258 qued
1063 1172 1380 1252 malc⁸reincrescit
1404 1173 1521 1237 iterum
1540 1175 1711 1252 recidatur,
1735 1173 1775 1238 de
1800 1196 1876 1238 cen-

255 1272 472 1337 stitutionibus
496 1281 740 1339 antecessorum
766 1271 948 1340 nestrorum
974 1282 1007 1340 et
1030 1276 1167 1354 nostris,
1199 1295 1281 1359 quae
1311 1275 1341 1338 in
1372 1276 1498 1339 illorum
1528 1285 1560 1340 et
1584 1277 1703 1340 nestris
1728 1277 1878 1362 capitulis

254 1377 448 1441 constitutae
482 1386 574 1458 sunt,
610 1379 649 1442 ad
675 1379 853 1445 resecanda
883 1381 984 1458 mala,
1021 1399 1104 1465 qnae
1129 1379 1316 1465 specialiter
1338 1380 1455 1442 iterum
1478 1387 1682 1464 remergunt,
1713 1379 1880 1443 missiset

255 1481 423 1545 comitibus
447 1484 723 1549 nostrisfirmiter
747 1483 941 1569 exequenda
965 1485 1188 1570 proponimus:
1213 1483 1243 1548 id
1269 1490 1327 1558 ast,
1354 1475 1413 1556 etl,
1438 1493 1550 1562 quando
1573 1491 1650 1546 inieci
1675 1485 1725 1548 vel
1744 1485 1877 1548 comites

216 1605 240 1642 ιο
259 1594 348 1648 nostri
370 1585 509 1650 latronem
533 1587 584 1651 vel
609 1587 749 1672 aliquem
775 1588 1017 1652 malefactorem
1034 1589 1084 1652 vcl
1110 1586 1274 1651 infidelem
1298 1596 1443 1650 nostrum
1469 1595 1683 1662 forbannierint,
1707 1595 1760 1651 hoo
1785 1588 1877 1651 nobis

255 1687 287 1750 in
317 1696 427 1752 nostro
457 1691 580 1776 palatie
610 1705 639 1755 et
667 1701 730 1755 aliia
754 1701 846 1756 missia
874 1705 903 1756 et
926 1701 1075 1756 comitibus
1106 1701 1177 1756 scire
1207 1699 1321 1766 faciant,
1351 1698 1402 1768 ut,
1438 1691 1463 1754 si
1500 1691 1540 1754 ad
1575 1698 1718 1756 nostram
1753 1699 1877 1772 curtem

255 1792 389 1870 venerit,
413 1793 488 1858 inde
512 1793 680 1874 faciamus,
705 1795 790 1882 quod
807 1804 952 1858 nostrum
978 1801 1035 1860 est.
1081 1803 1118 1858 ut
1141 1804 1164 1857 si
1187 1804 1221 1859 de
1245 1821 1300 1859 uno
1324 1803 1466 1858 missatico
1484 1794 1535 1858 vol
1560 1795 1714 1859 comitatu
1739 1803 1767 1857 in
1791 1803 1877 1858 alitam

255 1895 455 1960 missaticum
486 1897 538 1962 vel
567 1899 754 1962 comitatum
783 1889 916 1978 fugent‘2,
935 1909 1046 1963 ‘missus
1076 1900 1125 1962 vel
1155 1921 1278 1978 comeo,
1307 1908 1336 1962 in
1367 1899 1445 1962 cuius
1473 1906 1647 1963 missaticum
1677 1907 1795 1979 fugerIt,
1819 1920 1878 1984 per

254 1997 462 2065 fideiussores
479 2011 662 2082 constringat,
687 2016 726 2078 ut,
744 2012 813 2067 velit
828 2011 908 2078 nolit,
925 2002 1001 2066 illue
1017 2011 1145 2067 reveniat
1160 2015 1190 2067 et
1204 2011 1245 2066 ibi
1261 2013 1365 2067 malum
1381 2013 1519 2079 emendet,
1544 2013 1591 2067 obi
1607 2011 1677 2067 illud
1692 2012 1876 2083 perpetravit.

212 2116 236 2154 1⁵
254 2102 298 2167 ut
321 2104 349 2167 si
372 2103 580 2170 fideiussores
604 2127 667 2170 non
692 2105 852 2182 habuerit,
878 2108 938 2172 sub
963 2106 1109 2171 custodia
1132 2108 1224 2171 illum
1247 2106 1382 2186 babeat,
1407 2108 1509 2172 denec
1534 2108 1575 2172 ad
1599 2109 1690 2172 illum
1714 2107 1876 2184 comitem,

255 2210 287 2271 in
310 2209 400 2272 cuius
425 2210 578 2274 comitatu
603 2210 808 2274 forbannitus
838 2212 951 2290 fucrit,
982 2211 1073 2273 illum
1101 2211 1249 2276 revenire
1278 2212 1386 2277 faciat.
1437 2211 1481 2274 Et
1509 2213 1535 2274 si
1567 2211 1694 2276 alodem
1725 2211 1877 2276 habuerit

254 2312 306 2376 rel
331 2313 362 2376 in
388 2313 443 2377 illo
467 2315 635 2394 comitatu,
668 2315 753 2379 unde
777 2315 874 2398 fbgit,
906 2314 957 2378 vel
982 2315 1013 2377 in
1037 2314 1093 2377 illo
1118 2315 1288 2392 comitatu,
1320 2313 1360 2378 ad
1389 2336 1484 2400 qoem
1509 2315 1609 2399 l'ugit,
1639 2335 1746 2378 comes
1771 2315 1874 2400 ipsum

254 2414 379 2479 alodem
403 2418 435 2481 in
452 2418 565 2482 fiscum
585 2419 730 2504 recipiat.
776 2409 836 2482 llt3
860 2426 919 2498 qui
942 2427 1047 2481 talem
1071 2427 1309 2482 forbannitum
1334 2427 1530 2496 reccpcrIt,
1555 2427 1706 2482 secondum
1722 2428 1797 2497 qnod
1813 2447 1875 2482 con-

254 2522 384 2576 stitutum
408 2527 451 2578 est
474 2522 502 2577 in
526 2523 728 2594 capitularibus
751 2522 797 2578 avi
820 2526 850 2578 et
865 2522 954 2592 patris
977 2522 1067 2577 nostri
1089 2521 1119 2576 in
1142 2521 1214 2576 libro
1237 2523 1331 2588 tertio,
1356 2505 1406 2576 ‘si⁴
1431 2523 1553 2577 l'rancus
1576 2526 1627 2588 est,
1652 2541 1714 2578 cum
1730 2523 1875 2578 duodecim

211 2616 236 2655 ²⁰
254 2609 392 2664 similibus
417 2611 529 2666 l'rancis
552 2611 635 2678 iuret,
658 2611 733 2679 quod
749 2611 840 2681 ipsum
857 2611 996 2664 latronem
1012 2600 1063 2664 vel
1086 2600 1307 2664 forbannitum
1331 2627 1403 2664 esse
1427 2609 1606 2674 coemisset,
1630 2609 1697 2664 licet
1712 2613 1794 2680 pater
1816 2609 1876 2664 eius

254 2696 292 2750 alt
313 2699 363 2752 aut
386 2697 473 2752 frater
495 2701 545 2754 aut
567 2699 749 2769 propinquus.
799 2697 828 2752 Si
855 2697 908 2751 hoc
936 2695 1029 2751 iurare
1056 2713 1127 2750 non
1139 2695 1266 2766 potuerit
1293 2696 1346 2752 vel
1373 2695 1408 2750 ab
1437 2695 1493 2751 alio
1517 2696 1661 2750 convietus
1685 2696 1777 2762 fuerit,
1801 2697 1877 2766 quot

253 2784 392 2838 latronem
427 2776 478 2840 vel
514 2778 755 2840 malefactorem
790 2783 845 2839 aut
877 2773 1039 2838 infidelem
1072 2783 1215 2838 uestrum
1246 2775 1463 2839 forbannitum
1494 2783 1524 2838 in
1551 2782 1675 2852 hospitio
1699 2783 1875 2854 suscepisset,

256 2871 430 2956 sicutipse
455 2870 655 2936 forbannitus
679 2885 709 2936 et
733 2878 767 2936 ut
790 2879 910 2935 infidelis
933 2878 1088 2934 iudicetur.⁸

363 2994 391 3054 2.
427 2992 472 3055 Ut
495 2993 630 3058 comites
660 3000 694 3056 et
725 2993 813 3056 missi
838 2989 939 3054 nostri
963 2989 1140 3052 maximam
1164 3009 1274 3052 curam
1299 2988 1489 3067 adhibeant,
1513 2991 1664 3074 quatinus
1689 2990 1721 3053 in
1744 2991 1874 3054 illerum

211 3112 235 3152 at
255 3094 461 3160 comitatibus
485 3106 518 3160 et
541 3097 714 3161 missaticis
738 3095 877 3182 populus
902 3095 1058 3158 iustitiam
1083 3103 1116 3156 ct
1139 3115 1252 3179 paoem
1278 3093 1408 3170 habeat,
1434 3093 1529 3158 etde
1554 3094 1737 3162 latronibus
1762 3102 1873 3158 extur-

254 3200 370 3265 bandis
406 3201 581 3265 maximum
617 3207 784 3266 certamen
817 3200 971 3264 babeant.
1006 3197 1074 3274 ,ut
1109 3198 1135 3261 si
1170 3198 1245 3260 talis
1279 3199 1471 3262 malefactor
1506 3205 1562 3262 aut
1591 3197 1730 3263 infidelis
1767 3203 1877 3263 noster

255 3305 433 3384 emerserit,
458 3311 493 3368 ut
510 3326 569 3390 per
593 3327 628 3369 se
643 3305 734 3369 illum
750 3303 1027 3390 comprehendere
1046 3323 1155 3368 comes
1179 3303 1212 3366 in
1235 3324 1295 3366 suo
1312 3302 1467 3366 comitatu
1491 3325 1554 3368 non
1577 3304 1690 3389 possit,
1713 3295 1877 3389 accipiam

255 3407 401 3473 homines
425 3414 648 3492 tam-nostros,
673 3429 769 3494 qoam
786 3409 1012 3493 episcoporum
1030 3406 1082 3470 vel
1099 3405 1253 3470 abbatum
1278 3413 1311 3470 et
1326 3405 1565 3471 abbatissarum
1589 3408 1621 3470 io
1646 3428 1703 3470 suo
1722 3407 1876 3470 comitatu

254 3519 508 3590 commanentes,
533 3513 635 3575 etsie
659 3512 750 3577 illum
774 3517 998 3596 persequatur,
1022 3509 1127 3574 donec
1144 3508 1408 3595 comprehendat.
1454 3508 1498 3574 Et
1521 3512 1575 3596 qui
1599 3510 1640 3575 ad
1657 3510 1757 3575 talem
1773 3511 1874 3574 malo-

211 3625 236 3664 ³⁰
254 3615 410 3686 factorem
445 3614 669 3700 accipiendum
704 3622 840 3679 vocatus
874 3613 972 3678 fuerit
994 3605 1049 3676 et6
1076 3639 1105 3676 se
1134 3622 1199 3676 inde
1229 3622 1395 3689 retraxerit,
1425 3627 1457 3680 ot
1485 3624 1597 3678 adhoc
1625 3623 1796 3678 adiutorium
1820 3643 1877 3679 non

254 3723 392 3790 praestet,
422 3721 445 3774 si
473 3721 546 3776 liber
572 3722 656 3776 homo
684 3719 782 3786 fuerit,
810 3719 934 3773 bannum
961 3717 1132 3772 dominicum
1160 3721 1325 3787 componam
1355 3722 1385 3773 et
1413 3719 1437 3773 si
1466 3720 1581 3774 colonus
1607 3718 1704 3784 fuerit,
1729 3719 1877 3790 sexaginta

254 3807 326 3861 ictos
349 3808 479 3877 accipiat.
523 3807 606 3862 Etsi
630 3799 704 3878 talis
727 3798 920 3860 malefactor
942 3796 974 3858 in
999 3795 1055 3858 illa
1078 3795 1308 3880 persecutione
1334 3805 1440 3860 occisus
1464 3805 1557 3872 fucrit,
1581 3805 1629 3875 qui
1653 3824 1716 3860 eum
1734 3805 1875 3870 occiderit,

255 3893 363 3949 leudem
388 3894 452 3949 inde
476 3914 533 3949 nen
556 3895 662 3960 solvat,
694 3897 723 3949 et
746 3893 838 3947 nullus
861 3891 904 3945 illi
927 3891 991 3945 inde
1015 3890 1119 3944 faidam
1142 3893 1255 3960 portare
1278 3896 1453 3961 praesumam
1487 3892 1587 3961 quodsi
1603 3891 1666 3961 quis
1682 3892 1773 3947 facere
1797 3911 1875 3963 prac-

256 3981 414 4051 sumpserit‚
438 3999 488 4052 per
511 3985 602 4037 certos
625 3981 800 4036 fideiussores
824 3979 859 4034 ad
883 3982 1038 4033 nostram
1061 3977 1251 4047 praesentiam
1273 3979 1450 4048 perducatur.

215 4106 238 4146 ³⁵
304 4097 305 4100 ’
367 4097 396 4158 3.
430 4094 481 4158 De
505 4094 567 4158 illis
592 4094 700 4157 liberis
723 4091 924 4170 hominibus,
953 4090 1009 4176 qui
1032 4090 1169 4155 infames
1199 4089 1250 4154 vel
1280 4090 1450 4155 clamodici
1479 4096 1554 4155 sunt
1583 4089 1623 4154 de
1654 4083 1800 4154 testeus?
1825 4091 1875 4154 vel

256 4197 434 4262 latrociniis
459 4203 491 4262 et
515 4196 749 4283 rapacitatibus
780 4203 812 4260 et
836 4195 1003 4259 assalturis
1033 4194 1085 4258 rel
1114 4193 1154 4257 de
1183 4193 1373 4259 infidelitate
1403 4200 1515 4259 nostra
1547 4201 1579 4258 et
1604 4214 1677 4257 com
1700 4193 1787 4257 furto
1812 4215 1876 4258 non

257 4301 590 4386 comprehenduntur,
619 4301 645 4363 si
671 4301 717 4364 eis
742 4299 805 4363 iam
829 4300 896 4362 vita
918 4297 1097 4383 perdonata
1121 4304 1171 4362 est
1194 4304 1327 4383 prepter
1349 4299 1478 4382 aliquod
1503 4291 1725 4370 malefactum,
1755 4297 1812 4361 list
1835 4298 1875 4363 de

255 4404 348 4482 iuis,
367 4405 450 4469 sicut
474 4405 505 4468 in
529 4403 697 4491 capitulari
720 4404 775 4476 avi
795 4408 828 4467 et
851 4403 952 4487 patris
975 4402 1076 4466 nostri
1097 4401 1280 4466 continetur
1302 4403 1335 4464 in
1360 4401 1441 4464 libro
1466 4401 1529 4482 III,
1554 4402 1694 4487 capitolo
1712 4395 1876 4474 XLVII&

256 4509 340 4573 etsi
363 4509 428 4573 iam
452 4509 492 4573 de
510 4508 678 4572 latrocinio
699 4507 814 4585 revicti
838 4511 922 4585 sunt,
946 4505 1003 4569 liat
1026 4505 1067 4569 de
1090 4504 1164 4585 illis,
1189 4505 1272 4568 sicut
1294 4503 1334 4569 de
1352 4505 1493 4571 revictis.
1540 4505 1574 4569 ei
1597 4508 1706 4569 autem
1731 4505 1794 4568 illis
1819 4503 1875 4568 ad-

212 4625 238 4664 ⁴0
255 4613 318 4676 lmc
341 4614 407 4676 vita
422 4603 603 4699 perdonata
627 4633 690 4676 non
713 4611 773 4676 fuit
796 4619 829 4677 et
845 4610 958 4676 revicti
981 4630 1046 4673 non
1070 4615 1145 4672 sunt
1168 4615 1201 4672 et
1224 4630 1276 4673 res
1301 4613 1334 4673 et
1349 4608 1511 4694 mancipia
1526 4609 1579 4674 vel
1602 4607 1720 4673 mobile
1744 4608 1876 4684 babent,

255 4717 311 4780 fiat
340 4717 379 4781 dc
408 4717 488 4794 illis,
518 4717 601 4780 sicut
624 4715 657 4779 in
681 4721 795 4801 quarto
828 4715 910 4779 libre
944 4713 1174 4800 capitulorum,
1207 4713 1361 4798 capitulo¹
1380 4713 1528 4778 XXIX.b
1558 4705 1702 4790 diciturl,
1733 4735 1805 4777 cum
1836 4713 1876 4778 ad

257 4823 389 4885 mallum
413 4821 538 4885 comitis
563 4821 719 4884 verrerint.
767 4821 801 4884 si
825 4827 934 4884 autem
959 4818 999 4883 ad
1022 4817 1156 4882 mallum
1181 4838 1244 4881 non
1268 4818 1430 4894 venerint,
1457 4818 1660 4896 banniantur,
1684 4825 1717 4883 et
1742 4840 1800 4904 per
1824 4840 1875 4882 res

257 4933 290 4990 et
313 4925 476 5011 mancipia
500 4924 572 4989 vel⁰
597 4923 734 4988 mobilc⁰
756 4923 1008 5008 distringantur,
1032 4927 1068 4987 ut
1091 4921 1235 4986 veniant.
1281 4921 1316 4986 Si
1339 4928 1448 4988 autem
1475 4943 1539 4987 non
1564 4922 1725 5000 venerint,
1756 4923 1813 4986 fiat
1836 4922 1876 4986 de

358 5179 382 5242 a)
400 5179 484 5230 malso
502 5179 538 5258 rei
557 5177 676 5229 increscit
696 5174 718 5228 l.
807 5175 833 5240 b)
853 5175 889 5225 ito
908 5174 981 5226 codd.
999 5192 1049 5240 pro
1068 5174 1173 5224 XXVII.
1256 5149 1286 5238 c)
1305 5188 1352 5224 ont.
1373 5169 1395 5221 l.

212 5419 237 5458 ⁴³
362 5411 388 5478 1)
412 5407 476 5477 Cap.
498 5407 592 5462 Siltara
606 5409 669 5473 853,
693 5422 777 5475 aspra
795 5424 825 5475 p.
841 5405 905 5470 273,
929 5420 951 5458 c.
964 5404 986 5457 7.
1074 5405 1102 5472 2)
1121 5402 1180 5457 Hoc
1200 5403 1255 5456 loco
1279 5399 1309 5454 in
1331 5417 1352 5454 c.
1365 5398 1449 5460 rjais.
1470 5397 1546 5452 aerbo
1564 5397 1695 5466 quomam
1713 5399 1876 5454 immunior.

255 5516 283 5575 at
302 5513 373 5569 itio.
391 5513 450 5568 ati.
531 5512 560 5582 4)
579 5512 674 5580 ΑΜ.
688 5511 743 5579 ΠΙ,
761 5527 783 5565 o.
795 5512 837 5576 ⁸23,
854 5509 951 5576 toml,
966 5525 995 5577 p.
1007 5507 1067 5562 4‘28.
1155 5509 1181 5572 5)
1202 5507 1258 5573 Csr.
1278 5507 1419 5570 Bruauor,
1438 5501 1561 5568 ΜΠ,
1575 5503 1677 5570 naas.
1763 5505 1790 5570 o)
1812 5503 1877 5572 Cap

255 5615 423 5685 sanasse,
441 5632 525 5686 sopra
542 5617 639 5684 pata,
658 5631 680 5670 o.
694 5617 718 5670 5.
814 5613 840 5678 7)
861 5611 918 5678 Osr.
936 5611 997 5666 ibid.
1012 5611 1116 5682 pall,
1134 5613 1244 5668 notes.
1335 5611 1362 5678 8)
1379 5607 1473 5678 Ameq.
1486 5605 1547 5675 111,
1565 5607 1640 5676 cll,
1663 5609 1724 5660 tom.
1738 5607 1761 5675 1,
1776 5623 1804 5675 p.
1817 5607 1878 5666 430.

256 5718 752 5790 litamen.1lf,c.al,tc.p.440.
1272 5739 1276 5748 ·
