4590 6420
426 445 488 508 362
593 441 839 530 cartusianus
859 441 985 495 REGUM
1005 441 1188 496 eaenulas
1206 439 1466 495 occlnnnuams
1485 437 1632 506 (usuum
1647 438 1692 506 II).
1713 469 1743 478 —
1762 439 1811 493 Nr.
1823 439 1882 493 282.

346 624 404 677 877.
425 615 584 702 quaedam
607 615 751 702 capitula
774 621 931 701 excerpta
946 615 1099 697 habebat,
1124 637 1208 701 quac
1231 616 1263 680 in
1288 615 1416 680 illorum
1434 614 1577 678 omnium
1592 614 1741 678 notitiam
1759 613 1887 679 recitari
1903 613 2045 679 volebat.

422 719 467 783 Et
488 726 566 784 tunc
589 719 684 784 iussit
708 717 912 784 Gaualsuum
936 720 1177 798 cancellarium,
1201 726 1237 783 ut
1259 719 1340 782 haec
1364 718 1535 802 sequentia
1559 719 1702 803 capitula
1724 718 1757 781 iu
1780 718 1936 803 populum
1961 718 2043 782 reci·

424 829 517 888 taret.
561 821 605 886 Iu
627 821 726 887 codice
747 842 818 886 uero
839 821 946 889 Paria.
964 826 1062 900 4761,
1085 825 1140 905 qui
1162 824 1275 887 omittit
1296 843 1321 888 c.
1338 827 1367 886 3.
1392 828 1426 900 4,
1443 823 1623 903 praemissa
1644 825 1753 886 eruut:
1787 820 1880 886 Haec
1903 821 2046 908 capitula

421 925 498 990 feeit
520 924 657 990 domnus
681 923 823 990 Karolus
845 926 1025 1012 imperator
1048 935 1082 991 et
1105 926 1289 991 adnuntiari
1313 924 1409 990 iussit
1431 926 1608 991 novissime
1631 924 1719 1012 apud
1742 924 1953 990 Curisiacum.

1548 1028 1604 1110 (B.
1620 1028 1669 1106 II,
1693 1031 1771 1106 267;
1794 1026 1832 1094 P.
1849 1031 1937 1104 ιιι.)
2076 1043 2089 1082 ⁶

530 1254 610 1340 Cap.
630 1259 656 1320 l.
691 1207 768 1318 De1
792 1266 898 1320 honore
922 1269 951 1318 et
974 1265 1050 1319 cultu
1074 1264 1127 1318 Dei
1150 1267 1235 1334 atque
1265 1267 1425 1318 sanctarum
1449 1263 1644 1328 ecclesiarum,
1672 1281 1744 1331 quae
1774 1265 1888 1318 auctore
1911 1263 1970 1318 Deo
1993 1264 2045 1318 sub

421 1351 529 1406 ditione
553 1353 582 1405 et
604 1350 727 1406 tuitione
750 1351 895 1422 regiminis
918 1351 1008 1406 nostri
1039 1351 1213 1416 consistunt,
1237 1351 1357 1406 Domino
1380 1350 1524 1406 mediante
1547 1349 1735 1416 decernimus,
1759 1352 1798 1416 ut,
1823 1349 1896 1404 sicut
1918 1353 2044 1422 tempore

421 1438 521 1494 beatae
544 1438 748 1493 recordationis
771 1438 868 1494 domni
890 1441 919 1494 et
941 1438 1078 1508 genitoris
1102 1438 1192 1493 nostri
1214 1438 1342 1494 excultae
1366 1441 1395 1492 et
1417 1438 1573 1492 honoratae
1596 1440 1682 1506 atque
1705 1436 1787 1492 rebus
1810 1436 1964 1508 ampliatae
1987 1439 2044 1493 fue·

420 1528 495 1591 runt,
520 1527 549 1580 et
571 1542 644 1594 quae
667 1543 685 1579 a
706 1529 805 1580 nostra
827 1525 999 1580 liberalitate
1022 1526 1178 1581 honoratae
1201 1529 1287 1594 atque
1310 1524 1419 1580 ditatae
1443 1527 1523 1590 sunt,
1553 1524 1587 1579 de
1620 1527 1713 1579 cetero
1738 1522 1789 1576 sub
1811 1523 1978 1594 integritate
2001 1525 2044 1580 sui

421 1615 581 1676 serventur;
610 1615 639 1666 et
662 1612 821 1668 sacerdotes
849 1615 935 1681 atque
959 1612 1032 1667 servi
1055 1613 1107 1667 Dei
1131 1612 1256 1683 vigorem
1280 1611 1501 1668 ecclesiasticum
1524 1614 1554 1666 et
1575 1611 1672 1666 debita
1694 1610 1843 1681 privilegia
1865 1610 1946 1666 iuxta
1968 1629 2043 1667 reve·
2064 1619 2088 1659 ιι

420 1699 536 1756 rendam
558 1700 759 1754 auctoritatem
782 1697 944 1769 optineant,
976 1703 1005 1755 et
1028 1700 1132 1755 eisdem
1161 1699 1326 1769 principalis
1353 1701 1481 1769 potestas
1505 1701 1535 1752 et
1556 1697 1716 1752 inlustrium
1746 1697 1869 1751 virorum
1893 1698 2045 1754 strenuitas

421 1803 470 1842 seu
492 1785 534 1841 rei
556 1786 686 1856 publicae
709 1786 961 1850 administratores,
985 1790 1017 1840 ιιι
1040 1806 1120 1841 suum
1144 1786 1331 1840 ministerium
1356 1787 1562 1855 conpetenter⁸
1584 1784 1700 1854 exsequi
1722 1784 1844 1849 valeant,
1868 1785 1897 1839 in
1915 1785 2044 1840 omnibus

420 1872 630 1928 rationabiliter
659 1877 689 1929 et
721 1874 795 1928 iuste
823 1877 998 1928 concurrant.
1050 1872 1087 1928 nt
1114 1874 1188 1928 filius
1217 1876 1314 1928 noster
1340 1874 1410 1927 haec
1438 1871 1623 1942 supradicta
1660 1871 1789 1927 similiter
1817 1872 1876 1927 Deo
1908 1866 2043 1928 iuvanteb

421 1965 575 2016 conservet.

529 2057 558 2117 2.
592 2044 650 2118 Ut2
673 2080 769 2118 omnes
792 2064 882 2119 nostri
905 2064 1001 2119 fideles
1025 2064 1163 2118 veraciter
1190 2064 1248 2118 sint
1274 2065 1308 2119 de
1336 2063 1418 2118 nobis
1447 2062 1551 2130 securi,
1579 2063 1659 2132 quia,
1688 2067 1825 2132 quantum
1847 2064 2044 2134 potuerimus
2064 2072 2089 2112 ιι

422 2155 451 2207 et
473 2151 547 2206 iuste
571 2153 600 2206 et
623 2149 832 2206 rationabiliter
859 2133 1057 2216 scierimusi,
1086 2168 1313 2220 unumquemque
1342 2151 1494 2205 seeundum
1523 2149 1566 2204 sui
1594 2149 1699 2204 ordinis
1727 2150 1897 2220 dignitatem
1927 2155 1956 2207 et
1985 2170 2045 2221 per·

421 2256 519 2293 sonam
546 2238 685 2292 honorare
717 2239 746 2292 et
773 2239 882 2292 salvare
910 2241 939 2292 et
961 2239 1130 2292 honoratum
1153 2255 1187 2292 ac
1209 2239 1349 2292 salvatum
1372 2255 1538 2292 conservare
1555 2237 1698 2291 volumus
1722 2240 1751 2292 et
1778 2238 1927 2308 unicuique
1951 2257 2046 2293 eorum

421 2326 450 2380 in
474 2343 524 2379 suo
547 2323 643 2379 ordine
665 2323 817 2378 secundum
842 2325 895 2379 sibi
919 2327 1102 2395 conpetentes
1125 2324 1209 2395 leges,
1234 2327 1292 2378 tum
1315 2325 1519 2380 ecclesiasticas
1542 2342 1627 2392 quam
1648 2325 1811 2391 mundanas,
1835 2328 1939 2381 rectam
1961 2326 2045 2380 ratio·

423 2430 487 2468 nem
511 2415 540 2466 et
562 2411 701 2466 iustitiam
724 2412 980 2466 conservabimus
1003 2415 1033 2466 et
1055 2411 1163 2465 nullum
1186 2411 1309 2466 fidelium
1331 2415 1491 2466 nost-rorum
1515 2414 1614 2466 eontra
1643 2412 1734 2481 legem
1757 2412 1801 2466 vel
1830 2411 1969 2468 iustitiam
1996 2416 2046 2468 aut

420 2498 620 2554 auctoritatem
649 2500 678 2553 et
705 2498 809 2553 iustam
838 2498 977 2554 rationem
1005 2501 1056 2552 aut
1086 2498 1302 2553 damnabimus
1331 2501 1381 2552 aut
1403 2498 1660 2554 dehonorabimus
1689 2502 1739 2553 aut
1766 2499 1976 2570 opprimemus
2000 2501 2044 2554 vel
2063 2507 2088 2545 ²⁰

422 2585 556 2642 indebitis
583 2585 840 2640 machinationibus
864 2586 1039 2656 affligemus
1046 2606 1053 2650 ;
1084 2589 1114 2640 et
1136 2586 1244 2656 legem,
1273 2588 1305 2640 nt
1327 2585 1531 2654 praediximus,
1560 2586 1711 2654 unicuique
1734 2589 1944 2656 conpetentem,
1973 2588 2046 2642 sicut

424 2676 616 2728 antecessores
639 2672 682 2726 sui
705 2675 832 2742 tempore
855 2675 1065 2728 antecessorum
1087 2675 1286 2727 nostrorum
1309 2673 1477 2739 habuerunt,
1501 2673 1531 2727 in
1554 2673 1630 2728 omni
1652 2671 1792 2743 dignitate
1816 2677 1844 2729 et
1868 2675 1964 2730 ordine
1986 2690 2046 2728 nos

420 2760 573 2815 adiuvante
596 2759 717 2814 Domino
740 2763 941 2815 servaturos
963 2760 1178 2830 perdonamus,
1207 2759 1283 2814 illis
1308 2758 1488 2826 videlicet,
1518 2760 1568 2828 qui
1591 2759 1689 2814 nobis
1712 2760 1807 2815 fideles
1830 2763 1860 2815 et
1883 2761 2045 2816 obedientes

420 2829 528 2916 atque⁴
551 2846 694 2902 adiutores
718 2850 747 2901 et
770 2850 968 2917 cooperatores
991 2846 1072 2901 iuxta
1095 2865 1175 2900 suum
1199 2845 1387 2901 ministerium
1412 2849 1440 2901 et
1463 2863 1611 2916 personam
1636 2846 1753 2901 consilio
1776 2851 1805 2901 et
1828 2847 1934 2903 auxilio
1950 2867 2045 2904 socun-

420 2935 486 2988 dum
509 2953 589 2988 suum
612 2933 682 2988 seire
713 2937 742 2988 et
769 2951 851 3004 posse
882 2937 911 2988 et
934 2934 1085 2988 secundum
1108 2933 1198 2988 Deum
1227 2951 1260 2987 uc
1283 2934 1435 2988 secundum
1458 2934 1582 2989 seculum
1605 2933 1723 2999 fuerint,
1754 2933 1827 2988 sicut
1858 2953 1909 3004 per
1937 2939 2088 2990 rectumst

420 3021 611 3091 unusquisque
639 3021 669 3074 in
700 3038 749 3076 sue
780 3020 877 3076 ordine
906 3023 936 3074 ct
964 3023 1041 3074 statu
1071 3012 1256 3095 imperatori
1285 3039 1336 3075 suo
1359 3023 1389 3075 et
1411 3022 1480 3075 su0⁰
1504 3020 1609 3076 seniori
1631 3038 1691 3075 esse
1714 3020 1806 3076 debet.
1851 3021 1888 3076 lit
1910 3023 2044 3092 capitula,

420 3125 492 3177 quae
514 3125 583 3163 avus
606 3111 635 3162 et
657 3110 739 3176 pater
761 3111 857 3162 noster
879 3125 931 3178 pro
954 3110 1031 3162 statu
1055 3110 1084 3161 et
1108 3106 1262 3162 munimine
1287 3111 1402 3162 sanctae
1425 3108 1478 3163 Dei
1507 3107 1641 3162 ecclesiae
1665 3110 1695 3162 et
1716 3108 1910 3164 ministrorum
1933 3110 1992 3165 einr
2016 3114 2045 3164 et

419 3213 470 3266 pro
492 3213 562 3267 pace
592 3212 625 3248 ac
656 3193 767 3249 iustitia
796 3194 895 3264 populi
923 3212 957 3249 ac
979 3193 1074 3263 quiete
1098 3195 1178 3264 regni
1206 3196 1428 3259 constituerunt,
1459 3199 1489 3249 et
1517 3212 1589 3264 quae
1617 3211 1668 3249 nos
1697 3213 1759 3250 cum
1782 3196 1917 3250 fratribus
1940 3196 2045 3252 nostris

419 3283 532 3354 regibus
556 3285 585 3337 et
608 3281 713 3336 nostris
736 3285 765 3337 et
789 3299 886 3336 sorum
908 3281 1037 3336 fidelibus
1061 3281 1247 3338 communiter
1271 3281 1477 3348 constituimus,
1502 3282 1551 3336 sed
1573 3285 1603 3336 et
1624 3299 1696 3350 quae
1719 3300 1770 3337 nos
1787 3283 1904 3338 consilio
1929 3287 1958 3338 et
1980 3302 2043 3339 con-

420 3388 503 3426 sensu
526 3369 721 3439 episcoporum
749 3372 778 3423 et
806 3371 963 3424 ceterorum
991 3369 1044 3422 Dei
1072 3370 1101 3422 et
1123 3371 1284 3423 nostrorum
1311 3368 1435 3423 fidelium
1465 3386 1516 3439 pro
1540 3369 1738 3439 suprascriptis
1761 3369 1852 3424 causis
1874 3370 1904 3424 in
1927 3370 2044 3426 diversis
2063 3385 2089 3424 ao

420 3457 532 3528 placitis
553 3455 658 3510 nostris
684 3455 875 3510 conservanda
898 3455 1061 3520 statuimus,
1087 3458 1120 3510 et
1142 3473 1256 3510 manere
1277 3455 1443 3510 inconvulsa
1468 3455 1651 3511 decernimus.
1705 3445 1863 3511 Similiter
1885 3455 1917 3511 ei
1939 3471 1958 3512 a
1981 3449 2046 3513 filio

420 3542 529 3600 nostro
553 3534 747 3597 inconvulsa
770 3535 956 3598 conservari
979 3533 1129 3597 volumus
1155 3541 1188 3597 et
1211 3532 1434 3597 mandamusd.

528 3640 556 3702 3.
591 3628 642 3700 Si5
665 3663 758 3701 comes
781 3637 822 3703 de
846 3638 909 3702 isle
934 3658 1034 3722 regno
1058 3646 1174 3713 obierit,
1203 3646 1281 3701 cuius
1305 3645 1377 3701 lilius
1400 3647 1545 3700 nobiscum
1570 3646 1622 3712 sit,
1645 3647 1718 3701 filius
1740 3649 1838 3702 noster
1860 3665 1922 3702 cum
1945 3647 2046 3703 ceteris

420 3735 548 3790 fidelibus
570 3733 675 3788 nostris
705 3733 816 3789 ordinet
844 3734 878 3790 de
901 3734 957 3800 his,
989 3733 1038 3802 qui
1063 3724 1168 3788 eidem
1192 3724 1301 3788 comiti
1325 3733 1389 3803 plus
1412 3733 1567 3788 familiares
1591 3733 1660 3799 [et⁰]
1683 3733 1899 3804 propinquiores
1923 3735 2045 3801 fuerunt,

419 3821 468 3892 qui
491 3840 553 3876 cum
581 3820 812 3876 ministerialibus
839 3821 927 3892 ipsius
951 3820 1102 3875 comitatus
1131 3823 1160 3875 et
1189 3833 1260 3875 cunt
1290 3820 1435 3891 episcopo,
1467 3812 1498 3874 in
1532 3811 1623 3876 cuius
1647 3811 1819 3896 parrochia
1851 3813 1948 3877 fuerit
1976 3813 2090 3897 ipsese

422 3900 602 3978 comitatum
625 3908 718 3978 ipsum
734 3908 899 3963 comitatum
915 3907 1130 3978 praevideant,
1155 3908 1329 3976 usquedum
1352 3907 1434 3961 nobis
1457 3908 1643 3972 renuntietur,
1667 3891 1723 3962 uti¹
1746 3899 1847 3963 filium
1870 3899 1967 3974 illius,
1991 3899 2047 3984 qui

419 3987 587 4051 uobiscum
613 3987 684 4063 erit,
708 3985 748 4050 de
771 3985 948 4050 honoribus
979 3985 1066 4048 illius
1090 3983 1294 4050 honoremus.
1340 3994 1369 4048 Si
1393 3997 1490 4049 autem
1513 3994 1601 4049 filium
1623 3996 1772 4064 parvulum
1794 3995 1933 4062 habuerit,
1957 3995 2046 4051 isdem

419 4075 504 4138 filius
528 4073 597 4136 eius
621 4100 683 4135 cum
706 4081 939 4136 ministerialibus
962 4081 1052 4150 ipsius
1078 4080 1228 4135 comitatus
1252 4085 1280 4136 et
1304 4092 1376 4135 eum
1401 4080 1547 4151 episcopo,
1575 4081 1605 4135 in
1634 4082 1712 4136 cuius
1734 4083 1884 4153 parrochia
1907 4082 2045 4148 consistit,

419 4169 538 4225 eundern
553 4167 720 4223 comitatum
741 4167 956 4238 praevideant,
979 4168 1068 4222 donec
1092 4156 1198 4223 obitus
1222 4159 1360 4242 praelati
1384 4159 1512 4222 comitis
1535 4168 1571 4222 ad
1594 4169 1727 4224 notitiam
1749 4172 1876 4224 nostram
1899 4169 2047 4240 perveniat

419 4255 452 4311 ot
475 4247 547 4332 ipse
570 4245 657 4309 filius
681 4245 750 4309 eius
774 4267 834 4331 per
864 4251 1007 4310 nostram
1036 4245 1282 4310 concessionem
1309 4244 1349 4309 de
1377 4245 1463 4310 illius
1492 4245 1669 4310 honoribus
1699 4247 1883 4311 honoretur.
1928 4256 1957 4310 Si
1980 4275 2046 4313 vero
2065 4273 2091 4311 ro

419 4343 506 4397 filium
529 4359 586 4396 non
608 4340 752 4408 habuerit,
786 4341 858 4396 filius
881 4345 978 4396 noster
1007 4359 1070 4395 cum
1099 4340 1200 4396 ceteris
1223 4341 1350 4396 fidelibus
1374 4341 1478 4396 nostris
1502 4342 1625 4408 ordinet,
1657 4343 1707 4412 qui
1730 4361 1791 4398 cum
1814 4343 2047 4399 ministerialibus

419 4429 506 4500 ipsine
536 4428 686 4483 comitatus
715 4431 744 4481 et
772 4439 842 4481 cum
874 4428 1006 4499 episcopo
1037 4420 1167 4503 proprio
1196 4428 1288 4498 ipsum
1316 4428 1483 4484 comitatum
1511 4430 1687 4499 praevideat,
1719 4430 1808 4486 donec
1835 4430 1921 4485 iussio
1949 4435 2047 4486 nostra

419 4516 484 4571 inde
508 4517 564 4570 fiat.
610 4513 646 4568 Er
668 4533 719 4584 pro
743 4514 796 4568 hoc
820 4505 874 4569 ille
898 4533 955 4568 non
978 4515 1124 4580 irascatur,
1150 4507 1204 4590 qui
1227 4506 1319 4569 illum
1344 4507 1531 4570 comitatum
1556 4507 1764 4592 praeviderit,
1788 4518 1812 4570 si
1828 4518 1946 4573 eundem
1963 4519 2046 4573 comi-

420 4606 512 4657 tatum
535 4602 632 4666 alt-eri,
656 4601 701 4654 cui
723 4601 804 4656 nobis
828 4601 974 4671 placuerit,
997 4602 1156 4656 dederimus
1179 4619 1264 4671 quarn
1287 4601 1343 4668 illi,
1368 4602 1416 4671 qui
1440 4621 1503 4657 eum
1527 4607 1643 4659 eatenus
1666 4603 1814 4674 praevidit.
1860 4604 1996 4660 Similiter
2018 4610 2047 4662 et

419 4691 453 4744 de
477 4688 604 4743 vassallis
627 4687 731 4742 nostris
764 4687 923 4742 faciendum
950 4693 1001 4743 est.
1052 4687 1089 4742 Et
1112 4688 1240 4742 volumus
1270 4692 1356 4757 atque
1381 4681 1614 4765 praecipimus,
1646 4694 1678 4744 ιιι
1708 4693 1767 4744 tam
1795 4691 1933 4762 episcopi,
1962 4711 2048 4762 quarn
2066 4708 2092 4746 tt

419 4777 536 4831 abbates
560 4779 589 4830 et
604 4774 721 4830 comites
738 4792 787 4829 seu
804 4774 891 4829 etiarn
907 4775 993 4831 ceteri
1009 4775 1104 4830 fideles
1121 4775 1212 4830 nostri
1235 4776 1302 4830 hoc
1325 4794 1409 4846 erga
1431 4777 1595 4832 homines
1619 4796 1701 4832 suos
1725 4778 1858 4835 studeant
1873 4797 2047 4836 conservare.

529 4875 559 4933 ι.
594 4867 753 4934 Volumus
771 4869 870 4933 etiam
887 4876 920 4933 et
936 4891 1093 4954 expresse
1111 4870 1340 4970 praecipimus,
1364 4870 1459 4956 quod,
1483 4872 1510 4936 si
1534 4873 1652 4958 aliquis
1676 4873 1848 4958 episcopus
1872 4873 1921 4938 vel
1946 4874 2047 4940 abbas

419 4982 475 5040 aut
490 4974 657 5040 abbatissa
674 4973 725 5037 vel
744 4995 853 5039 comes
871 4982 928 5038 aut
943 4974 1105 5038 vassallus
1121 4981 1233 5039 noster
1250 4975 1379 5056 obierit,
1402 4969 1536 5040 stultusT
1551 5003 1595 5041 res
1612 4986 1816 5041 ecclesiasticas
1831 4989 1882 5042 aut
1897 4988 2047 5045 facultates

522 5149 549 5214 a)
568 5155 736 5216 conputantur
755 5167 774 5200 e.
864 5149 891 5212 b)
909 5149 1048 5200 adiuvante
1067 5167 1086 5198 c.
1180 5147 1204 5214 c)
1224 5150 1263 5200 sui
1282 5168 1303 5200 c.
1395 5151 1422 5214 ιι)
1441 5151 1493 5202 Hic
1506 5153 1570 5220 fluis
1588 5160 1645 5204 erat
1663 5152 1765 5202 codicis.
1857 5151 1882 5216 e)
1901 5171 1950 5206 ona
1970 5153 2048 5206 Siras.

523 5303 549 5368 1)
567 5285 654 5372 ¹Cepp.
677 5300 794 5355 anesca.
816 5317 837 5354 c.
852 5301 873 5354 l.
978 5303 1006 5368 2)
1029 5301 1109 5369 Uupp.
1135 5301 1204 5355 Pist.
1222 5303 1287 5369 869,
1310 5320 1395 5372 supra
1414 5319 1443 5370 p.
1456 5305 1520 5369 333,
1544 5320 1565 5357 c.
1578 5306 1603 5359 3.
1708 5305 1735 5370 3)
1756 5303 1872 5360 Domino
1896 5305 2049 5362 adiuvante
2067 5327 2094 5368 ιο

418 5405 481 5460 ιιιιιι.
500 5406 515 5458 l.
528 5420 548 5458 c.
653 5405 680 5472 4)
700 5404 758 5458 veri
782 5404 825 5459 bic
840 5404 917 5458 deest.
1023 5405 1050 5474 ιι)
1072 5404 1154 5472 (lurp.
1173 5404 1286 5459 ammai.
1305 5423 1326 5459 c.
1340 5409 1369 5469 9,·
1398 5405 1561 5474 Mantua,
1584 5407 1741 5463 Heermesau
1764 5414 1844 5464 tenter
1860 5409 1886 5465 ιι.
1905 5409 2048 5480 Karaliup.
2094 5429 2096 5434 ¹

415 5526 443 5577 p.
456 5511 559 5578 seseq,
579 5509 626 5562 hoc
645 5523 705 5576 cup.
723 5513 746 5561 et
763 5508 904 5576 imaquens
920 5509 1021 5573 falsata
1033 5523 1085 5560 esse
1099 5512 1193 5574 prestet,¹
1216 5507 1301 5562 isdem
1316 5524 1345 5575 p.
1359 5510 1417 5577 358,
1438 5510 1485 5564 lits.
1501 5510 1539 5565 16.
1562 5527 1618 5564 nou
1634 5511 1672 5565 ud
1685 5517 1886 5580 procuratorem
1901 5514 2050 5582 comestus,

418 5614 464 5668 sed
481 5613 517 5668 ad
532 5614 620 5680 filiunt
634 5613 779 5679 parasitum
789 5618 911 5681 spectat·
937 5613 987 5677 cfr.
1012 5612 1092 5664 etium
1111 5611 1257 5678 Drimmler,
1283 5611 1419 5679 Ostfrr'tulr.
1444 5613 1529 5668 Reiclr
1548 5613 1627 5683 111¹,
1646 5631 1677 5686 p.
1690 5617 1737 5685 45,
1759 5623 1816 5671 act.
1834 5619 1858 5672 l.
1944 5619 1973 5685 6)
1993 5617 2049 5686 Osr.

419 5715 698 5786 Bruuucr,1tG.II,
712 5733 740 5784 p.
753 5715 812 5770 256.
901 5717 926 5785 7)
947 5716 1031 5785 Capp.
1050 5717 1165 5771 outoeed.
1183 5733 1204 5770 c.
1218 5719 1242 5774 9.
