4568 6420
404 434 465 494 446
514 424 783 481 ΑΒΒΙΤΑΜΕΝΤΑ
800 425 849 478 AD
868 422 983 478 CAPIT.
1003 423 1083 477 ΒΕΘ.
1102 420 1287 476 FRANCIAE
1306 420 1494 475 occiditur.
1514 419 1663 489 (KAROLI
1675 421 1721 492 Il).
1741 451 1773 460 -
1793 421 1842 474 Νι.
1855 421 1915 475 298.

326 610 384 663 859.
406 603 438 665 in
469 599 670 686 quibuslibet
701 597 900 662 facinoribus
935 585 1096 660 ceciditffl.
1156 593 1222 658 Sed
1257 599 1347 656 tanto
1382 594 1517 679 quisque
1548 594 1671 656 maiora
1702 599 1839 678 quaerat
1869 593 2027 656 bonorum

404 724 537 789 operum
561 703 652 766 lucra
674 721 733 786 per
747 700 991 786 poenitentiam,
1015 702 1137 783 quanto
1154 697 1304 780 graviora
1321 697 1384 760 sibi
1400 696 1509 759 intulit
1525 695 1643 760 damna
1659 718 1718 781 per
1735 694 1884 780 culpam?
1930 696 2027 760 Unde

403 806 539 869 avobis
563 812 690 880 nostra,
721 805 798 889 quin
826 803 935 888 potins
965 801 1029 865 Dei
1057 821 1151 878 voce,
1183 805 1440 876 commoneatur,
1469 806 1506 862 ut
1538 800 1584 862 sio
1617 799 1748 862 studeat
1777 800 2025 883 praeteritorum

403 909 574 994 poenitens
598 915 631 971 et
654 908 856 972 imminentia
879 913 977 992 atque
1001 906 1108 968 futura
1129 923 1247 968 cavens
1265 902 1337 966 Deo
1353 903 1493 966 militare
1517 903 1550 965 in
1573 923 1673 985 regno
1696 909 1839 978 terreno,
1864 910 2025 986 qnatenus

404 1019 569 1075 mereatur
593 1030 793 1094 conregnare
818 1009 948 1073 Obristo
972 1009 1006 1072 in
1027 1028 1128 1092 regno
1151 1007 1297 1071 coelesti.
2059 1033 2071 1070 s

872 1213 874 1218 ‘
929 1213 1002 1296 (B).
1037 1213 1314 1294 Episcoporum
1342 1212 1499 1276 relatio.

471 1338 614 1418 Haece,
642 1357 744 1422 quae
769 1342 1009 1422 sequuntur,
1038 1341 1204 1420 peracta
1226 1334 1431 1418 legatione
1455 1332 1740 1396 renuntiarunt
1762 1334 1955 1418 episcopi.

509 1474 561 1538 De
590 1473 792 1558 indulgentia
823 1495 882 1537 sua
913 1473 1006 1537 nobis
1037 1471 1251 1556 Hlndowiens
1283 1493 1342 1535 rex
1370 1469 1475 1556 pridie
1506 1469 1615 1534 Nonas
1645 1469 1755 1534 Iunias
1786 1472 1818 1534 in
1840 1470 2026 1537 Wormatia

402 1579 497 1642 dixit:
523 1577 619 1641 ‘Volo
636 1598 694 1641 vos
711 1577 849 1662 precari,
872 1581 918 1656 ut,
943 1578 969 1639 si
993 1577 1025 1639 in
1042 1577 1149 1662 aliquo
1165 1582 1292 1638 vestros
1309 1575 1432 1638 animos
1449 1573 1579 1653 offendi,
1603 1580 1639 1636 ut
1656 1573 1718 1637 hoe
1734 1574 1813 1636 mibi
1828 1575 2025 1659 perdonetis,

401 1689 437 1744 ut
464 1683 597 1746 inantea
624 1690 776 1744 securus¹
798 1679 968 1743 vobiscum
991 1679 1080 1764 loqui
1105 1675 1289 1763 possimus’
1335 1677 1387 1741 Ad
1415 1677 1496 1741 haee
1519 1677 1731 1756 Hincmarus,
1762 1679 1817 1763 qui
1848 1679 1970 1764 primus
1992 1683 2026 1743 in
2046 1702 2071 1739 ιο

403 1784 515 1848 ordine
539 1805 581 1848 ex
606 1784 737 1847 sinistra
760 1789 852 1869 parte
875 1783 961 1847 illins
986 1783 1092 1874 stetit,
1125 1781 1309 1867 respondit⁸
1333 1781 1460 1845 dicens:
1495 1781 1575 1844 ‘Ista
1598 1802 1697 1844 causa
1721 1782 1784 1845 cito
1807 1781 1846 1844 ad
1872 1781 2024 1846 eflectum

402 1887 573 1973 pervenire
590 1893 716 1970 potest:
740 1889 825 1972 quia,
850 1887 936 1971 quod
953 1908 1012 1950 nos
1030 1886 1208 1964 offerimus,
1231 1886 1291 1949 hoo
1316 1907 1373 1948 vos
1397 1883 1530 1970 petitis)
1576 1883 1620 1948 Et
1635 1893 1789 1949 monente
1807 1878 2025 1950 Grim01d0²⁴⁹

402 2012 440 2054 ac
464 1988 668 2054 Theodorico
692 1982 907 2076 ιιρὶιιοοιιο1150
929 1991 1045 2054 iterum
1069 1990 1162 2074 ipsev
1185 1987 1380 2052 Hincrnarus
1404 1987 1503 2051 dixit:
1537 1987 1636 2051 ‘Nihil
1666 1995 1779 2052 contra
1810 2010 1861 2051 me
1889 1989 2025 2070 fecistis,

404 2094 491 2158 unde
515 2095 675 2158 noxiumv
698 2115 867 2158 rancorem
891 2094 923 2157 in
948 2102 1056 2158 mente
1081 2099 1194 2157 contra
1210 2114 1266 2156 vos
1290 2098 1435 2166 teneam;
1458 2092 1544 2175 quia,
1568 2091 1594 2153 si
1611 2090 1764 2171 facerem,
1788 2090 1828 2154 ad
1852 2092 1966 2170 altare,
1991 2100 2026 2156 ut

404 2198 545 2261 Domino
569 2197 802 2276 sacrificarem,
827 2197 984 2261 accedere
1008 2216 1072 2258 non
1096 2193 1273 2260 anderem’
1318 2195 1439 2259 Iterum
1465 2194 1670 2258 monentibus
1695 2195 1816 2258 eisdem
1842 2193 2025 2260 Grimoldo‘
2046 2222 2069 2261 n

404 2309 437 2365 et
453 2300 655 2365 Theodorieo
671 2321 709 2363 ae
726 2292 935 2365 Salomone51
960 2298 1087 2364 dicente
1111 2301 1182 2385 ipso
1198 2298 1402 2362 Theodorioo
1419 2299 1502 2362 haec
1519 2298 1633 2361 verba:
1659 2298 1792 2376 ‘Facite
1817 2299 1901 2362 sicut
1917 2299 2026 2364 senior

402 2412 513 2467 noster
535 2410 702 2488 precatum
725 2404 850 2488 parcite
871 2401 938 2482 illi,’
963 2401 1132 2488 respondit
1155 2403 1226 2487 ipse
1252 2401 1446 2466 Hincmarus
1469 2401 1551 2468 haec
1574 2400 1689 2465 eadam
1714 2400 1845 2486 verba:¹
1864 2399 1969 2472 ‘Quod
1992 2403 2025 2464 in

402 2527 465 2584 me,
490 2506 522 2571 id
547 2512 597 2570 est
619 2507 652 2569 in
676 2515 777 2570 meaw
799 2527 955 2591 persona,
980 2504 1177 2584 offendistis,
1202 2512 1235 2568 et
1257 2505 1389 2590 peperci
1411 2510 1444 2568 et
1467 2525 1576 2589 parco.
1621 2503 1671 2566 De
1703 2505 1764 2567 lroo
1787 2511 1911 2584 autem,
1942 2505 2025 2591 qnod

401 2611 433 2673 in
459 2610 600 2674 ecclesia
625 2609 703 2672 mihi
728 2609 903 2673 commissa
926 2614 959 2673 et
981 2609 1014 2672 in
1036 2610 1157 2694 populo
1180 2609 1265 2672 male
1289 2609 1495 2688 estfactum,
1519 2607 1699 2672 voluntarie
1724 2607 1813 2672 vobis
1838 2607 1923 2672 dono
1948 2631 2024 2674 con-

403 2713 521 2790 silium,
545 2719 578 2776 et
602 2711 779 2776 secundum
800 2712 908 2776 Deum
931 2721 1060 2797 praesto
1084 2713 1252 2790 auxilium,
1276 2721 1312 2776 ut
1334 2713 1409 2776 inde
1434 2712 1514 2776 salvi
1538 2711 1619 2790 sitis,
1644 2712 1670 2774 si
1694 2713 1785 2776 vobis
1810 2711 1936 2798 placet)
1983 2713 2025 2778 Et
2045 2732 2071 2771 aa

402 2815 540 2901 praefati
565 2815 624 2878 viri
647 2815 902 2900 responderunt:
934 2815 1043 2880 ‘Certe
1075 2816 1159 2879 bene
1193 2813 1315 2882 dicit¹.’
1371 2815 1415 2878 Et
1448 2815 1567 2878 caeteri
1601 2814 1720 2878 fratrea
1754 2817 1856 2878 nostri
1884 2816 1916 2879 in
1943 2817 2026 2881 haec

403 2918 504 2982 verba
533 2924 568 2982 et
591 2925 765 2982 senserunt
788 2925 821 2982 et
843 2918 1010 3003 prosecuti
1034 2923 1119 2981 sunt.
1165 2917 1271 2982 Tanta
1294 2925 1327 2982 et
1350 2917 1425 2981 talis
1448 2916 1652 3002 indulgentia
1681 2919 1727 2981 illi
1755 2919 1872 3003 largita
1894 2919 1969 3000 fuit,
1994 2927 2027 2984 et

401 3043 465 3084 non
490 3021 593 3084 altera
616 3041 722 3105 neque
746 3021 897 3107 amplius,
943 3021 994 3085 De
1019 3023 1139 3106 scripto
1163 3029 1283 3101 autem,
1307 3021 1392 3106 quod
1416 3022 1641 3084 confirmatum
1666 3021 1761 3084 nobis
1785 3028 1836 3085 est
1859 3021 2025 3102 traditum,

401 3144 462 3187 nec
486 3123 578 3208 ipsel
601 3144 621 3186 a
643 3123 738 3188 nobis
763 3124 916 3210 quiddam
940 3127 1132 3210 quaesivitr,
1158 3145 1218 3188 nec
1242 3145 1300 3189 nos
1325 3125 1371 3188 illi
1395 3125 1517 3210 aliquid
1534 3124 1686 3204 diximus,
1711 3126 1860 3209 quoniam
1884 3126 2025 3190 necdum

403 3247 476 3288 cnm
499 3225 554 3288 illo
578 3247 620 3289 ex
644 3226 827 3290 huiusmodi
849 3228 882 3290 in
906 3229 1031 3290 ratione
1056 3248 1195 3292 eramus.
1239 3227 1315 3312 Ipse
1339 3233 1469 3291 autem*
1492 3228 1671 3313 posthaec
1695 3235 1728 3292 et
1751 3228 1815 3290 alia
1838 3227 1943 3292 dixit*
1966 3251 2025 3292 nos
2045 3253 2069 3291 aa

402 3331 540 3414 egisse⁸,
564 3330 651 3414 quod
675 3351 740 3394 non
764 3333 901 3415 egimus,
927 3353 970 3396 ex
993 3331 1053 3395 hoc
1070 3333 1237 3396 materiam
1255 3352 1396 3412 sumens,
1421 3330 1506 3415 quod
1524 3330 1724 3394 Guntharius
1747 3331 1792 3394 illi
1810 3332 2024 3411 familiariter,

401 3439 437 3496 ut
460 3453 535 3496 eum
559 3433 735 3498 instrueret
759 3439 792 3497 et
816 3433 856 3497 ad
873 3435 1127 3498 satisfactionem
1144 3441 1348 3519 provocaret,
1371 3435 1527 3519 scriptum
1545 3435 1663 3520 relegit
1685 3436 1731 3497 ita
1753 3436 1919 3520 inquiens:
1944 3435 2023 3499 ‘Vos

402 3534 479 3597 mibi
511 3535 736 3598 transmisistis
767 3543 909 3600 vestram
940 3537 1114 3621 epistolam
1146 3559 1219 3601 cum
1248 3537 1415 3621 capitulis:
1451 3558 1508 3600 vos
1538 3538 1670 3601 venistis
1700 3559 1773 3601 cum
1801 3560 1902 3602 causa
1927 3539 2024 3603 facta.

401 3637 469 3700 Nos
493 3658 557 3700 non
583 3659 693 3701 sumus
717 3638 769 3701 hic
802 3639 865 3702 nisi
888 3638 951 3703 duo
976 3639 1027 3703 vel
1053 3648 1136 3721 tres,
1166 3641 1314 3723 quisine
1338 3640 1409 3703 aliis
1433 3641 1497 3703 huc
1520 3639 1720 3704 exilivimus:
1753 3642 1787 3704 in
1811 3641 1884 3705 illas
1909 3663 2025 3706 causas

401 3742 522 3804 intrare
552 3763 616 3805 non
648 3744 815 3826 possuml,
846 3751 1021 3826 antequam
1050 3764 1122 3806 cum
1156 3745 1274 3808 nostris
1307 3744 1469 3828 episcopis
1501 3742 1577 3806 inde
1608 3750 1801 3816 tractemns;
1833 3745 1923 3829 quia,
1952 3745 2025 3810 Deo
2044 3771 2070 3808 ao

401 3845 538 3928 gratias,
569 3844 648 3908 nihil
682 3845 751 3909 sine
782 3845 909 3908 illorum
939 3847 1074 3910 consilio
1105 3847 1183 3921 feci;
1217 3856 1250 3911 et
1283 3853 1398 3932 postea
1420 3845 1495 3910 inde
1527 3845 1763 3931 respondeam’
1816 3847 1885 3912 Nos
1916 3856 2026 3913 autem

403 3950 670 4034 expectabamus,
694 3955 730 4013 ut
754 3949 925 4013 consilium
949 3972 968 4014 a
992 3952 1084 4015 nobis
1108 3951 1147 4014 de
1172 3972 1232 4015 sua
1255 3951 1361 4014 salute
1386 3951 1530 4015 oblatum
1553 3951 1624 4034 ipse
1643 3957 1818 4034 quaereret
1841 3957 1874 4014 et
1897 3959 1972 4016 tunc
1996 3954 2026 4016 ei

402 4051 580 4115 seeundum
606 4051 686 4115 illud
710 4053 867 4137 scriptum
891 4052 1087 4117 donaremus
1112 4054 1295 4119 consilium.
1340 4053 1414 4139 Ipse
1438 4061 1548 4117 autom
1571 4052 1612 4116 de
1636 4073 1695 4116 suo
1719 4052 1822 4137 gradu
1846 4055 2024 4140 respondit,

401 4153 484 4239 quod
509 4155 541 4217 in
567 4154 646 4217 illud
670 4156 826 4239 scriptum
852 4175 916 4218 non
941 4156 1096 4237 intraret,
1125 4163 1299 4241 antequam
1330 4177 1403 4219 cum
1428 4158 1495 4220 suis
1519 4157 1680 4241 episcopis
1704 4156 1934 4222 consideraret.
1983 4158 2026 4221 ut

400 4258 446 4320 sic
471 4256 625 4342 quicquid
648 4259 679 4320 in
705 4258 851 4341 generali
876 4278 973 4323 causa
998 4259 1159 4323 eeclesiae
1184 4267 1217 4323 et
1239 4259 1349 4345 populi
1374 4260 1451 4344 egit,
1476 4280 1577 4344 penes
1600 4259 1691 4322 illum
1717 4261 1880 4324 remansit.
2044 4290 2069 4330 ιι
2132 4347 2138 4358 .

503 4461 530 4528 ql
549 4463 628 4514 Hanc
645 4465 775 4514 metricam
794 4464 856 4515 add.
877 4463 901 4514 1.
971 4463 993 4528 r)
1011 4467 1095 4516 securi
1113 4464 1137 4517 4.
1207 4467 1231 4530 s)
1250 4467 1397 4534 praedicens
1415 4465 1439 4517 4.
1510 4466 1530 4530 t)
1549 4467 1696 4518 Grimoaldo
1714 4464 1739 4517 4.
1810 4465 1837 4531 u)
1856 4467 2025 4534 episcopis4.

401 4549 428 4613 v)
446 4567 494 4600 aar.
513 4547 538 4600 4.
618 4551 652 4613 w)
672 4567 753 4601 meam
772 4567 908 4617 personam
927 4548 952 4600 4.
1031 4551 1059 4616 x)
1078 4553 1143 4603 dixit
1160 4551 1184 4605 4.
1263 4551 1290 4619 y)
1308 4554 1357 4620 ipsi
1375 4554 1478 4618 quidam
1496 4553 1671 4620 quaesivimus
1688 4551 1712 4603 4.
1787 4555 1811 4616 a)
1831 4557 1902 4620 priua
1920 4555 1981 4606 add.
2000 4553 2025 4605 4.

400 4635 427 4699 a)
447 4635 576 4702 suggessit
594 4634 656 4685 aaa
676 4633 700 4685 4.
789 4637 817 4698 b)
836 4653 972 4702 possumus
990 4635 1014 4686 4.

503 4821 548 4886 48)
568 4822 597 4872 et
615 4819 686 4882 eins,
710 4819 758 4887 qui
783 4820 813 4873 in
837 4821 933 4874 multis
959 4824 1002 4876 est
1026 4823 1128 4892 lapsus.
1176 4825 1228 4878 Per
1250 4826 1302 4879 hcc
1320 4842 1398 4895 ergo,
1425 4826 1499 4894 quod
1522 4826 1638 4880 dicitur:
1667 4827 1770 4882 ‘Facite
1793 4828 1893 4897 dignos
1918 4829 2025 4886 fructus

400 4923 608 4990 poenitentiae',
627 4923 845 4992 uniuscuiusque
864 4926 1035 4980 conscientia
1053 4929 1225 4995 convenitur,
1244 4932 1277 4982 ut
1295 4931 1374 4983 tanto
1392 4928 1510 4998 quisquc
1526 4945 1599 4997 pern.
1622 4929 1698 4998 orep.
1792 4933 1837 5000 49)
1858 4933 2025 5000 Arabioapef·
2043 4953 2070 4992 ω

399 5027 462 5078 lano
480 5031 504 5080 et
521 5027 614 5080 abbata
630 5027 784 5080 monasterii
804 5027 899 5082 Sancti
918 5028 1000 5081 Galli.
1087 5031 1131 5097 50)
1153 5030 1298 5085 Mindaast.
1386 5033 1430 5101 51)
1449 5032 1586 5100 Episcopo
1605 5032 1812 5088 Constantiana,
