4568 6434
346 467 613 522 uuulrsunurn
634 470 683 523 ΑΙ)
702 469 948 524 CAPITULARIA
968 469 1097 527 nusum
1117 453 1300 526 I‘IthClAI}
1322 471 1551 528 OltlIINTALlS.
1573 505 1604 512 -
1625 473 1673 528 Nr.
1686 475 1745 528 252.
1792 476 1855 538 233

232 646 302 708 sine
331 644 401 707 eius
428 643 519 706 iussu
542 643 713 727 quisquam
738 644 1004 729 presbyterorum
1028 647 1060 710 in
1084 669 1144 711 sua
1167 647 1337 733 parrochia
1360 652 1446 731 agat.
1494 645 1650 710 Similiter
1679 653 1712 710 et
1734 647 1853 731 reliqui
1872 651 1934 706 895.

231 748 351 834 populi,
376 747 512 811 maiores
529 745 656 811 scilicet
679 753 711 811 ot
733 748 884 827 minores,
908 747 979 834 per¹
1004 751 1074 813 eius
1091 749 1268 829 licentiam,
1293 749 1459 835 quicquid¹
1482 749 1642 834 agendum
1661 756 1722 824 est,
1747 757 1856 835 agant.

231 851 371 916 Animae
396 861 500 916 vero¹¹¹
524 872 633 915 eorum
658 853 688 915 ci
712 851 855 915 creditae
879 860 969 917 suut:
991 852 1065 918 ideo
1090 855 1199 917 omnia
1224 855 1295 918 cius
1320 854 1457 917 consilio
1481 874 1580 938 agere
1605 852 1737 932 debent,
1762 861 1795 917 ct
1819 873 1857 917 eo

233 955 414 1021 inconsulto
437 953 537 1019 nibil'.

201 1089 212 1126 s
340 1057 426 1145 (lap.
445 1062 494 1124 33.
520 1058 576 1124 De
601 1059 752 1124 claudis
777 1068 815 1124 et
838 1059 971 1146 aliqua
993 1067 1104 1145 parte
1128 1062 1304 1148 corporis
1327 1063 1503 1141 minutis,
1534 1063 1567 1127 si
1592 1083 1701 1126 sacro
1725 1061 1856 1126 ordini

231 1164 385 1249 possint
407 1163 576 1249 adiungi.
613 1155 687 1229 In⁸³
699 1163 824 1230 Niceno
843 1171 955 1228 sancto
972 1171 1005 1229 et
1020 1165 1197 1230 universali
1214 1167 1353 1230 concilio
1370 1173 1528 1230 statutum
1545 1173 1595 1232 est
1612 1187 1681 1251 cup.
1699 1164 1729 1229 I:
1755 1156 1857 1246 ‘Ut⁸⁴,

231 1270 258 1333 si
286 1269 356 1352 quis
385 1291 404 1332 a
430 1268 565 1333 medicis
596 1291 656 1354 per
678 1269 868 1351 languorem
897 1268 1064 1333 defectus·
1088 1276 1139 1335 est
1162 1278 1218 1334 aut
1242 1293 1261 1335 a
1285 1270 1433 1335 barbaris
1449 1271 1611 1347 abscisus,
1635 1270 1688 1333 hic
1713 1270 1743 1332 in
1768 1270 1856 1334 clero

230 1371 447 1458 permaneat’;
471 1373 502 1436 in
528 1373 670 1458 epistola
692 1373 876 1437 Innocentii
901 1394 1006 1459 papae
1031 1395 1100 1459 cap.
1118 1373 1283 1437 XXVIII:
1307 1365 1419 1448 ‘Quilffi
1435 1375 1535 1458 igitur
1551 1375 1665 1438 volens
1683 1371 1858 1436 cuiuslibet

230 1483 359 1562 partem
383 1476 475 1563 digiti
500 1477 561 1541 sibi
591 1476 745 1557 abscidit,
774 1477 860 1541 hune
883 1477 923 1540 ad
957 1477 1079 1541 clerum
1109 1499 1251 1542 canones
1275 1499 1337 1541 uon
1362 1476 1546 1542 admittunt.
1593 1476 1654 1540 Cui
1677 1497 1755 1540 vero
1779 1496 1857 1540 casu

189 1581 340 1665 malique
365 1582 539 1666 contingit,
563 1581 648 1645 hunc
673 1602 814 1646 canones
839 1582 1044 1668 praecipiunt
1067 1588 1100 1646 et
1124 1582 1274 1646 clericum
1299 1581 1369 1645 fieri
1395 1589 1444 1660 et,
1469 1582 1493 1644 si
1518 1581 1550 1644 in
1575 1580 1662 1645 clero
1685 1578 1783 1643 luerit
1806 1601 1857 1643 re-

229 1691 356 1770 pertus,
393 1707 458 1750 non
489 1683 597 1761 abici’;
632 1685 710 1749 item
743 1684 775 1748 in
806 1684 948 1750 decretis
979 1684 1105 1750 Gelasii
1136 1707 1242 1778 papae
1275 1705 1345 1769 eap.
1368 1683 1465 1748 XVI:
1501 1675 1594 1749 thso
1622 1703 1715 1747 nemo
1745 1682 1857 1746 literas

230 1789 380 1852 nesciens
404 1789 456 1854 vel
478 1789 589 1875 aliqua
611 1797 703 1873 parte
726 1788 870 1874 eorporis
892 1788 1073 1852 inminutus
1097 1796 1329 1874 promoveatur
1352 1788 1392 1852 ad
1414 1785 1557 1852 elerum'.
1602 1786 1699 1850 Hanc
1715 1787 1856 1850 auctori-

230 1899 332 1957 tatem
362 1900 549 1957 sanctorum
579 1899 708 1979 potrum
733 1893 926 1957 confitemur
956 1899 989 1956 et
1012 1892 1239 1957 confirmamus
1262 1893 1509 1977 sequimurque,
1540 1892 1658 1970 itaut,
1690 1881 1762 1954 ‘sill
1786 1891 1857 1974 quis

231 1996 405 2061 amedicis
429 2018 487 2083 per
510 1999 702 2080 languorem
726 1996 876 2062 delectus
900 1994 960 2060 est’
984 1997 1037 2061 vel
1064 2017 1123 2082 per
1145 1997 1287 2083 aliquam
1310 1996 1533 2061 infirmitatem
1558 1993 1857 2058 clauduselleetus

189 2136 213 2174 u
233 2108 283 2165 cst
307 2099 360 2166 etb
384 2101 568 2166 inveniatur
591 2102 673 2165 alies
697 2101 825 2186 dignus,
848 2107 1041 2187 permaneat
1065 2102 1203 2166 clericus
1228 2108 1261 2167 et
1284 2122 1377 2166 sacro
1401 2100 1505 2164 ordini
1529 2107 1638 2186 aptus.

339 2204 444 2290 Cap·
461 2208 512 2269 34.
549 2203 604 2271 De
630 2226 687 2287 eo,
712 2207 742 2270 si
766 2206 854 2291 quis
878 2205 915 2267 in
940 2204 1051 2270 hoste
1076 2212 1211 2272 contra
1236 2225 1409 2290 paganos
1433 2204 1654 2268 interficitl
1671 2204 1858 2288 captivos

230 2308 486 2374 christianos.
537 2307 689 2395 Undique
718 2310 807 2375 bella
830 2317 1044 2394 consurgunt,
1076 2309 1188 2375 hostes
1211 2310 1372 2380 saeviunt,
1397 2308 1529 2372 inimica
1551 2327 1632 2392 gens
1656 2327 1856 2392 paganorum

230 2413 412 2497 insequitur
435 2413 590 2498 populum
610 2414 890 2488 christianorum03
914 2415 1073 2500 inpletum
1098 2422 1150 2479 est
1165 2415 1260 2492 euim,
1284 2413 1369 2499 quod
1387 2412 1578 2498 evangelica
1596 2418 1737 2477 testatur
1755 2413 1854 2474 histo-

231 2516 293 2580 ria:
326 2506 492 2598 ‘Surget87
517 2536 598 2600 gens
627 2523 738 2580 eontra
766 2525 897 2603 gentem
929 2525 961 2581 et
989 2539 1124 2604 regnum
1153 2517 1310 2581 adversus
1333 2515 1480 2602 regnum'
1505 2522 1538 2580 et
1561 2522 1685 2590 oetera;
1722 2521 1755 2580 et
1778 2515 1857 2579 alibi

186 2659 212 2697 ro
231 2621 385 2706 seriptum
404 2625 470 2684 est:
495 2611 729 2704 ‘Pugnabit‘188
752 2622 839 2686 orbis
856 2628 1016 2686 terrarum
1039 2643 1096 2708 pro
1122 2643 1161 2686 eo
1179 2627 1292 2686 eontra
1308 2617 1516 2686 insensatos'.
1563 2619 1770 2705 Quapropter
1786 2619 1858 2683 zelo

229 2723 359 2788 divinae
383 2723 589 2787 emulationis
612 2744 771 2788 aecensus
796 2725 1042 2790 christianorum
1068 2726 1233 2790 exercitus
1250 2725 1432 2809 procedunt
1455 2723 1495 2788 ad
1520 2723 1640 2786 bellum
1659 2721 1858 2787 confidentes

228 2828 262 2892 iu
286 2850 375 2907 eum,
406 2829 460 2912 qui
490 2826 586 2892 dixit:
612 2819 727 2892 ‘Vosll
757 2828 797 2892 ad
826 2836 992 2894 certamen
1016 2829 1187 2908 acceditis,
1222 2850 1283 2914 ego
1315 2829 1459 2914 praelior
1488 2849 1544 2914 pro
1570 2824 1687 2898 robis’;
1721 2827 1758 2890 fit
1781 2846 1857 2890 con-

229 2939 347 2996 ventus
375 2933 625 2996 christianorum
651 2939 684 2997 et
708 2954 925 3019 paganorum
954 2933 1083 2998 fortiter
1106 2934 1261 2998 dimicant
1285 2934 1338 2997 isti
1362 2954 1419 3019 pro
1443 2931 1517 3006 fide,
1543 2931 1590 2996 illi
1614 2938 1726 2995 contro
1749 2930 1857 2995 fidem.

228 3035 325 3100 Unde
342 3036 517 3100 fortissimo
535 3036 739 3102 confortante
757 3037 912 3119 Domino,
934 3039 1018 3102 slout
1034 3037 1253 3102 Mathsthias⁰
1277 3045 1371 3123 pater
1385 3035 1642 3101 Machabeorum
1659 3036 1717 3099 ait:
1742 3027 1859 3098 ‘Nonis’

185 3172 210 3210 ι»,
229 3139 281 3203 inf
302 3139 507 3204 multitudine
531 3141 694 3204 exereitus
717 3141 753 3205 lit
777 3143 900 3206 victore
922 3141 1012 3220 belli,
1037 3140 1096 3206 sed
1119 3140 1160 3206 de
1177 3141 1266 3205 eaelo
1284 3141 1373 3205 veuit
1388 3139 1568 3221 fortitudo',
1593 3161 1672 3225 sepe
1696 3138 1732 3202 fit
1757 3139 1855 3201 victo-

228 3244 277 3306 ris
300 3243 566 3322 christianorum,
598 3244 684 3308 victa
706 3251 757 3308 est
789 3266 865 3330 pars
888 3265 1099 3331 paganorum.
1152 3243 1262 3317 Quare
1291 3265 1355 3310 una
1386 3266 1458 3309 cum
1486 3244 1668 3308 interiectis
1700 3243 1859 3328 paganist

227 3349 389 3432 perempti
426 3347 578 3411 luerunth
616 3347 786 3412 christiani
821 3349 940 3434 captivi
978 3369 997 3410 a
1034 3346 1195 3426 barbaris,
1233 3347 1309 3432 quia
1346 3349 1377 3412 in
1416 3349 1528 3434 inpetu
1563 3345 1659 3410 bellir
1692 3350 1859 3431 nequeunt

226 3450 391 3535 distingui.
437 3451 562 3515 Idcirco
587 3451 708 3515 iustum
731 3451 947 3517 decernentes
971 3442 1193 3515 statuimus¹⁹¹
1224 3472 1298 3515 cum
1322 3449 1587 3515 interlectoribus
1611 3449 1855 3515 misericordius

227 3555 407 3639 agendum,
437 3556 483 3620 ita
512 3563 547 3619 ut
568 3554 629 3619 XL
659 3555 773 3620 diebus
803 3556 1025 3642 poenitentiae
1054 3553 1300 3640 indulgentiusl
1331 3555 1505 3620 transactis
1533 3573 1635 3639 penes
1668 3553 1857 3640 episcopum

182 3689 208 3728 ac
227 3659 270 3722 sit
292 3665 468 3724 auotoritas
493 3670 525 3724 et
547 3669 702 3746 potestas,
726 3669 762 3725 ut
786 3659 967 3746 perpendat
991 3659 1131 3746 culpam,
1156 3666 1233 3744 agat
1256 3658 1504 3744 indulgentiam.

336 3762 491 3849 capsa
536 3764 589 3828 Ut
612 3764 744 3828 nullus
773 3785 906 3828 comes
938 3763 1153 3848 nullusque
1183 3762 1304 3826 iudex
1336 3761 1474 3826 diebus
1498 3761 1620 3826 lestis
1645 3761 1707 3826 vel
1731 3759 1856 3825 domi-

228 3868 330 3933 nicis
365 3890 431 3933 seu
463 3869 709 3934 ieiuniorum
740 3875 810 3933 sut
841 3867 1169 3954 quadragesimae
1202 3868 1397 3953 placitum
1427 3866 1582 3930 habere
1607 3871 1854 3950 praesumat,

229 3979 267 4036 et
289 3981 331 4037 ut
354 3972 484 4037 nullus
507 3973 714 4057 poenitens
739 3974 813 4037 illo
838 3973 984 4037 veniat.
1033 3971 1218 4036 Secundum
1242 3978 1429 4036 sanctorum
1453 3975 1576 4035 statuta
1592 3975 1720 4055 patrum
1743 3968 1777 4031 in
1793 3968 1854 4032 hoc

227 4083 339 4140 sancto
368 4074 628 4162 praeiudicamus
652 4077 805 4158 coneilio,
836 4075 876 4141 ut
904 4077 1013 4140 nullus
1037 4097 1147 4140 eomes
1171 4075 1345 4159 nullusque
1376 4075 1508 4138 omnino
1537 4073 1716 4138 saecularis
1739 4071 1855 4136 diebus

183 4201 209 4239 ss
228 4178 397 4243 dominicis
429 4180 479 4243 rel
512 4187 714 4244 sanctorum
743 4181 837 4243 lestis
866 4201 924 4245 seu
948 4179 1219 4266 quadragesimae
1244 4189 1300 4243 aut
1321 4180 1518 4244 ieiuniorum
1541 4177 1696 4264 placitum
1721 4175 1855 4252 habere,

229 4282 287 4346 sed
311 4304 372 4347 nee
396 4285 551 4368 populum
575 4284 631 4346 illo
663 4291 851 4369 praesumat
882 4304 1049 4356 coercere;
1086 4285 1161 4369 quia
1184 4283 1259 4347 iude
1283 4285 1433 4348 irascitur
1456 4282 1562 4359 Deus,
1597 4277 1748 4368 [quodl]‚
1782 4301 1855 4344 oum

227 4395 351 4450 tanturn
375 4408 433 4450 suo
457 4392 570 4450 saneto
595 4386 729 4450 servitio
754 4386 853 4452 debet
875 4388 1015 4474 populus
1039 4388 1216 4462 desudare,
1251 4389 1434 4480 inveniatur
1465 4390 1540 4452 lites
1572 4397 1604 4452 et
1627 4384 1855 4451 contentiones

227 4490 446 4576 frequentare.
502 4490 629 4556 Diebus
653 4512 730 4556 vero
762 4490 931 4557 dominicis
963 4500 997 4558 et
1027 4500 1214 4557 sauctorum
1248 4493 1341 4557 lestis
1371 4493 1490 4578 vigiliis
1521 4500 1556 4556 et
1578 4488 1780 4555 orationibus
1804 4489 1854 4553 iu·

330 4654 373 4708 32.
408 4657 427 4718 l)
445 4659 501 4709 sius
518 4659 627 4710 licencia
645 4659 824 4725 quodcumque
844 4657 934 4725 susq.
1022 4661 1057 4723 m)
1075 4661 1143 4710 enim
1162 4661 1185 4711 oi
1203 4660 1270 4711 cred.
1289 4666 1351 4710 suut
1368 4675 1457 4710 eorum
1474 4658 1510 4708 id

184 4749 211 4788 ⁴⁰
331 4741 373 4795 33.
409 4743 436 4808 a)
455 4745 492 4795 ito
510 4762 595 4796 ornnes
613 4745 687 4796 codd.
706 4743 767 4812 (cfr.
785 4742 996 4809 etiamlr'n.14),·
1014 4745 1131 4797 desectus
1152 4745 1226 4797 Oeae.
1245 4744 1302 4794 Nr'c.
1390 4744 1418 4808 b)
1437 4761 1486 4795 om.
1504 4741 1529 4795 5.

332 4828 372 4881 34.
408 4829 434 4896 a)
459 4834 520 4899 Cap.
539 4834 671 4883 XXVIIII.
697 4831 787 4898 Strata).
884 4832 912 4897 b)
931 4833 1059 4884 interiecit
1081 4833 1117 4882 id.
1222 4831 1247 4894 c)
1266 4830 1436 4883 christianum
1453 4830 1490 4881 id.
1594 4832 1621 4896 tl)
1639 4833 1766 4898 pugnavit
1786 4833 1807 4884 l.
1828 4833 1853 4887 2.

227 4915 253 4980 s)
272 4917 384 4968 Mathias
402 4913 427 4969 4.
531 4919 618 4982 flora.
645 4917 735 4984 sacy.
839 4916 867 4983 g)
886 4919 908 4968 si
931 4918 993 4968 add.
1017 4918 1051 4968 ra
1156 4919 1298 4980 nituerint
1323 4917 1345 4968 1.
1373 4914 1398 4967 2.
1417 4913 1441 4967 4.
1547 4917 1566 4981 ἰ)
1585 4919 1744 4970 instituimus
1763 4918 1854 4987 Stutrq.

228 5003 256 5068 k)
275 5003 451 5070 indulgentiae
469 5005 504 5055 id.

330 5089 373 5142 35.
409 5091 436 5152 a)
455 5091 482 5140 in
500 5091 562 5141 odd.
581 5091 606 5142 5.
692 5091 719 5154 b)
737 5091 774 5141 ita
791 5092 876 5156 mppl.
896 5091 990 5154 Lobbe,
1009 5089 1125 5142 Concilio
1146 5089 1194 5155 IX,
1218 5091 1265 5143 eol.
1283 5089 1348 5154 4583
1367 5107 1416 5141 era.
1435 5089 1509 5142 coda
1596 5155 1597 5158 Ἴ

186 5249 210 5288 rs
330 5237 375 5306 83)
395 5233 450 5302 Ofr.
468 5251 553 5304 aspra
567 5235 669 5306 rami,
688 5235 745 5289 82.
833 5236 879 5303 84)
899 5234 978 5290 Ocac.
998 5235 1058 5290 Nm.
1078 5251 1099 5291 c.
1120 5238 1143 5302 l,
1164 5235 1259 5289 dionei
1272 5234 1313 5303 II,
1332 5234 1379 5289 col.
1398 5233 1456 5288 678.
1544 5233 1589 5302 85)
1609 5234 1762 5291 iunocentii
1780 5239 1855 5308 epist.

228 5338 265 5393 od
290 5338 416 5407 Felicem,
444 5338 516 5405 Jafft
538 5339 593 5393 tc.
610 5338 654 5406 1²,
680 5354 721 5393 nr.
732 5339 796 5407 314,
824 5355 845 5394 c.
863 5340 904 5394 28.
927 5357 971 5408 ap.
997 5341 1123 5411 Ds'oays.,
1154 5341 1171 5396 1.
1188 5357 1208 5394 c.
1227 5357 1256 5410 p.
1274 5340 1338 5407 354,
1365 5355 1387 5394 c.
1408 5341 1429 5395 l.
1447 5356 1491 5409 ap.
1511 5339 1607 5394 Marsi
1624 5340 1684 5409 III,
1707 5343 1755 5396 eol.
1779 5345 1855 5400 1046.

228 5443 273 5506 86)
287 5441 387 5496 (letacii
398 5442 470 5511 epist.
488 5459 508 5496 c.
529 5445 569 5510 16,
588 5459 674 5511 supro
693 5459 720 5510 p.
734 5443 793 5511 000,
810 5447 864 5496 aot.
884 5443 925 5497 92.
1026 5444 1071 5511 87)
1092 5444 1189 5498 Metto.
1208 5445 1286 5512 24,7.
1383 5444 1428 5510 88)
1449 5443 1514 5512 Sap.
1534 5446 1558 5511 5,
1568 5445 1610 5498 21.
1711 5445 1757 5514 89)
1779 5447 1856 5502 Haec

228 5545 307 5599 mbo
322 5546 383 5614 apso
401 5544 505 5614 pardem
523 5546 553 5599 in
566 5545 657 5600 Bittio
675 5561 730 5598 aon
741 5545 923 5613 reperientes,
940 5545 1039 5600 cimilia
1050 5563 1108 5601 uero
1120 5547 1233 5616 saepire,
1251 5563 1291 5602 ea.
1307 5563 1346 5618 pr.
1360 5545 1469 5602 Denter.
1488 5549 1512 5612 1,
1522 5548 1569 5611 80,·
1586 5549 1611 5616 3,
1621 5549 1669 5613 22,-
1687 5552 1740 5603 Ios.
1760 5551 1801 5616 23,
1816 5551 1855 5607 10.

228 5652 272 5719 so)
292 5649 452 5706 urracae.
470 5652 548 5718 aro.
640 5651 685 5715 er>
705 5649 760 5716 os.
781 5649 884 5704 Poena
904 5649 1201 5722 nunccupare·
1222 5638 1323 5706 noae.
1345 5649 1588 5706 nasac-eonas.
1606 5667 1627 5707 ο.
1640 5653 1666 5720 s,
1690 5645 1855 5708 nasam-

187 5771 213 5809 so
229 5755 310 5824 leben,
329 5754 564 5823 Bassorduauqea
579 5771 607 5822 p.
626 5755 685 5810 506.
704 5755 771 5822 570‚·
795 5755 936 5824 Bruaoer,
955 5757 1016 5812 RG.
1033 5758 1074 5823 H,
1091 5775 1118 5826 p.
1132 5757 1194 5826 008,
1211 5763 1266 5813 aot.
1279 5759 1303 5812 3.

332 5868 368 5906 ru.
389 5867 555 5906 carrruunrus
575 5868 599 5904 u.
1613 5851 1648 5906 30
