4568 6420
391 460 454 524 428
503 455 771 511 ΑΠΒΙΤΑΜΕΝΤΔ
791 455 841 510 AD
859 453 974 510 curin.
993 453 1076 510 REG.
1096 453 1280 508 FRANOIAE
1300 452 1488 508 occlusus.
1506 452 1653 522 (KAROLI
1670 453 1716 522 ΙΙ).
1734 483 1767 491 -
1785 454 1903 509 Νιῖθῖ.

309 640 370 695 858.
495 629 616 694 Auctor
640 628 788 708 epistolae
814 634 860 694 est
887 627 1092 692 Hincmorns.
1144 625 1290 690 Testatur
1317 625 1401 689 enim
1428 625 1556 706 ipsein
1584 626 1698 690 litteris
1727 626 1771 691 od
1796 625 1955 692 Korolnm
1976 627 2014 691 de

387 732 561 798 coercendis
581 733 708 814 rapinis
728 732 857 796 directis
878 730 1000 814 (Opera
1014 730 1061 807 II,
1082 749 1114 810 p.
1134 730 1210 811 145)
1232 727 1313 791 bisce
1328 728 1445 792 amba:
1476 728 1584 793 Nolite
1600 730 1769 814 negligere
1785 731 1842 795 illa
1858 731 2011 817 capitula,

389 859 473 924 quae
509 835 652 922 synodus
690 835 730 898 de
764 834 930 899 Carisiaco
971 855 1030 919 per
1057 833 1268 898 Wenilonem
1308 840 1342 896 et
1375 831 1602 898 Erchanreum
1637 835 1817 899 transmisit
1852 835 1892 900 ad
1926 835 2013 900 hunc

389 940 590 1005 Attiniaonm
613 939 792 1026 praeterito
815 959 901 1002 anno
925 936 1119 1000 Hludcwico
1146 935 1239 1000 fratri
1262 943 1372 1000 vestro
1401 943 1435 1000 et
1463 957 1516 1000 me
1543 937 1788 1002 transmittente
1812 937 2011 1004 Hinomarus

389 1044 475 1107 lilius
492 1063 584 1107 meus
602 1041 695 1105 vobis
718 1040 820 1120 dedit,
843 1039 973 1126 quando
990 1038 1158 1103 vobiscum
1182 1039 1215 1102 in
1232 1038 1423 1122 Burgundio
1442 1039 1513 1119 fuit,
1538 1039 1596 1104 sed
1613 1041 1753 1126 relegite
1769 1063 1810 1106 aa
1825 1041 2012 1126 diligenter,
2043 1063 2055 1101 s

389 1147 453 1230 qui,
476 1145 554 1210 mibi
578 1143 713 1224 credite,
737 1144 810 1230 plus
834 1143 1002 1229 provehis
1023 1162 1120 1227 quam
1142 1163 1200 1227 pro
1224 1142 1281 1205 illo
1303 1142 1392 1206 facta
1410 1141 1554 1208 luerunt.
1600 1141 1784 1209 Credebam
1806 1145 1902 1225 enim,
1926 1143 2012 1230 quod

388 1249 451 1313 Dei
475 1247 698 1312 misericordia
721 1268 780 1310 vos
803 1267 961 1310 revocare
985 1245 1155 1310 debuisset
1185 1251 1219 1308 et
1251 1245 1308 1309 illa
1336 1243 1514 1308 admonitio
1537 1244 1631 1309 vobis
1654 1248 1843 1311 necessaria
1866 1255 1899 1311 et
1922 1249 2012 1312 utilis

388 1373 461 1416 esse
485 1352 624 1422 valeret;
648 1349 708 1434 cfr.
731 1351 826 1413 etiam
848 1348 1027 1414 Flodoordi
1048 1347 1134 1412 Hist.
1157 1349 1227 1414 cccl.
1252 1347 1341 1415 Rene.
1364 1349 1418 1412 lib.
1435 1349 1503 1426 III,
1526 1369 1551 1416 c.
1568 1351 1619 1427 20,
1641 1349 1704 1418 SS.
1721 1351 1823 1429 XIII,
1843 1371 1876 1430 p.
1891 1356 1964 1416 511.

1489 1451 1549 1533 (B.
1572 1451 1623 1529 II,
1638 1457 1715 1532 llll;
1737 1452 1775 1520 P.
1798 1453 1906 1530 deest)

500 1616 639 1728 Damno
663 1662 857 1728 Hludowico
886 1662 955 1746 regi
985 1661 1127 1746 glorioso
1158 1661 1305 1748 episcopi
1334 1660 1510 1725 Remorum
1543 1659 1709 1724 dioceseos
1733 1668 1832 1747 atquc
1855 1661 2012 1727 Rotoma-
2033 1683 2057 1722 ro

388 1769 511 1854 gensis,
534 1768 589 1852 qui
612 1766 730 1831 adesse
754 1766 929 1851 potuimus.

501 1877 526 1934 1.
561 1870 706 1934 Litteras
729 1869 979 1933 dominationis·
1000 1875 1132 1932 vestrae
1160 1870 1279 1953 quique
1308 1874 1455 1933 nostrum
1479 1868 1667 1949 habuimus,
1698 1870 1837 1955 quibusb
1861 1870 2013 1950 iussistis,

387 1981 425 2038 ut
447 1974 557 2038 sobis⁰
580 1971 673 2039 vlle
689 1971 764 2038 Kal.
788 1971 961 2036 Decembr.
985 1971 1100 2036 Remis
1123 1981 1395 2052 occurreremus0,
1427 1979 1590 2057 quatenns
1619 1972 1665 2036 ibi
1690 1973 1858 2037 nobiscum
1883 1981 1916 2038 et
1939 1995 2012 2039 cum

389 2078 508 2143 ceteris
540 2076 690 2141 fidelibus
721 2077 839 2140 vestris
870 2075 910 2139 de
942 2076 1182 2140 restauratione
1212 2083 1345 2140 sanctae
1377 2077 1539 2141 ecclesiae
1575 2084 1609 2142 et
1643 2076 1684 2142 de
1719 2084 1806 2142 statu
1841 2099 1878 2142 ac
1907 2081 2014 2143 salute

389 2180 501 2266 populi
525 2181 691 2244 christiani
721 2179 917 2244 tractaretis.
970 2176 1037 2242 Sed
1064 2199 1123 2241 nos
1151 2177 1192 2241 ad
1220 2178 1375 2263 placitum
1405 2179 1486 2243 illud
1510 2199 1679 2245 occurrere
1703 2203 1767 2245 non
1792 2183 1956 2268 potuimus
1980 2189 2015 2246 et
2034 2204 2058 2241 a

389 2290 522 2370 propter
544 2282 843 2348 incommoditatem
871 2288 904 2345 et
927 2281 1122 2346 brevitatem
1146 2283 1301 2368 temporis
1333 2290 1366 2346 et
1396 2292 1532 2369 propter
1560 2285 1860 2350 inconvenientiam
1884 2287 1946 2350 loci
1972 2294 2014 2365 et,

390 2386 476 2473 quod
500 2396 550 2451 est
572 2385 758 2470 lugubrius,
788 2391 922 2471 propter
950 2385 1194 2450 confusionem¹
1223 2385 1383 2449 turnultus
1412 2386 1527 2453 exorti.
1581 2387 1646 2453 Sed
1675 2396 1709 2452 et
1736 2388 1854 2452 divinis
1876 2390 2016 2473 legibus,

389 2510 471 2575 quas
501 2498 535 2554 et
561 2510 619 2555 vos
649 2489 878 2553 observaturos
908 2509 981 2552 cum
1009 2489 1149 2552 vestris⁸
1175 2488 1332 2552 fratribus
1365 2488 1459 2552 nobis
1494 2484 1746 2571 denunciantis¹,
1781 2499 1912 2556 cautum
1942 2512 2016 2556 esse

390 2594 583 2675 dinoscitur,
619 2594 711 2679 quia,
741 2593 824 2657 siout
847 2613 907 2656 nec
931 2592 1170 2678 archiepiscopi
1203 2593 1273 2657 sine
1298 2593 1535 2678 coepiscopisl,
1567 2595 1613 2658 ita
1640 2614 1701 2656 nec
1729 2595 1917 2681 coiipiscopi
1947 2597 2016 2658 sine

390 2695 721 2782 archiepiscoporum¹
745 2716 907 2761 consensu
931 2697 982 2760 vel
1012 2698 1117 2777 iussn,
1149 2697 1211 2760 nisi
1238 2718 1322 2783 quae
1353 2696 1394 2760 ad
1423 2701 1571 2784 proprias
1599 2699 1765 2783 pertinent
1793 2699 2013 2785 parroechias,
2032 2717 2058 2756 ro

388 2800 511 2865 debent
527 2820 754 2885 praesumere:
778 2808 812 2864 et
834 2802 868 2865 in
891 2807 958 2865 tam
975 2808 1113 2886 angusto
1129 2800 1291 2886 tempore*
1316 2801 1633 2887 archiepiscoporum
1649 2800 1795 2865 litterask
1819 2823 1883 2866 non
1908 2789 2011 2867 nalui-

390 2926 462 2968 mus
491 2903 531 2969 de
561 2912 723 2969 conventu
753 2903 901 2970 habere¹.
952 2903 1160 2990 Quapropter
1188 2905 1314 2968 noverit
1345 2911 1452 2968 vestra
1479 2904 1679 2986 sublimitas,
1716 2905 1793 2991 quia
1821 2905 2014 2970 mandatum

390 3016 534 3073 vestrum
557 3014 669 3072 nostra
692 3028 755 3071 non
779 3008 976 3094 contempsit
998 3007 1175 3088 humilitas,
1200 3007 1269 3085 sed,
1294 3009 1377 3071 siout
1401 3008 1495 3092 longe
1520 3015 1570 3072 est
1593 3016 1668 3071 ante
1693 3028 1752 3071 nos
1769 3006 1903 3090 dictum,
1928 2998 2015 3094 ‘qui2

391 3112 483 3177 iubet
506 3112 720 3196 impossibile,
743 3111 822 3175 iacit
845 3131 880 3174 se
904 3108 1205 3195 contemptibilem’

498 3218 528 3282 2.
562 3214 628 3280 Sed
651 3222 880 3280 attrectatum
903 3215 944 3279 de
968 3215 1205 3279 restauratione
1221 3221 1356 3278 sanctae
1371 3213 1466 3278 Deim
1490 3214 1651 3277 ecclesiae
1675 3221 1708 3278 et
1731 3220 1820 3278 statu
1843 3235 1881 3279 ac
1906 3216 2012 3280 salute
2031 3236 2056 3276 os

391 3322 503 3408 populi
522 3321 699 3398 christiani,
723 3319 808 3404 quod
825 3340 911 3382 nunc
926 3340 985 3383 vos
1008 3319 1179 3383 nobiscum
1203 3319 1326 3382 babere
1343 3319 1429 3382 velle
1453 3318 1570 3399 dicitis,
1593 3319 1709 3382 iustius
1733 3325 1766 3382 et
1788 3319 2015 3384 rationabilius

392 3424 471 3488 illud
498 3424 612 3488 haberi
638 3425 815 3510 potuisset,
850 3423 877 3486 si
909 3423 1045 3502 nostris,
1076 3423 1152 3507 quin
1179 3422 1289 3507 potius
1318 3421 1435 3486 divinis
1468 3422 1613 3485 consiliis
1646 3427 1679 3484 et
1711 3421 2016 3486 observationibus¹¹

391 3538 490 3613 atque
522 3524 795 3592 obtestationibus
832 3545 972 3611 superno
1006 3532 1159 3610 respectu
1195 3524 1423 3611 obtemperare
1452 3525 1654 3599 voluissetis;
1690 3525 1767 3610 quia
1804 3545 1869 3589 non
1905 3532 2017 3591 nostra

392 3633 599 3718 scripsimus,
630 3629 869 3710 mandavimus,
898 3628 1058 3710 diximus,
1089 3629 1148 3693 sed
1178 3649 1262 3715 quae
1296 3628 1441 3693 dictante
1472 3629 1624 3707 caritate,
1652 3648 1735 3713 quae
1764 3627 1856 3694 Deus
1886 3636 1953 3709 est,
1982 3631 2015 3694 in

390 3736 508 3802 litteris
539 3735 640 3799 sacris
674 3733 873 3812 invenimus,
908 3739 941 3798 et
971 3754 1055 3819 quae
1091 3740 1228 3798 naturae
1259 3735 1357 3798 insita
1391 3733 1669 3818 recognoscimus.
1727 3731 1901 3797 Caeterum
1931 3754 2016 3819 quae
2036 3762 2061 3802 so

393 3849 505 3904 contra
527 3840 597 3918 illa,
628 3857 712 3922 quae
736 3836 940 3922 scripsimus,
964 3835 1201 3915 mandavimus,
1225 3836 1385 3914 diximus,
1409 3845 1483 3900 ecta
1506 3844 1582 3900 sunt
1605 3835 1657 3900 vel
1681 3845 1832 3919 aguntur,
1856 3838 2015 3901 naturalis

390 3944 474 4028 legis
497 3943 630 4007 morbus
653 3949 687 4005 et
702 3941 816 4034 vitium
838 3939 938 4003 etiam
962 3962 981 4004 a
1003 3941 1110 4004 minus
1126 3940 1328 4027 sapientibus
1345 3962 1419 4005 esse
1437 3939 1625 4006 dinoscitur.
1672 3940 1746 4013 Qua
1761 3941 1802 4006 de
1819 3961 1854 4004 re
1871 3941 2016 4026 prudens

392 4049 528 4132 quisque
551 4033 742 4130 resipiscato
765 4053 818 4107 ct?
840 4043 974 4128 sapiatl,
1004 4065 1101 4128 quam
1124 4044 1293 4129 granditer
1316 4042 1406 4108 Deus
1431 4043 1614 4122 offenditur,
1639 4043 1767 4130 quando
1790 4045 1823 4109 in
1848 4047 1894 4108 sic
1915 4066 2014 4130 gran-

392 4151 488 4214 dibus
512 4157 546 4214 et
573 4149 697 4234 apertis
728 4169 792 4211 non
820 4148 1011 4231 ignoranter
1036 4154 1202 4233 peccatur.
1248 4146 1343 4212 Unde
1367 4148 1523 4233 scriptum
1547 4153 1610 4213 est:
1643 4138 1888 4211 ‘Descendent3
1911 4150 1944 4212 in
1967 4151 2016 4213 in-

392 4255 519 4319 fernum
548 4249 718 4329 viventes,
747 4251 855 4316 idest
883 4250 1034 4314 labantur
1063 4252 1096 4315 in
1129 4257 1298 4336 peccatum
1326 4251 1479 4316 scientes.
1533 4250 1626 4323 Quae
1658 4250 1769 4315 divina
1798 4253 2014 4337 permissione
2035 4281 2059 4322 ss

392 4358 507 4421 merito
531 4355 642 4419 mundi
666 4354 822 4440 patientis
844 4361 978 4439 propter
995 4354 1180 4419 communia
1196 4359 1332 4439 peccata
1348 4363 1471 4434 nostra,
1494 4362 1658 4440 pastorum
1676 4355 1802 4418 scilicet
1818 4363 1850 4418 et
1865 4377 2018 4441 gregum,

392 4472 526 4547 propter
556 4459 678 4522 delicta
709 4457 795 4542 regis
828 4465 881 4519 ctq
909 4458 1035 4542 regnis,
1070 4458 1242 4536 eveniunt,
1276 4458 1360 4522 sicut
1394 4458 1550 4544 scriptum
1582 4466 1649 4538 est,
1680 4451 1930 4523 ‘immissiones⁴
1960 4482 2020 4546 per

392 4564 529 4649 angelos
558 4563 671 4626 malos.
722 4560 817 4624 Viam
846 4560 924 4624 fecit
955 4559 1116 4626 Dominus
1147 4561 1301 4625 semitae*
1336 4562 1404 4625 irae
1436 4559 1535 4629 snae.'
1588 4560 1727 4644 Tamen,
1765 4562 1848 4626 sient
1878 4564 2019 4628 veritas·

392 4659 622 4754 protestatur-²³,
645 4687 710 4729 non
734 4667 795 4730 erit
818 4665 888 4728 sine
905 4665 1026 4730 ultione
1044 4664 1216 4744 vindictae,
1240 4685 1300 4728 nec
1323 4666 1396 4751 ipsa
1420 4666 1510 4750 virga
1531 4666 1648 4730 furoris
1665 4664 1808 4730 Domini.
1856 4665 1908 4730 Sic
1934 4667 2016 4752 legi-

394 4795 480 4853 mus,
511 4774 558 4835 sic
587 4770 786 4851 audivimus,
817 4771 862 4832 sic
891 4769 1029 4833 vidimus
1058 4775 1091 4834 et
1119 4790 1177 4854 pro
1211 4776 1300 4833 certo
1334 4769 1381 4831 sic
1412 4770 1476 4832 cito
1506 4766 1707 4850 videbimus,
1739 4771 1906 4856 quoniam,
1942 4771 2019 4834 licet
2037 4803 2064 4841 ω

392 4885 581 4963 peccatores
597 4877 708 4954 simus,
731 4873 788 4938 scd
805 4873 1010 4958 poenitentes
1026 4881 1059 4938 et
1075 4874 1107 4936 in
1124 4872 1234 4936 divina
1251 4871 1427 4936 clementia
1442 4871 1570 4936 fortiter
1586 4871 1785 4937 confidentes
1801 4873 2019 4937 ministerium

393 5001 519 5044 sacrum
549 4988 707 5066 operante
738 4976 861 5063 Spiritu
891 4986 1004 5042 sancto
1033 4978 1249 5062 suscepimus,
1284 4979 1355 5041 sine
1384 4998 1447 5061 quo
1480 4998 1574 5042 sacra
1609 4997 1674 5041 non
1704 4978 1941 5057 ministramus,
1969 4979 2020 5040 et*

496 5180 524 5245 a)
543 5181 727 5232 admonitionis
745 5179 769 5230 5.
856 5178 886 5244 b)
904 5179 949 5244 qui
967 5175 991 5230 2.
1080 5179 1106 5241 o)
1126 5179 1199 5230 uobis
1217 5175 1241 5227 2.
1311 5178 1339 5241 d)
1357 5185 1447 5229 cernon
1465 5177 1488 5228 5.
1578 5176 1603 5244 o)
1622 5177 1821 5230 occurremns2.
1910 5179 1936 5240 l)
1953 5194 2021 5230 oom-

393 5269 537 5336 passionem
556 5267 579 5318 5.
649 5269 678 5333 g)
698 5267 820 5318 iratribus
839 5266 932 5316 nostris
950 5263 973 5314 5.
1050 5265 1077 5326 b)
1095 5265 1239 5332 coepiscopi
1256 5264 1280 5316 4.
1352 5263 1372 5330 i)
1390 5265 1503 5330 archiep.
1589 5273 1702 5331 tempore
1721 5283 1769 5316 orn.
1786 5265 1810 5316 5.
1882 5265 1910 5330 k)
1929 5265 2020 5317 litteris

392 5373 438 5407 uos
456 5355 480 5406 5.
561 5355 580 5416 l)
600 5369 741 5404 sermonem
760 5353 822 5403 add.
840 5350 865 5403 5.
946 5351 982 5416 m)
1001 5368 1049 5401 om.
1068 5349 1143 5402 3-5.
1216 5351 1245 5414 n)
1264 5352 1485 5403 obsecrationibus
1503 5350 1526 5402 2.
1603 5349 1629 5418 o)
1648 5353 1766 5419 respiciat
1785 5351 1808 5404 5.
1880 5353 1908 5418 p)
1927 5369 1975 5403 om.
1994 5349 2018 5403 2.
2037 5369 2062 5408 aa

393 5443 420 5507 q)
439 5459 488 5494 orn.
507 5441 530 5493 5.
618 5440 642 5509 r)
660 5442 764 5493 semitas
783 5440 805 5491 1.
894 5441 917 5502 e)
936 5440 1062 5490 Dominus
1079 5439 1101 5491 5.
1191 5441 1212 5500 t)
1231 5455 1289 5490 nam
1307 5437 1331 5490 4.
1440 5499 1441 5503 Ἰ

498 5624 523 5692 1)
543 5621 598 5689 Θή.
611 5621 689 5676 Ocno.
702 5637 747 5690 op.
761 5621 908 5674 Maeniam
921 5619 946 5672 I.
963 5619 1024 5685 elo,
1041 5633 1125 5686 aspro
1140 5635 1169 5688 p.
1182 5619 1224 5684 69,
1238 5635 1259 5674 c.
1273 5621 1303 5682 5,·
1323 5617 1400 5673 Ocno.
1414 5636 1458 5688 op.
1476 5617 1744 5688 MorsaomlIsstl,
1763 5635 1847 5686 aspro
1863 5635 1892 5687 p.
1905 5620 1947 5686 73,
1966 5635 1986 5673 c.
1995 5621 2018 5674 6.

391 5729 419 5799 s)
441 5725 507 5796 eos
523 5727 631 5797 dame,
649 5731 743 5784 meo.
830 5727 858 5792 e)
878 5725 976 5778 actm.
996 5723 1089 5790 aare.
1177 5725 1204 5793 4)
1226 5721 1297 5776 nso.
1316 5723 1409 5788 nne.
1428 5727 1470 5780 eo.
1558 5726 1587 5795 a)
1606 5723 1663 5790 cfr.
1683 5724 1761 5778 asar.
1782 5725 1858 5790 ras.
