4568 6434
416 448 477 512 188
531 443 799 500 ΑὓῦΙΤΑΜΕΝΤΑ
818 444 868 499 ΑΙ)
886 443 1132 500 CAPITULARIA
1150 443 1282 499 REGUM
1299 442 1482 498 assuctus
1501 443 1728 499 ORIENTALIS.
1749 475 1781 485 -
1800 445 1848 500 Νι.
1861 444 1921 501 249.

336 645 396 700 852.
414 615 606 704 presbiteris
630 623 728 703 atque
749 617 941 682 diaconibus
965 638 1063 683 canes
1087 617 1127 682 ad
1144 616 1327 683 venandum
1352 621 1450 702 atque
1472 615 1617 681 falcones
1641 623 1833 702 ceterasque
1857 618 1897 682 ad
1921 617 2036 682 luden-

414 711 491 784 dum
515 739 593 784 aves
616 720 740 786 habere
763 742 828 785 non
850 722 962 796 liceat;
994 720 1109 807 quodsi
1133 721 1204 806 quis
1228 721 1342 785 talium
1366 740 1579 805 personarum
1607 719 1640 784 in
1662 719 1724 785 hac
1747 721 1917 786 voluntate
1940 721 2038 787 fuerit

413 823 584 904 detentus,
618 825 646 888 si
675 825 846 910 episcopus
874 831 951 906 est,
976 824 1079 888 tribus
1107 824 1273 889 mensibus
1302 844 1322 886 a
1350 823 1576 887 communione
1606 823 1841 908 suspendatur,
1874 825 2037 910 presbiter

414 924 551 1007 duobus,
575 925 732 993 diaconus
754 926 771 991 I
794 929 835 992 ab
859 927 946 992 omni
968 927 1075 991 officio
1099 926 1324 992 ecclesiastico
1349 932 1383 990 et
1406 926 1630 990 communione
1654 925 1911 993 removeatur.’*

521 1055 580 1139 (7.)
614 1054 672 1120 De
697 1056 946 1121 continentia
968 1055 1295 1142 presbiterorum.
1339 1045 1439 1118 qurn
1456 1053 1610 1120 etiamad
1628 1054 1873 1120 custodiendam
1889 1058 1987 1121 vitam
2004 1062 2037 1122 et
2068 1078 2080 1116 s

413 1157 533 1221 famam
562 1159 696 1243 speciali
725 1157 929 1224 ordinatione
952 1160 1168 1245 precipimus,
1196 1166 1233 1223 ut
1256 1159 1364 1223 nullus
1389 1158 1579 1223 clericorum
1603 1164 1781 1224 extraneae
1804 1161 1932 1226 mulieri
1955 1183 2035 1246 qus-

412 1262 494 1327 libet
526 1263 702 1328 collatione
732 1270 789 1328 aut
818 1264 1040 1329 familiaritate
1070 1265 1238 1350 iungatur;
1274 1269 1308 1328 et
1337 1283 1400 1327 non
1430 1263 1535 1326 solum
1565 1262 1599 1325 in
1628 1261 1725 1327 domo
1756 1263 1845 1329 illius
1877 1270 2037 1329 extranea

412 1365 529 1429 mulier
563 1386 627 1430 non
662 1365 815 1446 accedat,
855 1366 912 1432 sed
945 1387 1006 1432 nee
1039 1367 1111 1453 ipse
1145 1366 1376 1451 frequentandi
1409 1363 1451 1428 ad
1485 1370 1678 1452 extraneam
1710 1366 1880 1431 mulierem
1914 1366 2037 1433 habeat

412 1473 625 1552 potestatem,
658 1467 716 1534 sed
740 1489 814 1532 cum
837 1476 940 1533 matre
964 1475 1091 1533 tautum
1114 1475 1148 1532 et
1171 1473 1296 1549 so'rore,
1327 1467 1396 1532 filia
1424 1472 1458 1531 et
1483 1474 1620 1553 neptae,
1653 1469 1679 1531 si
1703 1468 1869 1547 habuerit,
1900 1470 2036 1536 liberam

412 1570 535 1636 habeat
556 1569 774 1657 potestatem)
812 1570 896 1637 Item
920 1574 952 1636 iu
976 1579 1132 1658 sequente
1156 1572 1311 1658 capitulo:
1336 1562 1529 1635 ‘Ancillcs4l
1552 1572 1605 1636 vel
1627 1572 1761 1638 libertas
1785 1595 1805 1637 a
1828 1573 1959 1638 cellario
1983 1575 2036 1640 rel
2054 1595 2079 1632 ιο

413 1680 541 1740 secreto
564 1676 745 1740 ministerio
769 1678 867 1741 etab
891 1676 1006 1742 eadem
1030 1678 1214 1756 mansione,
1243 1677 1365 1761 inqua
1389 1675 1527 1741 clericus
1551 1682 1676 1754 manet,
1707 1676 1832 1762 placuit
1854 1675 2035 1743 remoreri’

412 1777 453 1840 In
476 1779 612 1843 concilio
633 1800 710 1844 vero
727 1777 926 1844 Hilardeuse
949 1780 1092 1865 capitulo
1109 1777 1181 1844 XV.
1205 1779 1252 1843 ita
1275 1778 1487 1864 praecipitur:
1524 1770 1839 1843 ‘Familiaritatemffi
1861 1786 2035 1845 extranea-

411 1902 483 1945 rum
511 1883 683 1948 mulierum
710 1885 789 1949 licet
818 1905 859 1948 ex
889 1890 958 1948 tcto
988 1885 1092 1948 sancti
1120 1890 1231 1969 patres
1259 1882 1401 1968 antiquis
1425 1880 1655 1945 monitionibus
1678 1883 1886 1968 preceperint
1909 1884 2035 1948 clericis

413 1984 615 2066 evitandam,
638 1984 669 2049 id
692 2007 778 2052 nunc
801 1993 912 2052 tamen
935 1987 1030 2051 nobis
1052 1987 1159 2051 visum
1182 1991 1246 2065 est,
1270 1990 1315 2064 ut,
1341 1985 1395 2070 qui
1419 1983 1495 2048 talis
1518 1982 1720 2069 probabitur,
1744 1991 1820 2070 post
1842 1985 1979 2071 primam
2002 1993 2036 2050 et

411 2087 589 2153 secundam
612 2089 895 2169 ammonitionem,
925 2089 951 2153 si
978 2088 1152 2154 emendare
1180 2088 1384 2172 neglexerit,
1413 2086 1515 2150 donec
1545 2087 1578 2149 in
1599 2086 1679 2150 vitio
1707 2094 1908 2172 perseverat,
1937 2088 2034 2154 officii
2054 2109 2078 2148 ra

413 2191 463 2254 sui
479 2189 637 2275 dignitate
655 2193 809 2278 privetur.
844 2192 970 2267 Quodsi
986 2213 1021 2256 se
1034 2192 1106 2256 Dec
1123 2191 1256 2256 iuvante
1272 2190 1461 2270 correxerit,
1486 2196 1600 2255 sancto
1615 2190 1794 2255 ministerio
1811 2191 2034 2261 restauretur!

482 2363 484 2368 κ
519 2317 578 2403 (8.)
612 2319 690 2385 Deu
714 2322 975 2386 excusatione
998 2320 1323 2407 prespiterorum
1349 2324 1390 2383 et
1412 2317 1681 2383 diaconorum.
1718 2319 1753 2384 si
1776 2321 1848 2404 quis
1872 2321 2036 2406 presbiter

412 2420 521 2486 vitae*
544 2443 623 2488 suae
647 2425 829 2508 neglegens
852 2425 962 2510 pravis
986 2423 1146 2509 exemplis
1170 2423 1257 2486 mala
1279 2421 1320 2486 de
1343 2443 1379 2486 se
1403 2422 1587 2508 suspicari'⁷
1609 2422 1816 2506 permiseritv
1839 2431 1873 2487 et
1896 2426 2035 2511 populus

411 2525 453 2589 ab
477 2517 632 2612 episcopo
656 2528 837 2592 iuramento
861 2539 941 2592 seo¹
955 2526 1064 2591 banno
1085 2526 1332 2590 christianitatis
1355 2526 1549 2590 constrictus
1571 2525 1737 2589 infamiam
1754 2525 1825 2589 eius
1842 2527 2035 2612 patefecerit

412 2635 445 2691 et
469 2629 571 2693 certiy
593 2637 803 2697 accusatores
827 2631 971 2695 criminis
995 2630 1067 2695 eius
1090 2629 1262 2709 defuerint,
1287 2628 1503 2693 admoneatur
1518 2629 1622 2716 primo
1644 2649 1793 2694 seorsum
1809 2630 1850 2694 ab
1868 2631 2033 2716 episcopo,
2051 2647 2078 2687 πο

411 2729 528 2797 deinde
552 2733 611 2798 sub
628 2733 756 2798 duobus'
773 2735 826 2798 uel
841 2733 945 2798 tribus
962 2733 1119 2807 testibus;
1147 2733 1173 2796 si
1193 2753 1259 2796 non
1276 2730 1507 2810 emendaverit,
1533 2733 1567 2795 in
1583 2739 1744 2796 conventu
1759 2733 2034 2818 presbiterorum¹

411 2835 587 2922 episcopus
613 2856 687 2901 eum
715 2837 846 2922 publica
876 2836 1099 2922 increpatione
1129 2834 1336 2909 admoneat”;
1368 2835 1515 2899 sivero·
1542 2855 1602 2899 nec
1630 2837 1677 2899 sic
1707 2855 1743 2899 se
1767 2835 1960 2916 correxerit,
1992 2837 2033 2901 ab

411 2936 517 3001 officio
551 2940 770 3024 suspendatur
800 2960 904 3024 usque
937 2938 979 3003 ad
1012 2938 1142 3024 dignam
1177 2937 1449 3018 satisfactionem,
1489 2958 1531 3001 ne
1562 2937 1724 3023 populusb
1755 2937 1898 3003 fidelium
1929 2939 1963 3002 in
1994 2960 2033 3004 eo

411 3039 600 3105 scandalum
627 3042 827 3128 patiatur**.
881 3041 935 3106 Si⁰
967 3048 1075 3106 autem
1105 3046 1314 3106 accusatores
1343 3039 1482 3124 legitimi
1514 3040 1651 3120 fuerint,
1690 3042 1745 3126 qui
1778 3040 1867 3105 eius‘l
1900 3042 2035 3107 crimina

410 3143 592 3208 manifestis
616 3144 744 3210 indiciis
769 3147 906 3232 probare
930 3143 1171 3224 contenderint,
1195 3149 1228 3208 et
1250 3143 1322 3228 ipse
1346 3143 1531 3228 negaverit,
1555 3151 1631 3207 tunc
1653 3143 1724 3227 ipse
1749 3164 1822 3208 cum
1846 3145 1944 3209 sociis
1967 3146 2033 3210 suis
2051 3163 2077 3204 ss

411 3246 559 3310 eiusdem
596 3246 718 3313 ordinis
738 3247 807 3312 VI⁰
835 3249 931 3328 viris,
967 3249 995 3312 si
1024 3248 1126 3326 valet,
1161 3267 1180 3310 a
1214 3246 1347 3311 crimine
1380 3248 1592 3333 semetipsum
1625 3254 1795 3333 expurget.
1847 3247 2034 3314 Diaconus⁰

409 3369 499 3430 vero,
525 3351 552 3414 si
575 3351 690 3417 eodem
713 3353 849 3417 crimine
873 3358 1046 3416 accusatus
1063 3351 1172 3430 fuerit,
1196 3351 1411 3438 semetipsum
1427 3371 1499 3415 cum
1515 3350 1620 3415 tribus
1637 3349 1844 3416 diaconibus‘
1858 3353 2032 3417 examinet.

511 3572 538 3640 *)
561 3570 621 3627 Ood.
641 3571 737 3626 aaut.
757 3571 816 3639 IX,
834 3572 868 3624 32
883 3570 927 3637 fol.
942 3571 1019 3639 143¹,
1037 3588 1057 3627 a.
1071 3575 1088 3627 9
1101 3573 1211 3642 praebet
1228 3573 1377 3642 copitsalnm
1396 3571 1542 3641 molam,
1565 3573 1636 3641 qaod
1653 3588 1685 3626 aa
1701 3578 1792 3627 metro
1809 3579 1897 3627 ortam
1914 3573 2034 3628 mlietm:

407 3656 437 3710 Si
455 3656 518 3726 quis
542 3657 702 3727 episcopus,
729 3656 877 3725 presbyter
899 3660 928 3710 et
950 3656 1083 3712 diaconus
1109 3675 1170 3712 cum
1196 3658 1295 3712 avibus
1319 3662 1348 3713 et
1370 3658 1485 3712 canibus
1507 3675 1556 3713 seu
1577 3659 1694 3728 reliquis
1716 3659 1784 3713 iocis
1804 3676 1884 3712 usum
1903 3659 2035 3714 habuerit

407 3742 520 3798 iocandi
539 3746 568 3798 et
587 3744 756 3798 transitoriis
774 3743 856 3798 rebus
875 3743 1027 3808 elaborant,
1046 3743 1146 3812 quodsi
1165 3743 1227 3813 quis
1245 3745 1299 3799 rell.
1317 3744 1368 3810 cfr.
1385 3744 1434 3798 lia.
1447 3743 1472 3799 2.
2050 3760 2076 3798 so

494 3865 536 3932 **)
558 3863 619 3918 Occi.
640 3863 803 3935 Guelferbyt.
817 3881 904 3934 perp:
930 3864 1024 3934 Digna
1046 3865 1121 3919 enim
1144 3865 1301 3920 satisfactio
1325 3869 1368 3921 est
1392 3864 1594 3932 (satisfactione
1611 3867 1657 3933 a),
1684 3864 1709 3918 si
1733 3864 1785 3930 eis,
1813 3865 1950 3934 aquibus
1970 3883 2034 3920 reus

406 3948 541 4017 creditur,
570 3966 620 4019 per
643 3953 747 4005 rectam
772 3951 949 4007 securitatem
973 3951 1008 4005 de
1035 3951 1131 4006 eodem
1156 3952 1272 4006 crimine
1295 3953 1429 4007 innocens
1448 3968 1506 4006 esse
1524 3952 1735 4016 manifestatur,
1763 3953 1838 4021 quod
1856 3953 1898 4007 ita
1916 3953 2033 4008 nobisa

406 4035 558 4090 maioribus
577 4037 762 4093 constitutum
781 4055 840 4093 esse
858 4038 981 4092 docetur.
1017 4037 1045 4092 Si
1065 4038 1138 4092 hana
1154 4038 1333 4108 impleturus,
1353 4038 1412 4093 sive
1430 4037 1583 4093 secundum
1602 4054 1733 4103 canones,
1753 4037 1811 4092 siva
1829 4037 1864 4092 ad
1884 4038 2032 4094 arbitrium

406 4121 530 4192 episcopi
555 4123 610 4176 sibi
635 4124 756 4194 collegas
780 4124 936 4194 coniungat
961 4140 1009 4178 seu
1033 4125 1109 4178 certe
1134 4122 1194 4192 ipse
1220 4124 1294 4178 solus
1318 4142 1404 4178 manu
1427 4124 1541 4194 propria
1567 4123 1642 4178 iuret
1665 4124 1695 4178 in
1717 4141 1795 4178 sacro
1822 4141 1914 4179 coram
1939 4125 2031 4194 posito

406 4207 554 4277 evangelio
577 4208 684 4274 dicens,
710 4210 785 4279 quod
809 4227 872 4266 enm
896 4212 995 4264 sancta
1016 4208 1129 4263 trinitas
1151 4212 1180 4263 et
1198 4209 1325 4264 Christus
1347 4209 1421 4264 filius
1440 4209 1505 4274 Dei,
1529 4209 1578 4279 qui
1601 4209 1673 4263 illud
1690 4209 1758 4265 fecit
1777 4212 1806 4264 et
1825 4210 1931 4272 docuit.
1956 4210 2031 4279 quod
2050 4223 2075 4264 aa

405 4294 583 4364 evangelium
598 4296 724 4351 continet
736 4301 765 4352 et
782 4296 872 4351 sancti
884 4298 1008 4366 quatuor
1021 4294 1219 4365 evangelistae,
1238 4296 1287 4365 qui
1300 4296 1371 4350 illud
1385 4295 1564 4366 scripserunt,
1585 4299 1613 4351 et
1626 4313 1721 4351 omnes
1734 4297 1823 4352 sancti
1837 4297 1876 4352 sic
1888 4297 2031 4364 adiuvent,

406 4381 482 4449 qnod
499 4381 549 4436 ille
566 4399 617 4453 per
634 4383 807 4439 nominatam
826 4383 965 4438 actionem
983 4383 1026 4437 ita
1043 4399 1100 4437 non
1118 4385 1318 4452 perpetrasset,
1338 4383 1411 4437 sicut
1428 4382 1454 4437 ei
1472 4382 1506 4436 de
1524 4380 1575 4436 illa
1593 4382 1719 4436 oblatum
1739 4386 1789 4437 est.
1825 4383 1863 4437 Et
1880 4384 1933 4438 hac
1950 4385 2031 4439 satis·

405 4467 529 4526 factione
552 4473 688 4540 purgatus
711 4487 806 4526 secure
824 4470 956 4541 deinceps
980 4486 1059 4523 snum
1079 4472 1207 4523 exerceat
1224 4469 1419 4525 ministerium.
1456 4469 1546 4534 Quam
1564 4468 1786 4524 satisfactionem
1805 4470 1933 4524 nonnulli
1951 4488 2031 4540 prae·

404 4555 566 4610 cedentium
591 4559 703 4628 patrum
727 4560 854 4612 sanctum
878 4574 981 4628 papam
1004 4557 1124 4611 Leonem
1147 4554 1177 4609 in
1198 4554 1316 4610 basilica
1338 4555 1430 4611 sancti
1448 4555 1525 4610 Petri
1547 4556 1669 4627 apostoli
1690 4572 1782 4610 coram
1800 4556 2030 4614 reverendissimo

403 4641 522 4697 Caesare
542 4643 644 4698 liarclo
662 4661 695 4699 ac
714 4644 787 4699 clero
806 4647 835 4699 et
852 4643 935 4714 plebe
956 4642 999 4697 ita
1016 4641 1164 4711 perfecisse
1182 4646 1399 4697 commemorant
1417 4645 1503 4711 atque
1526 4642 1568 4696 ita
1585 4659 1650 4697 mox
1666 4642 1855 4697 venerandum
1874 4643 2029 4715 principem
2047 4654 2074 4693 ro

404 4731 502 4783 contra
532 4728 656 4786 eiusdem
687 4730 776 4785 sancti
805 4746 896 4800 papae
920 4728 1093 4784 adversarios
1115 4727 1219 4797 dignae
1242 4728 1359 4783 ultionis
1382 4728 1535 4783 vindictam
1558 4743 1692 4783 exercere.
1734 4728 1954 4782 Wasseracblctcn
1976 4731 1993 4783 l.
2008 4746 2030 4785 c.

400 4816 549 4882 pecuinam
565 4823 651 4886 caput
665 4817 751 4872 nostri
767 4818 874 4872 conati
885 4815 1001 4884 aaut,
1022 4819 1059 4869 cat
1070 4830 1129 4869 vcro
1136 4814 1294 4884 posterioris
1307 4815 1404 4869 cautis
1415 4819 1440 4868 ct
1452 4813 1593 4869 mescordot
1605 4829 1665 4867 nrm
1677 4812 1841 4881 Barcbords',
1860 4813 2031 4869 Daraomm

404 4901 446 4957 lab.
460 4901 502 4969 H,
519 4918 541 4956 c.
556 4903 615 4972 184,
634 4908 657 4957 at
674 4919 695 4957 c.
706 4904 746 4958 13.
762 4902 788 4958 0.
803 4903 845 4958 11.
856 4918 899 4970 qu.
909 4903 934 4969 5,
950 4899 1312 4969 torp.iar.caa.1,p.459;
1329 4900 1379 4966 afr.
1390 4899 1504 4968 Richter,
1518 4898 1716 4967 Kircbcrsracbt,
1728 4899 1768 4954 ed.
1777 4900 1803 4966 8,
1813 4916 1840 4968 p.
1851 4900 1911 4970 83¹1,
1923 4905 1977 4955 aot,
1989 4903 2030 4956 11.

506 5109 527 5174 t)
546 5112 581 5162 Vt
598 5128 634 5172 c.,·
656 5119 714 5162 arcte
731 5111 760 5162 Id
778 5110 856 5162 carbo
874 5112 937 5162 Item
956 5110 984 5160 in
1002 5109 1100 5160 decimo
1118 5108 1230 5174 capitulo
1246 5109 1287 5160 oct
1303 5109 1398 5160 similia
1416 5109 1510 5160 omisca
1527 5108 1658 5170 radantur,⁸
1679 5109 1728 5175 cfr.
1747 5107 1792 5158 lin.
1807 5106 1847 5159 10.
1917 5105 1946 5173 u)
1964 5108 2030 5159 Hln·

402 5198 493 5249 dowici
511 5198 671 5264 imperatoris
689 5198 761 5248 rubr.
779 5198 808 5247 in
822 5195 941 5258 Mmroc.;
963 5197 1002 5247 De
1020 5197 1176 5263 presbyteris
1193 5204 1219 5248 st
1237 5197 1352 5249 diaconis
1370 5196 1561 5264 negligentibus
1578 5196 1649 5248 rubr.
1666 5196 1695 5246 ia
1709 5195 1865 5260 Graalserlrpt.
1940 5192 1968 5261 v)
1986 5211 2029 5246 ne·
2047 5203 2073 5244 tt

401 5283 499 5351 gleotnr
517 5285 558 5334 sui
576 5285 607 5336 ds
626 5300 653 5334 se
671 5300 779 5350 pravum
797 5284 943 5351 exemplum
961 5282 1086 5348 suspicari
1103 5281 1247 5349 permiserit
1264 5281 1369 5332 Monac.
1443 5281 1478 5349 w)
1497 5282 1628 5349 suspicare
1646 5299 1714 5334 corr.
1726 5281 1851 5348 suspicari
1864 5297 1884 5332 c.
1954 5280 1983 5347 x)
2002 5297 2030 5332 se

401 5370 436 5420 ab
455 5386 524 5420 anno
542 5386 563 5420 c.
668 5366 697 5434 y)
721 5369 758 5420 ito
775 5369 895 5430 Morosa
922 5369 1001 5420 ceteri
1017 5381 1038 5418 c.
1144 5367 1169 5432 a)
1188 5369 1291 5435 presbit.
1310 5369 1412 5436 publice
1434 5369 1604 5420 admoneatur
1621 5368 1725 5419 Monac.
1830 5366 1856 5432 a)
1875 5368 1959 5419 adhuc
1978 5385 2029 5419 non

400 5455 576 5506 emendaverit
592 5456 627 5507 ab
646 5453 750 5506 Monac.
820 5453 848 5520 b)
868 5471 925 5521 pop.
944 5455 977 5506 ab
994 5469 1024 5504 eo
1042 5455 1233 5506 scandalizetur
1246 5455 1349 5505 Mmsac.
1420 5453 1444 5518 c)
1463 5457 1673 5522 Mogontiacense
1690 5455 1762 5504 rubr.
1776 5470 1905 5519 praeposi.
1924 5451 2028 5504 Monac.

400 5541 427 5606 d)
445 5541 561 5592 wcusati
579 5541 721 5608 presbyteri
739 5541 844 5592 Monac.
931 5539 956 5603 a)
974 5540 1022 5590 Vll
1041 5539 1162 5604 Monac.,·
1179 5539 1329 5591 Burclsnrd.
1348 5541 1412 5600 l.c.,·
1431 5541 1553 5592 Gratiae.
1572 5542 1624 5592 to.
1712 5539 1736 5604 f)
1755 5557 1803 5590 orn.
1822 5555 1843 5590 c.

503 5728 548 5794 45)
567 5723 641 5780 Ibid.
659 5740 681 5780 c.
695 5726 735 5791 10,
755 5725 771 5779 l.
784 5741 805 5778 c.
824 5726 872 5780 col.
884 5725 943 5780 326.
962 5755 994 5763 —
1012 5739 1033 5777 c.
1048 5725 1088 5791 11,
1108 5728 1125 5777 l.
1139 5739 1160 5778 c.
1178 5725 1295 5782 cot32'l.
1399 5725 1444 5792 46)
1464 5723 1542 5780 Gonu.
1560 5722 1645 5778 Ilcrd.
1665 5738 1687 5776 c.
1702 5723 1742 5789 15,
1760 5721 1778 5776 l.
1790 5737 1812 5775 c.
1829 5724 1875 5777 col.
1888 5723 1948 5779 614.
2046 5737 2073 5777 so
