4568 6420
493 417 734 473 waunualuus
753 419 800 473 DE
817 419 988 476 EXORDIIS
1006 420 1054 475 ΕΤ
1073 420 1322 476 lucubrantium
1341 421 1423 478 RES.
1443 422 1541 478 EGCL.
1561 441 1583 478 c.
1598 426 1621 478 1.
1810 431 1873 491 475

247 593 300 655 29.
324 590 376 656 De
398 592 548 657 laetaniis
571 591 716 678 agendis.

248 698 298 761 30.
323 693 374 760 De
398 705 501 781 aqua·
524 695 710 781 sparsionis.

248 802 299 864 31.
322 797 373 862 De
396 798 624 864 benedictione
647 799 767 872 caerei.

249 905 298 966 32.
322 901 530 988 Comparatio
553 893 850 968 ecclesiasticorum
874 903 1023 969 ordinum
1047 909 1080 970 et
1103 906 1339 970 saeculariumb
1368 914 1402 971 et
1425 907 1588 972 conclusio
1612 907 1724 973 libelli.

209 1107 221 1144 s
857 1073 1038 1140 Finiunt⁰
1062 1077 1268 1163 capitula0.

303 1192 477 1259 Dehine‘¹
510 1193 695 1280 inprimis
730 1196 872 1281 incipit
906 1197 1095 1282 prefati03
1130 1198 1223 1262 dein
1257 1203 1395 1263 textus
1432 1201 1646 1283 sequentis
1676 1201 1819 1265 libelli.

483 1297 529 1362 In
560 1298 715 1364 nomine
743 1297 836 1363 Deib
866 1299 998 1364 Patris
1029 1307 1069 1365 et
1098 1300 1192 1365 Filii
1220 1309 1261 1367 et
1290 1301 1468 1387 Spiritus
1497 1304 1641 1368 saneti.

967 1408 1021 1468 ΑΘ
1045 1409 1139 1468 ern.

357 1522 408 1587 De
431 1523 588 1587 ministris
612 1523 773 1588 ecelesiae
797 1529 830 1588 et
852 1524 1041 1588 ministeriis
1065 1526 1212 1611 ipsorum
1235 1546 1364 1589 necnon
1388 1531 1421 1589 et
1443 1524 1484 1590 de
1508 1527 1741 1614 multiplicibus
1765 1549 1874 1592 saere-

200 1653 225 1691 ιο
249 1634 444 1706 mentorum,
468 1625 647 1690 ciliciorum
671 1632 704 1690 et
726 1626 991 1690 observationum
1015 1626 1198 1692 rationibus
1221 1628 1315 1692 multi
1338 1628 1440 1691 multa
1464 1626 1627 1710 dixerunt,
1649 1629 1697 1694 ita
1718 1636 1755 1693 ut
1770 1649 1876 1716 pauca

249 1727 321 1794 vel¹
341 1749 447 1815 paene
471 1730 562 1793 nulla
583 1729 817 1808 remanserint,
850 1749 934 1814 quae
958 1749 1023 1792 non
1047 1729 1111 1792 iam
1135 1751 1194 1815 per
1216 1730 1496 1796 inluminationem
1521 1730 1661 1817 Spiritus
1684 1733 1788 1797 sancti
1812 1733 1876 1797 sint

254 1832 486 1912 demonstrata,
510 1853 575 1896 non
599 1833 703 1896 solum
724 1833 864 1918 qualiter
886 1833 1030 1898 debeant
1052 1833 1133 1910 lieri,
1158 1853 1270 1898 verum
1294 1835 1394 1898 etiam
1412 1834 1575 1919 quomodo
1592 1836 1723 1922 singule
1737 1837 1875 1920 mystice

253 1935 396 2001 debeant
430 1935 482 1999 vel
516 1935 641 2021 possint
677 1935 825 2019 intellegi
852 1934 1003 2020 diligenti
1038 1935 1281 2001 examinatione
1314 1936 1494 2002 discussass.
1549 1937 1693 2012 Quorum
1730 1939 1874 2003 omnium

251 2040 379 2126 copiam
411 2059 484 2104 cum
508 2038 687 2104 secundum
713 2039 974 2103 sollertissimum
1005 2039 1039 2102 in
1067 2039 1166 2104 rebus
1191 2042 1424 2106 ecclesiasticis
1448 2041 1591 2107 studium
1614 2049 1704 2108 tuum
1730 2050 1763 2108 et
1784 2043 1875 2108 libris

200 2170 224 2208 rs
251 2143 375 2208 habeas
400 2151 433 2209 et
456 2143 635 2208 memoriah
658 2140 948 2229 conprehenssmi,
972 2143 1158 2208 venerande
1184 2145 1216 2207 in
1242 2143 1373 2209 Christo
1397 2151 1489 2230 pater
1511 2144 1729 2231 Reginberte,
1754 2145 1876 2211 salubri

251 2247 440 2312 curiositate
457 2244 762 2330 ardens,.quaedam
777 2267 842 2311 non
859 2246 1059 2332 aptioribus
1075 2246 1206 2332 penitus
1223 2247 1355 2328 omissa,
1372 2248 1430 2313 sed
1445 2248 1588 2332 brevius,
1604 2268 1701 2334 quam
1715 2250 1876 2328 volueras,

250 2349 370 2430 taetel,
394 2369 481 2413 ame
498 2348 574 2413 addi
591 2347 791 2429 desiderasl,
815 2349 909 2434 quasi
925 2348 1048 2434 aliquid
1066 2349 1138 2413 illos
1154 2349 1301 2436 fugerit¹,
1319 2350 1402 2436 quod
1419 2372 1478 2416 nos
1494 2353 1686 2438 possimusm
1701 2353 1877 2438 inspicere;

252 2475 324 2520 cum
341 2454 449 2539 potius
465 2473 542 2518 vere
557 2453 672 2518 lateri¹²
687 2452 867 2518 debeamus
884 2455 1003 2534 omnia,
1019 2475 1103 2538 quae
1121 2454 1168 2518 illi
1184 2455 1316 2519 inventa
1335 2455 1427 2520 nobis
1440 2457 1568 2541 scriptis
1585 2457 1652 2520 suis
1664 2457 1875 2541 reliquerunt,

254 2578 313 2622 nec
335 2558 407 2643 ipsa
430 2555 577 2621 discendi
593 2556 749 2620 instantia
771 2578 830 2621 nos
847 2558 979 2641 assequi
1003 2577 1111 2643 posse.
1152 2555 1218 2621 Sed
1236 2563 1296 2634 est,
1323 2558 1410 2643 quod
1426 2560 1480 2623 iu⁰
1495 2557 1737 2624 huiuscemodi1'
1753 2559 1877 2644 coeptis

200 2677 227 2719 eo
255 2681 307 2724 me
331 2659 480 2725 timidum
504 2660 708 2741 consoletur,
737 2660 813 2725 dum
837 2661 1008 2726 considero
1031 2661 1104 2725 illos
1127 2659 1365 2726 difficilioribus
1389 2663 1549 2742 intentos,
1571 2662 1696 2727 leviora
1718 2663 1877 2726 transisse

252 2772 285 2828 et
312 2770 446 2850 putasse
473 2763 567 2828 nobis
589 2771 738 2849 apertas,
769 2785 852 2849 quae
877 2764 940 2829 sibi
963 2783 1021 2849 pro
1044 2783 1159 2828 sensus
1185 2764 1252 2828 euir
1275 2765 1450 2830 vivacitate
1473 2765 1668 2830 videbantur
1691 2765 1877 2851 perspicua.

253 2867 400 2933 Scribam
423 2866 523 2952 igitur
544 2868 749 2952 inquantum
774 2866 935 2932 Dominus
952 2865 1080 2931 dederit
1094 2866 1297 2946 facultatem,
1321 2867 1404 2932 sicut
1430 2889 1473 2932 ex
1490 2868 1754 2933 authenticorum
1770 2867 1878 2946 dietis,

253 2992 336 3056 quae
367 2969 472 3034 adbuc
501 2970 705 3054 attigimus¹,
736 2969 904 3035 addiscere
929 2970 1034 3056 potui,
1062 2969 1104 3034 de
1128 2969 1333 3054 quarundam
1358 2973 1654 3037 ecclesiasticarum
1678 2971 1820 3042 exordiis
1844 2978 1878 3036 et

252 3077 357 3140 causis
380 3096 506 3154 rerum,
530 3082 564 3139 et
586 3074 672 3140 unde
697 3074 758 3139 hoc
781 3074 833 3140 vel
857 3073 937 3139 illud
960 3075 991 3138 in
1017 3074 1286 3138 consuetudinem
1310 3076 1459 3156 venerit,
1482 3081 1515 3140 et
1537 3073 1697 3160 quomodo
1721 3094 1876 3161 processu

200 3197 225 3237 u
252 3179 407 3265 temporis
431 3183 564 3242 auctum
586 3180 639 3256 sit,
663 3177 832 3257 indicabo,
862 3177 1033 3242 habiturus
1067 3182 1100 3241 et
1127 3178 1153 3242 si
1176 3197 1242 3240 non
1265 3198 1324 3262 pro
1349 3177 1485 3242 scientia
1509 3177 1656 3258 laudem,
1687 3183 1797 3242 tamen
1819 3198 1878 3263 pro

253 3281 461 3348 oboedientia
484 3288 606 3346 certam
630 3280 826 3346 mercedem.
872 3280 916 3344 Et
938 3281 1077 3366 primum
1101 3279 1142 3345 de
1168 3281 1270 3345 sacris
1295 3280 1450 3362 aedibus,
1479 3281 1652 3366 inquibus
1683 3281 1756 3367 ipsa
1788 3281 1876 3346 eele-

256 3386 391 3450 brantur
414 3406 518 3466 sacre,
542 3384 716 3450 dicendum
740 3384 877 3450 videtur.

363 3490 406 3552 1⁸.
430 3488 558 3553 Altaria
591 3489 723 3574 quidem
756 3481 865 3568 Noe¹,
900 3485 1085 3566 abraam2,
1118 3478 1231 3552 Isaac3
1259 3493 1293 3552 et
1326 3477 1445 3551 Iacob4
1478 3485 1636 3568 Domino,
1673 3492 1710 3552 ut
1750 3488 1878 3574 legitur,

254 3601 500 3660 exstruxerunt.
555 3593 686 3678 Moyses
723 3612 800 3657 vero
840 3593 964 3678 primus
1000 3590 1249 3656 tabernaculum
1290 3592 1384 3655 iuxta
1417 3591 1587 3676 exemplar
1624 3589 1776 3654 divinitus
1815 3590 1878 3655 eibi

201 3715 227 3755 aa
253 3695 507 3760 demonstratum
531 3696 565 3759 iu
587 3694 719 3761 deserto
745 3694 845 3781 Synai
868 3695 942 3759 filiis
965 3695 1093 3761 Israhel
1116 3694 1337 3759 deservitum
1355 3694 1545 3780 Aegyptiau
1568 3693 1715 3759 liberatis
1740 3686 1876 3759 erexitl.

229 3789 406 3864 vSalomon
428 3819 558 3884 quoque
588 3799 687 3884 longo
716 3801 780 3863 iam
803 3807 950 3886 tempore
978 3798 1094 3864 eodem
1125 3798 1244 3884 populo
1275 3798 1308 3861 in
1337 3803 1425 3862 terra
1448 3798 1711 3882 repromissionis
1734 3797 1877 3882 degente

256 3910 289 3968 et
312 3903 421 3989 regiae
444 3901 612 3988 dignitatis
629 3903 721 3987 apice
739 3902 891 3986 gentibus
908 3902 1145 3988 circumpositis
1162 3903 1410 3988 praeminentev
1432 3901 1590 3986 templum
1607 3900 1687 3980 illud
1703 3901 1875 3965 mirificum

254 4007 288 4070 in
314 4006 541 4087 Hierusalem,
575 4025 673 4090 quam
701 4003 808 4068 David
841 4010 936 4090 pater
967 4007 1066 4070 eius'
1100 4012 1199 4090 eaput
1231 4005 1325 4088 regni
1349 4005 1505 4082 instituit,
1539 4003 1665 4089 magnis
1696 4004 1880 4068 aedificavit

255 4108 437 4194 sumptibus
461 4114 494 4173 at
516 4107 654 4172 diversis
677 4106 815 4173 ditavit¹
838 4109 1026 4174 ornatibusv
1033 4101 1057 4176 ⁶.
1101 4109 1140 4172 In
1163 4128 1302 4194 quorum
1326 4115 1476 4193 utroque,
1499 4107 1709 4172 tabernaculo
1727 4106 1880 4171 videlieet

202 4234 228 4273 ιι
254 4231 293 4276 ac
315 4210 448 4296 templo,
473 4216 507 4276 et
531 4229 608 4274 arca
623 4211 812 4275 testamenti
830 4218 863 4276 et
881 4212 1086 4275 alteriacum
1102 4209 1296 4275 utensilibus
1312 4213 1380 4275 suis
1396 4212 1545 4296 aliaeque
1562 4209 1691 4295 species
1709 4208 1880 4295 religioni*

254 4315 342 4380 illius
370 4315 545 4400 temporis·
572 4335 735 4400 congruae
762 4314 863 4380 luisse
895 4316 1063 4401 leguntur,
1097 4321 1163 4378 tam
1191 4313 1387 4402 multiplices
1417 4321 1450 4378 et
1481 4321 1547 4378 tam
1576 4313 1725 4378 consulta
1754 4312 1879 4377 ratione

254 4417 415 4504 provisae,
437 4423 483 4496 ut,
508 4416 661 4502 quicquid
684 4416 780 4482 modo
805 4418 1005 4503 spiritalibus
1029 4419 1189 4483 ecclesiae
1214 4416 1399 4482 celebratur
1421 4417 1453 4481 in
1476 4416 1609 4496 studiis,
1631 4422 1734 4481 totum
1757 4414 1876 4479 inillis

256 4521 533 4586 constructionum
556 4521 668 4606 figuris
691 4522 853 4608 pleniterb
877 4527 921 4603 et,
943 4530 980 4587 ut
1003 4523 1050 4586 ita
1072 4521 1190 4602 dicam,
1215 4521 1448 4605 consignanter
1463 4518 1654 4584 deliniatum
1679 4525 1776 4604 atque
1803 4537 1879 4580 eon·

357 4679 382 4740 a)
401 4692 485 4743 aquae
503 4676 636 4744 sparsione
653 4695 719 4730 corr.
733 4696 801 4729 meta
821 4679 866 4730 alt.
879 4676 902 4729 4.
983 4677 1010 4739 bl
1030 4677 1124 4729 saecul
1136 4677 1256 4727 Eiusdem
1275 4677 1391 4728 authoris
1409 4675 1539 4742 praelatio.
1569 4676 1714 4726 innomine
1731 4675 1781 4724 Dei
1799 4671 1880 4724 ercii.

202 4781 228 4819 ιο
255 4763 279 4829 c)
293 4762 430 4816 maa-5.
483 4764 509 4828 d)
523 4761 1018 4832 om.t.5;1ncipupresati0ssquentis
1029 4763 1117 4815 libelli.
1149 4759 1360 4814 nominarint.
1413 4759 1439 4827 e)
1458 4761 1618 4813 Aet-itone
1631 4759 1708 4812 3-5.
1760 4758 1880 4824 flami).

254 4851 283 4918 g)
309 4865 419 4902 measse
444 4847 477 4910 35
504 4855 566 4901 aunt
591 4849 654 4900 add.
675 4848 700 4901 5.
800 4849 828 4916 b)
855 4849 925 4902 illam
953 4849 1051 4917 copiam
1073 4848 1136 4899 add.
1154 4846 1185 4908 o;
1215 4848 1313 4900 scilicet
1340 4849 1410 4900 illam
1437 4849 1536 4915 copiam
1562 4861 1689 4910 superma
1706 4862 1776 4897 moa.
1794 4845 1838 4896 ait.
1855 4842 1880 4896 4.

255 4935 273 5002 i)
291 4953 307 4987 o
328 4937 391 4990 edd.
402 4934 428 4989 3.
515 4936 543 5001 k)
565 4942 636 4988 taeta
720 4937 849 4990 desideras
873 4955 920 4989 orn.
939 4936 964 4991 5.
1052 4934 1073 5002 l)
1092 4936 1224 5002 aufugerit
1240 4933 1266 4988 3.
1279 4933 1313 5000 4,
1336 4949 1368 4986 aa·
1388 4933 1529 4998 subingerit
1546 4948 1613 4983 corr.
1632 4931 1662 4994 4;
1689 4932 1830 4997 auttugsrit
1856 4930 1881 4984 5.

256 5022 291 5087 m)
310 5039 448 5089 possumus
465 5022 490 5075 5.
560 5020 590 5088 ιι)
608 5024 688 5074 tatere
707 5022 731 5076 5.
763 5027 766 5034 '
802 5021 827 5088 ο)
846 5040 895 5074 om.
912 5021 989 5076 3-5.
1060 5024 1087 5088 p)
1106 5023 1133 5072 in
1151 5021 1214 5072 edd.
1227 5019 1252 5073 3.
1322 5019 1350 5087 q)
1369 5017 1471 5086 apta5;
1491 5025 1580 5086 operta
1597 5016 1623 5070 3.
1693 5017 1715 5082 ι)
1734 5019 1881 5084 integritate

255 5118 281 5162 et
298 5109 360 5160 odd.
371 5108 401 5171 5;
419 5110 495 5161 idest
512 5109 658 5176 integritate
676 5125 881 5176 superemmens.
893 5110 938 5161 alt.
947 5108 973 5163 4.
1043 5107 1067 5176 s)
1085 5109 1238 5176 attingimus
1255 5105 1279 5158 2.
1292 5105 1316 5158 4.
1330 5106 1359 5172 5;
1378 5107 1403 5157 id
1421 5115 1461 5158 eat
1477 5105 1631 5173 perscrutati
1648 5121 1737 5156 snmus
1755 5120 1882 5169 ιιιμηον.

203 5209 228 5249 ιι
255 5211 324 5246 meu.
343 5196 389 5246 au.
406 5193 435 5256 4;
459 5203 608 5262 perscruta.
622 5234 627 5248 .
641 5212 698 5246 mus
715 5193 795 5259 (duae
814 5196 913 5247 litterae
931 5194 1009 5254 eras.)
1035 5196 1188 5262 attingimus
1205 5193 1301 5246 addise.
1320 5209 1387 5244 corr.
1411 5199 1574 5259 pomeretam
1596 5191 1692 5242 addire.
1710 5190 1735 5242 5.
1805 5189 1827 5254 ι)
1846 5190 1882 5242 In

255 5278 331 5332 2-4.
354 5281 395 5333 bie
420 5289 442 5332 et
465 5281 555 5346 abiatra
585 5281 704 5332 rubricae
726 5298 757 5333 ee
778 5281 863 5334 indice
890 5281 1022 5333 amionem
1050 5280 1156 5332 additas
1178 5289 1251 5340 aaran
1276 5279 1304 5330 in
1322 5275 1347 5331 2.
1369 5275 1392 5329 4.
1416 5277 1534 5328 maana
1556 5277 1736 5329 recentioribus
1753 5277 1781 5328 ia
1797 5293 1880 5344 merp.

255 5367 365 5434 scriptae
377 5376 444 5420 aaut.
508 5367 536 5432 u)
549 5385 616 5420 corr.
629 5369 759 5436 egiptiaca
771 5368 795 5421 5.
858 5367 887 5434 v)
901 5386 949 5420 oet.
960 5366 985 5420 2.
1038 5367 1073 5433 w)
1087 5383 1135 5418 om.
1148 5366 1173 5420 5.
1225 5364 1254 5432 x)
1267 5365 1366 5418 deurit
1377 5361 1402 5415 3.
1463 5361 1491 5429 y)
1504 5363 1637 5416 ordinibus
1647 5360 1673 5414 2.
1733 5363 1757 5428 ιι)
1770 5365 1882 5429 regionis

253 5453 279 5508 4.
298 5455 322 5522 5,
339 5462 397 5521 poet
414 5471 481 5507 corr.
498 5455 630 5522 religionis
647 5451 672 5505 4.
740 5454 768 5518 a)
786 5457 893 5522 tempori
910 5453 934 5506 3.
1022 5452 1049 5519 b)
1069 5453 1150 5504 veluti
1169 5452 1230 5504 add.
1249 5450 1275 5506 5.

358 5590 385 5656 1)
405 5587 462 5656 Ost.
482 5589 577 5647 Ocnea.
595 5592 620 5658 8,
633 5590 675 5644 20.
766 5591 793 5658 2)
812 5589 868 5656 Ost.
886 5589 950 5645 ibid.
971 5591 1010 5658 12,
1023 5590 1052 5657 7;
1077 5591 1118 5658 13,
1131 5591 1182 5654 18)
1200 5591 1242 5654 22,
1255 5590 1279 5644 9.
1371 5587 1398 5651 3)
1419 5584 1475 5651 Ofr.
1493 5585 1557 5640 aad.
1575 5585 1618 5654 26,
1630 5585 1672 5640 25.
1773 5586 1800 5650 4)
1827 5583 1881 5652 Osr.

203 5697 229 5736 ao
254 5673 315 5729 abitt
334 5674 376 5744 33,
389 5675 437 5744 2ος
461 5677 538 5745 aba.
634 5678 661 5745 b)
681 5673 737 5744 Osr.
757 5675 847 5733 Euod.
865 5678 996 5747 25‚9³an·
1084 5678 1111 5745 6)
1131 5675 1188 5742 Ofr.
1206 5679 1231 5732 3.
1246 5677 1311 5746 Bag.
1329 5673 1407 5730 6-8.
