4634 6436
557 436 802 494 effluentem
820 436 952 494 REGUM
970 438 1154 495 retrorsa
1172 439 1401 496 celebriore.
1421 471 1452 481 -
1471 441 1520 497 Nr.
1532 441 1592 498 243.
1823 445 1883 509 163

261 617 296 675 et
318 611 401 676 sicut
422 610 544 676 ibidem
573 610 607 675 in
635 611 761 698 reliquo
785 612 941 698 scriptum
965 617 1026 679 est.
1070 611 1115 678 Et
1136 615 1216 680 item
1231 605 1417 701 legimus²⁸‚
1441 614 1517 700 quia
1539 613 1581 681 de
1597 635 1800 702 quacumque
1823 616 1884 680 im·
1902 622 1962 678 862.

260 715 383 800 pietate
407 715 641 802 quiscumque·
668 715 787 801 impius
811 736 988 782 conversus
1017 716 1115 782 luerit
1145 725 1179 783 et
1206 740 1249 784 ex
1275 717 1396 784 corde·
1419 739 1454 783 se
1477 719 1624 784 converti
1646 719 1732 785 velle
1755 719 1886 802 dixerit,

260 817 327 882 iam
353 838 419 882 non
447 817 532 882 inter
562 818 678 902 impios
708 823 930 904 computatur,
960 817 1019 884 sed
1050 840 1070 882 a
1101 820 1164 905 piis
1193 821 1247 906 pie
1276 821 1378 908 recipi
1400 821 1502 888 debet
1524 827 1558 886 et
1580 820 1755 888 salubriter
1777 830 1887 909 potest

260 920 391 986 dicente
414 920 600 1007 Scriptura:
629 912 776 986 ‘Verte29
804 921 938 1007 impios,
968 928 1002 986 et
1030 943 1095 986 non
1124 922 1241 999 erunt';
1276 945 1341 988 non
1364 924 1528 1010 quianon
1552 930 1648 990 amnt
1673 926 1707 990 in
1730 926 1886 1004 essentia,

227 1025 320 1092 seed
344 1047 415 1089 non
446 1031 541 1090 erunt
568 1025 600 1089 ln
632 1026 810 1111 impietatis
834 1025 940 1112 culpa.
985 1024 1079 1091 Haec
1102 1033 1213 1093 autem
1237 1026 1393 1107 diximus,
1417 1049 1482 1093 non
1504 1033 1542 1092 ut
1563 1034 1717 1114 nepotem
1741 1035 1887 1095 nostrum

260 1131 294 1195 in
323 1150 459 1194 numero
485 1128 658 1214 impiorum
687 1129 869 1214 computari
900 1129 1085 1214 cupiamus,
1114 1151 1211 1216 quem
1240 1131 1368 1217 piorum
1396 1152 1530 1197 numero
1562 1131 1679 1197 sociari
1703 1153 1722 1196 a
1745 1130 1886 1198 Domino

260 1231 486 1320 exoptamusb.

722 1334 1007 1401 Adnuntiati00
1030 1335 1165 1401 domni
1187 1336 1419 1406 Hludowici.

369 1456 448 1544 Cap.
476 1461 504 1521 l.
550 1456 641 1522 Sicut
665 1456 772 1533 scitis,
804 1456 858 1541 qui
886 1456 932 1520 ibi
959 1455 1126 1533 adfuistis,
1155 1456 1284 1543 quando
1312 1459 1459 1544 proxime
1485 1459 1573 1545 apud
1596 1458 1804 1525 Confluentes
1827 1480 1886 1526 nos

219 1589 244 1626 ro
262 1560 438 1627 adiuvante
461 1560 604 1625 Domino
638 1560 867 1626 coniunximus
891 1569 925 1626 et
947 1561 1091 1646 capitula
1112 1583 1133 1626 a
1154 1561 1248 1626 nobis
1273 1569 1307 1628 et
1327 1583 1348 1627 a
1369 1561 1520 1628 fidelibus
1543 1563 1659 1628 nostris
1682 1563 1887 1629 observanda

262 1666 450 1746 statuimus,
483 1665 638 1729 convenit
659 1663 770 1743 nobis,
803 1669 839 1728 ut
862 1683 1004 1748 congruo
1028 1669 1175 1749 tempore
1206 1671 1241 1730 st
1262 1673 1423 1750 oportuno
1451 1665 1523 1730 loco
1547 1667 1666 1730 iterum
1689 1666 1786 1730 simul
1807 1687 1885 1731 con-

261 1769 448 1834 veniremus
470 1766 506 1833 ct
529 1789 601 1834 oum
618 1768 676 1832 Dei
701 1767 862 1832 adiutorio
886 1773 919 1832 et
942 1766 1087 1832 fidelium
1104 1773 1286 1833 nostrorum
1312 1769 1459 1850 consilio,
1483 1789 1567 1855 quse
1591 1770 1624 1833 in
1646 1775 1733 1834 statu
1751 1775 1886 1834 sanctae

262 1873 422 1937 ecclesiae
446 1879 480 1937 et
501 1871 535 1936 in
558 1870 652 1937 nobis
676 1876 710 1935 et
732 1871 765 1934 in
788 1871 897 1955 regnis
919 1871 1042 1960 nostris
1059 1877 1157 1956 atque
1180 1871 1212 1935 in
1235 1873 1356 1937 nostris
1380 1871 1533 1938 fidelibus
1556 1872 1761 1938 emendanda
1783 1879 1886 1951 erant,

261 1977 511 2042 emendaremus
540 1982 588 2056 et,
617 1983 654 2041 ut
684 1973 881 2040 emendate‘¹
914 1975 954 2040 de
987 1981 1096 2041 cetero
1124 1975 1349 2042 observanda⁹
1376 1982 1607 2043 statueremus.
1661 1975 1706 2042 nt
1734 1975 1775 2042 ad
1805 1976 1886 2041 baec

218 2079 390 2165 magendo
419 2080 483 2144 ianr
515 2101 575 2165 per
597 2085 665 2144 tres
693 2078 781 2144 vices
805 2084 839 2142 et
861 2085 990 2164 tempus
1014 2084 1048 2144 et
1070 2078 1177 2143 locum
1201 2079 1422 2154 condiximus;
1452 2078 1511 2145 sed
1534 2085 1591 2144 aut
1612 2079 1692 2144 mibi
1715 2086 1773 2145 aut
1795 2080 1886 2144 fratri

261 2203 333 2248 meo
356 2188 413 2247 aut
436 2183 600 2247 communi
628 2183 740 2268 nepoti
768 2187 878 2246 nostro
909 2180 992 2247 tales
1016 2202 1136 2247 causae
1158 2183 1358 2264 acciderunt,
1380 2203 1439 2269 pro
1463 2182 1580 2269 quibus
1602 2183 1675 2265 boc,
1698 2182 1785 2269 quod
1809 2203 1885 2247 con-

260 2284 426 2366 diximus‘,
450 2285 587 2372 implere
610 2306 675 2351 non
698 2285 876 2371 potuimus.

368 2390 398 2452 2.
432 2388 564 2454 Interea
595 2389 745 2474 pervenit
773 2387 815 2453 ad
843 2407 911 2468 me,
940 2389 1016 2474 quia
1045 2408 1139 2453 meus
1169 2388 1272 2454 freter
1298 2394 1332 2454 et
1361 2388 1541 2454 communis
1569 2409 1672 2475 nepos
1703 2395 1815 2454 noster
1841 2389 1887 2453 ita

261 2493 345 2557 inter
374 2513 410 2556 se
439 2512 505 2556 non
529 2499 639 2574 erant,
663 2494 749 2556 sicut
770 2499 847 2556 tunc
870 2491 1013 2570 luerunt,
1039 2490 1168 2576 quando
1192 2511 1253 2556 uos
1276 2492 1374 2556 simul
1398 2492 1637 2558 coniunximus.
1682 2491 1726 2556 Ε)
1748 2491 1822 2557 ideo
1845 2491 1887 2556 ad

216 2621 243 2660 so
261 2595 323 2660 hoc
345 2596 432 2676 veni,
454 2601 491 2660 ut
513 2596 600 2660 iuter
622 2615 678 2660 eos
695 2595 839 2680 privatus
856 2593 1016 2660 mediator
1037 2595 1214 2660 existerem
1238 2601 1271 2661 et
1294 2595 1356 2680 ipsi
1381 2597 1428 2660 sic
1452 2596 1539 2662 inter
1562 2617 1598 2662 se
1622 2597 1697 2676 sint,
1721 2597 1806 2661 sicut
1827 2616 1888 2682 per

261 2706 387 2764 rectum
415 2719 489 2764 esse
520 2698 651 2764 debent.
695 2697 793 2763 Unde
824 2697 927 2763 frater
955 2706 1067 2763 noster
1092 2719 1152 2784 per
1178 2720 1230 2763 me
1259 2704 1292 2763 et
1319 2719 1378 2785 per
1407 2700 1581 2786 episcopos
1605 2706 1735 2765 nostros
1765 2719 1805 2763 ac
1827 2719 1887 2785 per

261 2803 433 2888 episcopos
460 2802 590 2887 nepotis
617 2792 756 2867 nostri³⁰
784 2808 818 2866 et
841 2802 962 2887 scripto
990 2809 1024 2867 et
1053 2801 1155 2866 verbo
1184 2802 1268 2866 tales
1298 2821 1415 2866 causas
1442 2803 1553 2888 nepoti
1576 2808 1687 2867 nostro
1711 2801 1886 2880 mandavit,

261 2927 319 2991 pro
341 2905 458 2991 quibus
480 2905 526 2969 illi
550 2907 597 2970 sic
613 2906 757 2992 privatus
779 2926 845 2970 non
867 2911 947 2985 erat,
971 2906 1054 2970 sicut
1074 2911 1173 2970 antea
1188 2905 1312 2981 luerat;
1337 2915 1438 2992 ques⁸
1461 2905 1489 2969 si
1512 2905 1567 2971 ille
1584 2903 1759 2971 emendare
1774 2904 1885 2984 vellet,
1999 2911 2001 2916 ’

261 3009 345 3074 sicut
368 3009 399 3074 ei
422 3008 612 3090 mandabat,
635 3010 819 3075 voluntarie
842 3009 889 3073 illi
912 3017 996 3090 crat,
1029 3009 1113 3074 siout
1142 3009 1284 3094 diligens
1307 3015 1443 3095 patruus
1466 3007 1585 3074 dilecto
1610 3009 1723 3094 nepoti
1745 3013 1778 3071 et
1801 3007 1885 3072 chri-

216 3112 386 3176 ruadanus
409 3133 468 3178 rex
492 3113 669 3177 christiano
693 3113 762 3198 regi
787 3133 860 3178 esse
884 3133 943 3199 per
957 3119 1082 3178 rectum
1098 3112 1205 3179 debet.
1249 3110 1301 3176 De
1325 3111 1444 3198 quibus
1466 3113 1574 3177 causis
1597 3133 1656 3177 uos
1678 3120 1711 3176 et
1731 3111 1887 3197 episcopi,

260 3215 313 3300 qui
337 3216 508 3281 nobiscum
532 3216 666 3281 luerunt
689 3237 732 3281 ex
755 3222 850 3301 parte
875 3215 1003 3302 nepotis
1026 3215 1139 3295 nostri,
1163 3215 1255 3280 fratri
1279 3222 1388 3281 nostro
1417 3221 1450 3281 et
1473 3215 1646 3302 episcopis,
1670 3216 1725 3301 qui
1749 3233 1821 3278 cum
1846 3234 1886 3278 eo

260 3310 397 3400 erant31,
422 3320 487 3383 tale
501 3338 693 3405 responsum
710 3318 923 3384 reddidimus:
947 3319 1024 3404 quia
1047 3319 1119 3382 illas
1144 3338 1272 3400 causas,
1298 3339 1378 3404 quas
1402 3320 1432 3384 ei
1450 3318 1635 3405 reputabat,
1658 3324 1792 3404 paratus
1816 3321 1887 3382 erat

259 3429 316 3485 aut
340 3421 516 3486 emendare
540 3428 596 3486 aut
619 3421 660 3487 de
684 3423 748 3487 illis
773 3428 895 3486 certem
919 3420 1057 3486 reddere
1079 3422 1239 3486 rationem
1269 3429 1302 3486 et
1325 3421 1458 3508 dignam
1481 3423 1591 3487 fecere
1615 3421 1885 3487 satisfactionem.

261 3524 357 3598 Quod
384 3546 576 3611 responsum
605 3525 659 3590 etll
687 3525 789 3592 frater
818 3531 931 3590 noster
954 3530 988 3590 et
1010 3524 1154 3611 episcopi
1184 3523 1325 3589 libenter
1347 3532 1555 3611 receperunt;
1579 3531 1629 3605 et,
1658 3524 1728 3588 Deo
1752 3525 1885 3608 gratias,

218 3655 245 3694 ro
263 3637 339 3693 sunt
359 3631 406 3694 ite
428 3629 524 3695 modo
547 3630 649 3694 lrater
671 3635 704 3696 ct
727 3650 830 3715 nepos
853 3635 974 3710 noster,
998 3630 1083 3694 sicut
1105 3650 1165 3715 per
1186 3633 1312 3694 rectum
1336 3649 1411 3694 esse
1434 3627 1566 3694 debent.

368 3735 399 3798 3.
433 3730 478 3796 Et
500 3733 667 3812 volumus,
699 3740 749 3815 ut,
781 3732 866 3798 sicut
889 3732 984 3797 nobis
1007 3733 1174 3814 convenit,
1205 3738 1242 3797 ut
1263 3732 1429 3795 internos
1450 3730 1567 3796 fideles
1590 3729 1680 3794 missi
1703 3728 1887 3795 discurrant

261 3840 308 3916 et,
340 3856 423 3922 quae
453 3836 485 3901 in
509 3837 765 3922 uniuscuiusque
793 3842 938 3900 nostmm
963 3857 1064 3921 regno
1093 3834 1298 3901 emendanda
1321 3842 1396 3899 sunt
1419 3841 1452 3899 et
1474 3835 1557 3898 alter
1579 3834 1673 3898 elteri
1698 3833 1886 3910 innotuerit,

260 3937 489 4004 emendentur¹
521 3945 555 4004 et
583 3961 679 4005 casae
710 3937 773 4004 Dei
802 3947 836 4004 et
865 3939 1053 4005 secerdotes
1082 3960 1119 4003 ac
1148 3940 1232 4004 servi
1264 3940 1328 4005 Dei
1360 3940 1469 4024 legem
1501 3944 1534 4002 et
1563 3937 1718 4002 bonorem
1741 3936 1886 4001 debitum

260 4041 403 4106 habeant
431 4050 464 4108 et
494 4044 717 4129 unusquisque
746 4042 892 4108 fidelium
922 4050 1104 4108 nostrorum
1135 4044 1166 4106 in
1190 4043 1301 4128 regnis
1324 4041 1460 4121 nostris,
1483 4041 1716 4126 cuiuscumque
1740 4045 1885 4104 nostrum

216 4177 242 4214 a
261 4146 302 4209 sit
325 4145 439 4224 homo,
467 4147 575 4230 legem
604 4152 637 4210 et
660 4146 817 4210 iustitiam
847 4154 881 4212 et
908 4147 941 4210 in
966 4167 1001 4211 se
1025 4153 1059 4212 et
1081 4147 1114 4210 in
1138 4146 1205 4210 suis
1229 4144 1483 4233 proprietatibus
1507 4152 1541 4208 et
1562 4145 1595 4209 in
1620 4144 1687 4207 suis
1710 4142 1887 4207 honoribus

261 4247 396 4325 babeat,
428 4249 512 4314 sicut
542 4256 690 4334 tempore
721 4254 966 4314 antecessorum
1000 4256 1186 4315 nostrorum
1217 4248 1420 4327 habuerunt,
1451 4255 1485 4314 st
1513 4246 1600 4312 sicut
1627 4247 1712 4311 inter
1738 4267 1799 4311 nos
1822 4246 1886 4310 iam

262 4352 413 4415 convenit
435 4357 469 4416 et
490 4353 523 4416 in
545 4352 610 4416 illis
627 4353 776 4439 capitulis
801 4358 851 4417 est
868 4354 1090 4434 constitutum,
1114 4373 1198 4438 quae
1214 4358 1440 4417 antecessores
1464 4351 1565 4416 nostri
1589 4370 1685 4435 reges
1709 4349 1886 4415 constitue·

263 4462 348 4536 runt,
371 4461 406 4519 et
428 4455 513 4519 sicut
535 4477 595 4520 nos
619 4454 705 4543 apud
729 4455 895 4521 Marsuam
918 4445 1167 4536 lirrnavimus32,
1201 4462 1235 4520 et
1258 4456 1344 4521 sicut
1365 4475 1451 4520 nunc
1474 4455 1622 4540 proxime
1645 4451 1732 4538 apud
1755 4450 1887 4516 conflu-

264 4563 357 4622 entes
380 4560 567 4639 statuimus,
599 4558 702 4624 donec
730 4558 906 4624 adiuvante
929 4557 1003 4624 Deo
1032 4580 1174 4644 congruo
1205 4557 1376 4644 temporek
1404 4564 1438 4622 et
1461 4563 1644 4644 opportuno
1675 4556 1746 4620 loco
1770 4554 1886 4618 iterum
1944 4629 1946 4632 ¹

221 4685 248 4723 so
266 4662 361 4725 simul
385 4653 647 4726 conveniamusll
670 4669 702 4727 et
730 4683 796 4727 una
819 4682 893 4726 cum
915 4662 1078 4728 communi
1100 4661 1245 4726 fidelium
1264 4668 1446 4726 nostrorum
1469 4659 1615 4738 consilio,
1637 4678 1721 4744 quae
1743 4657 1890 4743 perlecta

264 4787 328 4830 non
351 4765 490 4844 luerint,
514 4765 651 4851 pacifice
681 4771 859 4831 tractemus
881 4771 979 4852 atque
1003 4763 1221 4854 perficiamus¹
1252 4771 1286 4829 et
1309 4765 1355 4830 ita
1377 4785 1436 4830 nos
1458 4763 1499 4829 ad
1523 4763 1661 4829 invicem
1686 4761 1888 4840 adiuvemus,

366 4976 390 5038 z)
407 4991 456 5026 cm.
475 4973 499 5026 1.
591 4973 619 5039 a)
637 4991 685 5027 sno
703 4974 766 5026 add.
783 4973 807 5026 3.
899 4972 927 5039 b)
946 4982 1095 5042 oooptsmus
1114 4973 1137 5024 1.
1228 4970 1253 5038 c)
1273 4973 1295 5024 1.
1316 4973 1341 5025 5.
1358 4971 1383 5026 6.
1399 4973 1547 5040 prcefiprmt
1563 4970 1710 5022 maleam.-
1736 4969 1887 5032 Sequuntur

262 5061 482 5126 adnuntiationes,
504 5078 570 5128 quas
587 5070 639 5113 tres
656 5077 729 5128 reges
748 5061 817 5126 apud
835 5060 1002 5112 Sablonariss
1017 5060 1174 5132 adnuntiare
1191 5059 1344 5112 debuerunt
1448 5057 1476 5123 d)
1495 5057 1654 5110 emendanda
1672 5054 1696 5107 2.
1801 5052 1827 5119 e)
1845 5054 1888 5103 ob

263 5155 397 5198 serventur
414 5145 483 5212 233
500 5149 699 5200 observarentur
711 5164 779 5199 corr.
792 5145 874 5198 Perta
928 5145 952 5210 t)
970 5147 1082 5198 diximus
1099 5143 1124 5197 2.
1136 5144 1161 5198 3.
1213 5145 1242 5213 gl
1261 5147 1356 5210 quiesi
1369 5147 1405 5198 its
1421 5145 1596 5198 seemsndare
1608 5141 1633 5196 2.
1644 5141 1668 5195 3.
1721 5139 1749 5205 h)
1767 5157 1816 5191 om.
1828 5138 1852 5190 2.
1863 5137 1888 5190 3.

220 5245 245 5283 45
264 5231 283 5298 ἰ)
301 5233 437 5284 emendent
453 5231 478 5285 2.
565 5231 594 5302 k)
613 5251 661 5286 cm.
681 5233 704 5285 1.
792 5232 813 5297 Ι)
832 5231 885 5284 ΙΓιο
895 5232 961 5299 fiais
977 5229 1037 5285 23.

366 5419 411 5487 28)
430 5418 523 5474 Eeeclr.
536 5419 613 5488 3,20.
649 5433 651 5438 ·
683 5419 727 5486 29)
749 5417 919 5486 Proo.12,7.
988 5417 1034 5486 30)
1053 5417 1149 5488 Supra
1161 5436 1190 5489 p.
1202 5419 1253 5473 159
1264 5418 1295 5472 ia
1305 5418 1482 5488 temptem
1492 5416 1653 5471 camactos.
1723 5415 1767 5483 ³1)
1786 5412 1890 5468 Ibidem

263 5523 405 5578 maminoti
509 5525 555 5593 32)
574 5525 669 5594 Semta
685 5540 728 5579 ar.
741 5525 807 5592 205,
826 5539 854 5592 p.
874 5525 908 5578 72
925 5537 995 5592 sqq.;
1020 5525 1070 5590 cfr.
1085 5525 1241 5592 pracsertim
1258 5523 1383 5578 Adsunt.
1401 5521 1472 5576 Kar.
1487 5537 1515 5589 p.
1529 5521 1571 5575 74.
1675 5519 1719 5586 33)
1739 5517 1890 5572 Οοηιτηικε

264 5643 349 5681 meme
368 5627 473 5682 Octobri
495 5627 631 5682 habendas
652 5629 692 5681 ‘ia
714 5627 861 5696 casdaim
883 5627 1105 5694 Mosonmyerrsem
1121 5627 1264 5694 (Mausos)
1286 5631 1308 5679 ct
1330 5625 1483 5680 Veterensem
1501 5623 1652 5678 comitatum
1670 5620 1829 5690 (ramsey
1846 5621 1889 5674 in-

266 5731 351 5786 dictus
367 5738 420 5800 εει)
441 5733 491 5800 cfr.
509 5735 583 5787 Aac.
603 5734 710 5788 Bottia.
727 5731 766 5786 ad
782 5750 808 5788 a.
822 5732 883 5800 862,
900 5732 917 5786 l.
934 5745 956 5786 c.
971 5733 1056 5800 1261.

1630 5819 1685 5873 21*
