4634 6436
396 643 455 696 866,

476 465 518 527 96
928 458 1176 515 anamundaro
1194 457 1403 513 HLUDOWlGl
1422 459 1457 512 Il.
1478 489 1509 497 -
1528 459 1576 513 Νι.
1589 459 1648 513 218.

584 631 643 717 (4.)
678 633 802 708 Quodsi
825 655 936 699 comes
959 639 1016 698 aut
1031 632 1120 699 bassi
1136 633 1238 697 nostri
1254 633 1364 718 aliqua
1379 632 1565 697 infirmitate
1587 629 1696 720 [nonu]
1713 632 1838 697 detenti
1853 631 2100 710 remanserint0,

474 743 530 801 aut
557 736 694 801 abbates
718 738 770 802 vel
794 737 982 801 abbatissae
1010 737 1036 800 si
1059 736 1248 822 plenissime
1270 734 1420 800 homines
1444 756 1518 799 suos
1542 755 1606 798 non
1630 733 1824 814 direxerint,
1853 734 1914 819 ipsi
1939 755 2016 800 suos
2041 734 2121 799 hor

473 860 571 904 nores
598 840 751 925 perdant,
780 847 812 906 at
842 860 954 905 eorum
978 840 1111 904 bassalli
1136 847 1169 905 et
1192 841 1358 927 proprium
1382 847 1415 904 et
1437 838 1633 904 beneficium
1656 840 1817 903 amittant.
1863 837 1914 903 De
1938 839 2101 925 episcopis

473 947 583 1007 autem
613 943 846 1029 cuiuscumque
876 942 1038 1007 bassallus
1070 944 1293 1022 remanseris,
1326 949 1358 1008 et
1388 943 1554 1029 proprium
1584 947 1617 1006 et
1644 941 1839 1007 beneficium
1869 940 2018 1028 perdant.
2064 942 2100 1007 si

473 1066 602 1131 quoque
632 1045 808 1132 episcopus
837 1046 961 1132 absque
991 1046 1165 1112 manifesta
1194 1047 1384 1112 infirmitate
1414 1046 1623 1126 remanserit,
1652 1067 1710 1131 pro
1740 1045 1798 1110 tali
1821 1045 2033 1131 neglegentia
2055 1046 2103 1110 ita
2132 1076 2144 1114 s

474 1147 641 1228 emendet,
665 1149 756 1212 utin
780 1149 852 1240 ipsa
873 1149 1007 1214 marcha
1029 1149 1190 1230 resideat,
1214 1170 1385 1235 quousque
1410 1150 1476 1214 alia
1499 1149 1571 1214 vice
1595 1149 1761 1214 exercitus
1784 1148 1861 1213 illuc
1884 1156 2017 1234 pergat,
2048 1149 2102 1213 inq

474 1255 630 1337 quantum
653 1250 814 1317 Dominus
837 1252 957 1336 largire
981 1252 1136 1338 dignatus
1158 1254 1290 1318 luente.

582 1353 643 1440 (5.)
678 1354 721 1418 Et
748 1361 784 1419 ut
812 1355 994 1420 certissime
1024 1357 1151 1437 sciatis,
1182 1357 1260 1440 quia
1286 1356 1371 1420 hanc
1401 1356 1644 1442 expeditionem
1673 1355 1862 1442 plenissime
1885 1355 2019 1442 explere
2044 1375 2100 1421 vo·

472 1457 591 1540 lumus,
616 1459 856 1540 constituimus,
880 1464 915 1523 ut
931 1459 1116 1544 episcopus,
1141 1480 1251 1524 comes
1275 1466 1332 1524 aut
1352 1460 1471 1524 bassus
1494 1465 1618 1539 noster,
1642 1460 1669 1523 si
1692 1459 1725 1522 in
1750 1458 1937 1524 infirmitate
1960 1459 2102 1524 incertar

472 1560 624 1626 detentus
652 1561 766 1642 luerit,
797 1562 972 1648 episcopus
996 1563 1117 1648 quippe
1145 1583 1204 1648 per
1232 1583 1326 1627 suum
1350 1563 1499 1642 missum,
1530 1583 1628 1647 quem
1652 1561 1819 1627 meliorem
1843 1561 1959 1642 habet,
1991 1583 2101 1626 comes
2121 1590 2146 1628 ro

472 1685 551 1730 vero
581 1670 614 1731 et
641 1665 732 1729 bassi
760 1666 864 1734 nostri
892 1686 951 1750 per
981 1686 1015 1729 se
1045 1667 1137 1752 ipsos
1165 1667 1226 1731 hoc
1256 1666 1315 1731 sub
1347 1673 1585 1731 sacramentum
1609 1665 1788 1744 affirment,
1820 1666 1907 1751 quod
1929 1687 1988 1752 pro
2012 1666 2102 1730 nulla

473 1769 645 1834 occasione
669 1770 915 1849 remansissent,
938 1770 1001 1834 nisi
1025 1770 1111 1856 quod
1135 1791 1193 1856 pro
1218 1769 1403 1836 certissima
1426 1769 1613 1835 infirmitate
1629 1770 1692 1834 hoo
1709 1791 1807 1854 agere
1824 1790 1889 1833 non
1905 1770 2100 1855 potuissent.

581 1869 642 1958 (6.)
677 1872 801 1937 Omnes
825 1872 913 1937 enim
933 1873 1093 1954 volumus,
1118 1883 1153 1938 ut
1176 1874 1263 1938 omni
1287 1872 1397 1938 hostili
1421 1865 1616 1960 apparatu¹7
1639 1894 1751 1937 secum
1774 1872 1933 1952 deferant,
1957 1879 2003 1950 ut,
2028 1894 2100 1938 oum

472 1996 532 2041 nos
556 1975 627 2040 ·hoc
661 1977 927 2062 prospexerimus
961 1985 994 2041 et
1023 1977 1209 2042 inbreviare
1239 1977 1429 2056 fecerimus,
1464 1996 1527 2040 non
1561 1977 1778 2061 neglegentes
1809 1980 2007 2062 appareant,
2042 1975 2101 2041 sed

471 2079 612 2163 gratiam
641 2100 770 2165 quoque
802 2085 947 2144 nostram
979 2080 1101 2145 habere
1134 2085 1329 2146 mereantur.
1376 2079 1581 2144 Vestimenta
1612 2086 1721 2144 autem
1745 2078 1889 2144 habeant
1916 2078 1956 2144 ad
1980 2099 2100 2144 annum
2120 2105 2144 2144 rs
2175 2127 2176 2130 ,

471 2204 583 2262 unum,
607 2183 763 2248 victualia
784 2203 862 2247 vero
886 2203 1056 2269 quousque
1079 2205 1197 2249 novum
1221 2184 1363 2249 fructum
1387 2185 1458 2270 ipsa
1481 2183 1587 2270 patria
1609 2182 1733 2247 habere
1757 2182 1887 2268 poterit.

582 2285 640 2370 (7.)
674 2278 845 2371 Fagidis18
868 2288 956 2353 eninr
979 2289 1175 2373 quicumque
1204 2287 1310 2353 eundo
1338 2293 1372 2353 et
1399 2287 1564 2352 redeundo
1589 2287 1836 2352 commotionem
1860 2286 1991 2368 fecerit,
2015 2287 2102 2352 vitae

472 2391 616 2455 incurrat
637 2384 866 2475 perieulumffl.
2038 2465 2040 2470 ,

582 2493 642 2578 (8.)
677 2493 720 2557 Et
754 2496 830 2580 quia
864 2495 962 2559 etiam
999 2497 1154 2582 temporis
1186 2499 1397 2582 congruentia
1431 2497 1579 2561 imminet
1611 2486 1940 2581 quadragesimale20,
1974 2493 2007 2558 in
2037 2515 2101 2580 quo

472 2597 635 2662 studenda
663 2605 739 2663 sunt
766 2605 942 2684 praecepta
965 2598 1044 2680 Dei,
1077 2601 1325 2678 constituimus,
1359 2607 1409 2679 ut,
1428 2601 1637 2686 quicumque
1667 2599 1841 2664 ecelesiam
1865 2596 1928 2662 Dei
1955 2597 2145 2682 fregeritis

474 2700 637 2766 adulteria
659 2708 693 2766 at
716 2701 867 2767 incendia
890 2703 1016 2782 lecerit,
1041 2703 1127 2768 vitae
1151 2703 1295 2768 incurrat
1318 2704 1510 2790 periculum.

582 2802 642 2890 (9.)
676 2802 880 2892 Quicumque
908 2805 1086 2887 caballum,
1122 2807 1254 2887 bovem,
1290 2806 1483 2890 friskingas,
1514 2811 1640 2884 vestes,
1676 2825 1766 2870 arma
1794 2805 1846 2869 vel
1876 2805 1940 2869 alia
1968 2802 2103 2868 mobilia

475 2910 590 2974 tollere
621 2929 721 2972 ausus
750 2908 861 2989 fuerit,
892 2909 1010 2994 triplici
1035 2909 1108 2994 lege
1133 2915 1321 2994 componat;
1357 2914 1390 2973 et
1415 2908 1499 2984 liber
1523 2919 1613 2973 cum·
1636 2899 1857 2986 armiscara21,
1889 2907 1922 2972 id
1945 2913 1996 2972 est
2019 2907 2103 2972 sella

475 3012 517 3077 ad
548 3034 642 3077 suum
670 3012 822 3092 dorsum,
858 3019 934 3078 ante
967 3034 1025 3076 noa
1056 3035 1075 3076 a
1108 3013 1174 3076 suis
1203 3012 1386 3077 senioribus
1415 3012 1591 3097 dirigatur,
1626 3018 1660 3076 et
1683 3033 1786 3098 usque
1815 3012 1856 3077 ad
1885 3017 2027 3076 nostram
2052 3011 2101 3075 in-

475 3115 676 3201 dulgentiam
705 3117 880 3192 sustineat;
914 3117 1000 3180 servi
1025 3137 1101 3180 vero
1126 3116 1332 3200 flagellentur
1356 3123 1388 3179 et
1412 3115 1604 3196 tundantur,
1635 3123 1669 3179 et
1697 3115 1987 3193 illorum.domini,
2017 3135 2101 3199 quae
2120 3137 2145 3177 aa

473 3219 537 3306 ipsi
562 3218 714 3299 tulerunt,
737 3218 924 3284 restituant.
959 3216 1086 3291 Quodsi
1104 3218 1226 3282 clamor
1249 3217 1290 3282 ad
1314 3217 1460 3282 seniores
1476 3219 1605 3282 venerit
1628 3225 1662 3282 et
1685 3218 1749 3304 ipsi
1772 3219 1852 3283 talia
1867 3239 1932 3282 non
1948 3218 2102 3284 emenda-

475 3323 590 3403 verint,
614 3327 690 3386 tunc
711 3321 826 3386 horum
846 3323 993 3387 seniores
1013 3321 1117 3406 ipsam
1134 3321 1404 3406 compositionem
1420 3321 1542 3386 faciant
1558 3329 1591 3386 et
1607 3321 1721 3386 eadem
1739 3322 1925 3403 armiscara,
1949 3322 2104 3408 quamdiu

474 3425 568 3490 nobis
591 3425 761 3511 placuerit,
786 3425 938 3490 sufficere
962 3415 1243 3509 compellantur22.
1368 3414 1372 3422 ’

584 3527 664 3612 (10.)
697 3527 741 3593 Et
764 3529 824 3594 boo
848 3529 1088 3606 constituimus,
1112 3534 1148 3592 ut
1172 3551 1214 3593 ex
1231 3536 1367 3615 utraque
1385 3535 1477 3614 parte
1499 3529 1623 3596 iustitia
1644 3535 1806 3595 servetur:
1831 3529 1985 3594 videlicet
2001 3529 2102 3593 nostri

476 3635 559 3698 siout
586 3633 771 3697 circavicini
800 3653 883 3718 quae
911 3631 1098 3698 necessaria
1129 3638 1204 3696 sunt
1231 3635 1367 3712 emano,
1395 3633 1492 3697 vicini
1521 3638 1631 3697 autem
1658 3632 1846 3698 nullatenus
1875 3633 1980 3698 carius
2003 3654 2101 3718 quam
2120 3655 2146 3694 so

476 3737 543 3802 suis
567 3725 771 3801 circavicinis
796 3735 938 3802 vendere
962 3727 1218 3821 praesumant23.
2054 3747 2056 3750 ’

584 3837 666 3925 (11.)
691 3839 755 3912 Qui
787 3859 863 3904 vero
897 3838 1072 3904 homicidia
1108 3839 1280 3904 indiscrete
1315 3844 1349 3904 et
1381 3839 1639 3926 praesumptiose
1673 3839 1804 3920 fecerit,
1840 3840 1926 3905 vitae
1957 3840 2103 3906 incurrat

476 3942 668 4029 periculum.

584 4045 666 4130 (12.)
699 4045 769 4112 Iter
796 4047 882 4111 enim
910 4047 972 4111 erit
999 4052 1147 4110 nostrum
1176 4066 1234 4132 per
1256 4044 1467 4126 Ravennam,
1500 4046 1576 4110 exin
1600 4045 1765 4111 mediante
1788 4067 1903 4111 mense
1925 4045 2044 4111 Martio
2068 4047 2101 4111 in

476 4149 638 4229 Piscaria,
667 4155 700 4214 et
723 4151 826 4214 omnis
850 4149 1016 4214 exercitus
1039 4149 1175 4214 italicus
1199 4148 1377 4213 nobiscum.
1425 4149 1566 4216 Tuscani
1589 4156 1699 4215 autem
1724 4172 1798 4214 oum
1822 4151 1957 4237 populo,
1981 4151 2037 4236 qui
2061 4151 2100 4215 de
2119 4173 2144 4213 ss

476 4254 562 4318 ultra
578 4254 720 4333 veniunt,
743 4275 803 4339 per
817 4253 957 4318 Romam
975 4255 1106 4320 veniant
1126 4254 1169 4318 ad
1184 4245 1524 4333 Pontem-curvum24,
1548 4253 1623 4318 inde
1640 4253 1787 4339 Capuam
1804 4260 1837 4318 et
1855 4276 1913 4341 per
1928 4254 2101 4319 Beneven-

476 4363 545 4421 tum
569 4356 769 4422 descendant
792 4357 885 4422 nobis
909 4357 1037 4423 obviam
1061 4359 1201 4423 Luceria
1223 4364 1339 4423 octavo
1363 4357 1531 4424 Kalendas
1555 4357 1689 4444 Aprilis.

578 4561 607 4628 n)
625 4565 710 4630 mappl.
723 4562 859 4628 Boream
875 4581 923 4615 om.
937 4581 958 4615 c.
976 4572 1000 4615 et
1011 4563 1158 4616 Baldamus
1173 4581 1201 4629 p.
1214 4561 1256 4626 42,
1273 4581 1299 4613 a.
1314 4561 1354 4614 14.
1430 4561 1456 4627 ο)
1475 4563 1646 4629 autaliquem
1659 4571 1812 4618 excusatum
1824 4564 1975 4616 retinuerint
1993 4565 2103 4629 scriptor

475 4650 567 4701 codicia
584 4667 635 4716 per
656 4651 856 4716 imprudentiam
874 4650 952 4716 add.,·
977 4653 1025 4718 cfr.
1046 4650 1261 4702 Bardamana.
1350 4650 1378 4718 p)
1396 4651 1565 4702 remanserint
1583 4667 1603 4700 e.
1691 4649 1718 4716 q)
1737 4649 1774 4700 ita
1791 4667 1827 4709 ο.)
1851 4647 1926 4701 Parta
1944 4649 2007 4700 daec
2023 4651 2102 4701 ambo

469 4736 558 4801 poscit
571 4744 631 4802 post
648 4737 834 4804 expeditionem
852 4755 873 4789 c.
891 4737 915 4790 5.
1003 4735 1026 4801 r)
1045 4745 1116 4790 certa
1127 4738 1203 4804 salso
1222 4755 1290 4788 corr.
1303 4736 1435 4797 Boream,
1458 4739 1507 4804 cfr.
1526 4735 1672 4787 Baldomua
1688 4753 1714 4802 p.
1727 4733 1770 4799 43,
1787 4753 1814 4787 a.
1828 4732 1869 4785 l'l.
1955 4735 1978 4799 a)
1998 4735 2035 4786 ita
2053 4736 2102 4802 legi
2119 4748 2149 4788 lo

475 4823 529 4872 cult
546 4821 634 4882 Pertar
651 4823 760 4875 liberum
778 4841 798 4874 c.
885 4822 907 4887 t)
925 4823 961 4874 ita
979 4825 1094 4887 concam
1111 4823 1219 4876 emenda
1236 4841 1257 4874 c.

581 5004 625 5072 17)
651 5005 707 5072 Osr.
727 5005 791 5075 Gap.
809 5007 935 5076 Aquispr.
953 5007 1105 5074 801-813,
1133 5013 1193 5062 tom.
1212 5006 1238 5074 I,
1257 5024 1291 5075 p.
1305 5006 1368 5074 171,
1393 5007 1476 5071 c.10,·
1503 5005 1602 5060 Korcla'
1626 5004 1662 5059 ad
1685 5003 1841 5059 Fulrcdam
1863 5007 1937 5074 optat.
1955 5006 2102 5074 801-811,

475 5109 492 5164 l.
504 5125 525 5163 c.
543 5126 569 5176 p.
584 5109 642 5178 168,
661 5110 677 5163 l.
692 5111 726 5166 25
737 5127 789 5180 sqq.
879 5112 921 5178 18)
941 5111 977 5166 Id
994 5117 1045 5165 eat:
1066 5111 1197 5176 faidosus,
1215 5111 1332 5176 fahitus;
1355 5111 1405 5177 cfr.
1420 5109 1479 5163 Lac
1492 5109 1598 5163 Balaio.
1612 5109 1651 5177 II,
1664 5111 1689 5176 8,
1710 5108 1771 5163 LL.
1784 5107 1842 5176 ΙΠ,
1853 5124 1883 5176 p.
1895 5109 1955 5176 285,
1973 5109 2105 5176 1.34.35;

476 5211 614 5280 amnne,
638 5213 701 5268 Ro.
720 5213 749 5281 I,
767 5230 796 5282 p.
811 5215 868 5270 157.
906 5214 1002 5268 Micca
1022 5221 1089 5270 recte
1107 5215 1158 5270 Da
1177 5213 1266 5284 Gorya
1283 5219 1306 5268 et
1325 5214 1416 5268 Perta:
1439 5213 1524 5269 faida.
1629 5215 1673 5282 19)
1695 5211 1751 5279 Csr.
1769 5211 1857 5269 Ediet.
1876 5212 1991 5268 Rotlcari
2010 5214 2102 5280 1118,

476 5315 537 5371 LL.
556 5317 609 5384 1v,
629 5333 660 5387 p.
679 5319 776 5385 15.1a;
802 5319 886 5374 Eiub.
905 5320 993 5388 mar.
1012 5320 1059 5387 42,
1085 5319 1169 5388 ruffe,
1195 5319 1266 5374 Bihl.
1285 5335 1335 5373 rar.
1356 5318 1443 5373 Gara.
1462 5316 1514 5384 IV,
1535 5333 1562 5384 p.
1575 5316 1635 5372 469.
1757 5316 1802 5384 20)
1821 5315 1936 5370 inciam
1957 5316 1999 5371 20.
2021 5315 2101 5373 Febr.
2120 5336 2146 5375 ra

475 5421 521 5488 21)
548 5420 662 5488 Grimm,
687 5420 963 5476 Recita-Alterutrum
981 5438 1010 5490 p.
1026 5423 1092 5491 6813
1116 5422 1218 5490 Waltz,
1241 5421 1299 5477 VG.
1319 5421 1370 5488 VI,
1392 5438 1421 5490 p.
1437 5421 1502 5488 490;
1528 5421 1656 5474 Brrmacr
1679 5418 1709 5472 ia
1729 5419 1767 5472 ‘Z.
1785 5419 1806 5484 s.
1825 5417 1889 5474 Ro.
1911 5417 2001 5486 XXI,
2022 5435 2102 5489 pem.

475 5522 554 5590 Aba,
571 5539 600 5591 p.
619 5523 653 5576 28
670 5539 708 5590 aq.
818 5525 863 5592 22)
884 5523 939 5591 Gsr.
959 5524 1076 5579 admon.
1094 5525 1252 5592 823-825,
1276 5529 1336 5578 tom.
1353 5522 1382 5591 1,
1399 5539 1428 5591 p.
1445 5523 1510 5590 305,
1537 5538 1558 5578 o.
1578 5522 1618 5578 11.
1726 5522 1771 5591 23)
1792 5520 1848 5588 Ofr.
1868 5521 1934 5590 Gap.
1953 5521 2024 5591 Pap.
2042 5523 2102 5589 865,

433 5703 434 5706 ¹
474 5642 560 5694 aspra
575 5643 602 5694 p.
615 5626 657 5693 93,
676 5627 735 5680 ab.
840 5627 885 5697 24)
905 5628 1066 5682 Pontcoorao
1084 5628 1121 5680 ad
1136 5629 1236 5696 struma
1253 5627 1420 5682 Voltmraum.

1083 5805 1493 5812 ...ᾳ-*ἡ*
