4568 6434
368 623 427 677 895.

447 445 509 508 210
568 440 836 498 submersurum
858 441 906 496 Ao
925 441 1173 497 CAPITULARIA
1193 437 1320 494 nuduli
1341 438 1523 494 FRANCIAE
1541 437 1767 494 ORlENTALlS.
1787 468 1818 477 -
1838 435 1957 492 erlbl.

451 719 538 784 sedis
563 719 749 806 pontificum
769 720 910 786 decretis
927 721 1028 786 satis¹¹
1044 719 1235 798 occurrisse,
1289 717 1355 780 mili
1382 717 1556 782 devotione
1581 718 1775 782 instinctush
1800 715 1953 802 placitum
1985 713 2072 800 apud

448 823 607 888 restitisse
639 831 673 888 et
702 823 942 910 obpugnasse¹¹‚
972 824 1040 889 sire
1072 823 1235 898 hereticis,
1287 820 1443 886 Triburas
1462 822 1575 887 haberi
1591 821 1804 901 decrevisset,
1823 826 1858 883 ut
1871 841 1930 883 rex
1943 819 2072 904 sapien·

449 927 518 992 sive
549 927 742 992 scismaticis
774 935 807 992 et
842 928 991 994 omnibus
1026 949 1123 992 verae
1160 926 1234 991 fidei
1287 925 1433 990 tissimus
1458 925 1543 990 inter
1573 932 1700 990 ceteras
1731 925 1822 1010 regni
1852 924 1901 988 sui
1931 922 2072 1008 disposi-

448 1030 712 1116 obpugnantibus
736 1033 891 1116 regulis0,
916 1031 973 1096 sed
996 1031 1147 1116 antiquus
1165 1052 1234 1095 ser·
1286 1030 1391 1093 tiones
1405 1027 1575 1115 synodalia
1587 1031 1658 1094 iura
1670 1029 1784 1093 maluit
1798 1026 2071 1104 ibidemretineri‚
2103 1045 2115 1083 ⁵

448 1146 560 1220 pens1’‚
599 1135 653 1219 qui
687 1135 806 1200 dicitur
840 1137 990 1202 diabolus
1025 1142 1059 1199 et
1083 1133 1234 1209 Satanas,
1286 1140 1447 1218 quatenus
1485 1132 1595 1198 divina
1632 1132 1825 1218 religatione
1864 1138 1898 1195 et
1931 1131 2073 1196 humans

447 1237 596 1302 inimicus
634 1239 765 1304 humani
805 1242 950 1324 generis,
991 1261 1075 1305 nova
1109 1257 1236 1302 uenena
1286 1235 1349 1300 Dei
1362 1237 1571 1302 miseratione
1589 1243 1806 1302 tractarentur
1820 1235 1958 1330 honeste
1975 1240 2072 1320 atque

447 1341 592 1407 malitiae
618 1363 696 1408 suae
720 1343 806 1408 dulci
830 1343 948 1429 poculo
973 1344 1077 1407 sancti
1096 1341 1234 1428 Spiritus
1286 1346 1421 1425 utraque
1449 1362 1539 1426 pars,
1570 1341 1673 1405 tamt*
1697 1340 1806 1426 populi
1831 1361 1928 1426 quarn
1951 1338 2072 1414 clerici,

448 1444 629 1510 admiscere
654 1455 688 1512 et
711 1447 796 1512 bono
820 1447 934 1512 semini
951 1447 1056 1510 sancti
1072 1446 1235 1531 evangelii
1286 1443 1437 1508 concordi
1461 1445 1675 1510 sanctimonia
1699 1443 1895 1508 christianae
1913 1446 2071 1507 statutum

449 1549 573 1614 zizania
597 1570 675 1615 suae
699 1551 869 1636 pravitatis
886 1557 918 1614 et
941 1550 1095 1636 profanae
1117 1549 1234 1635 iniqui·
1286 1549 1491 1614 reverentiae
1505 1549 1734 1634 pertractando
1747 1549 1945 1614 excolerent.
1971 1545 2071 1610 Cuius
2092 1563 2116 1602 ιο

339 1731 342 1738 Α
448 1653 524 1717 tatis
555 1654 803 1720 subseminareq
826 1677 890 1719 non
918 1654 1052 1730 desinit,
1090 1655 1176 1718 sicut
1202 1655 1235 1716 in
1287 1653 1333 1715 rei
1356 1652 1536 1718 sollertiam
1561 1675 1620 1738 per
1643 1650 1884 1738 prudentissimi
1901 1647 2073 1726 Hathcnis,

449 1757 606 1838 Mattheo,
631 1779 703 1823 curn
720 1759 826 1824 bonae
842 1759 940 1824 messi
958 1758 1084 1821 zizania
1100 1757 1236 1821 luissent
1287 1762 1418 1820 sanctae
1448 1756 1602 1822 uidelicet
1634 1756 1820 1841 Mogontiac
1849 1753 1936 1820 sedis
1965 1751 2072 1817 archi·

447 1861 587 1938 inserta,
627 1863 782 1948 scriptum
818 1868 886 1927 est:
925 1853 1111 1926 ‘Inimicus‘
1140 1861 1236 1925 homo
1287 1860 1434 1946 episcopi
1458 1859 1665 1946 prudentiam
1688 1859 1862 1944 gubernari
1878 1857 2025 1924 decrevit
2040 1863 2074 1922 et

449 1963 511 2029 hoc
551 1963 649 2046 fecit’,
691 1974 725 2031 et
762 1967 804 2032 de
843 1968 914 2032 eius
948 1966 1143 2032 satellitibus
1176 1965 1235 2029 sub
1287 1965 1400 2028 statuit
1436 1985 1507 2028 cum
1539 1965 1729 2029 sedentibus
1759 1962 1972 2028 sanctissimis
2002 1962 2072 2048 epi-

449 2091 657 2155 squamarum
697 2072 808 2156 specie
851 2071 884 2135 in
929 2069 988 2135 Iob
1031 2069 1234 2156 perhibetur:
1287 2068 1394 2154 scopis
1418 2067 1450 2131 id
1467 2058 1552 2132 esti:
2091 2079 2116 2118 ¹⁵

447 2165 568 2238 ‘Una'6
592 2175 646 2238 uni
663 2175 880 2260 coniungitur,
905 2182 938 2240 et
961 2185 1020 2239 ne⁸
1037 2174 1235 2260 spiraculum
1287 2169 2072 2258 HeremennosanctaeAgripinensiseecclesiae

449 2277 580 2362 quidem
611 2278 749 2344 incedit⁸
778 2301 835 2365 per
863 2277 943 2344 eas’:
978 2277 1064 2343 unde
1097 2298 1235 2343 necesse
1751 2274 2007 2360 archiepiscopo,

448 2385 511 2460 est&
539 2379 610 2444 eius
647 2383 903 2466 perversissimis
939 2381 1235 2447 machinationibus
1286 2377 1474 2466 Rstpthone
1498 2400 1610 2444 sacrae
1630 2377 1844 2443 Treuerensis
1864 2377 1951 2443 sedis
1966 2377 2072 2442 archi-

451 2491 484 2548 et
518 2483 696 2551 satellitum
732 2506 863 2551 suorum
899 2485 1157 2551 insecutionibus
1193 2507 1234 2550 ex
1753 2483 1918 2569 episcopo,

447 2588 636 2654 authentica
669 2595 835 2675 potestate
866 2589 1026 2654 contraire
1054 2596 1087 2654 et
1115 2610 1233 2654 novum
1287 2587 1461 2654 Salomone
1492 2587 1754 2654 Constantiensis
1791 2586 1971 2652 aecclesiae
2002 2588 2070 2672 epi·
2092 2620 2117 2660 20

449 2693 641 2777 paradigma
664 2716 761 2760 verae
786 2694 976 2759 assertionis
1001 2693 1177 2781 obponere.
1753 2713 1860 2777 scopo,

557 2795 764 2884 Quapropter
787 2819 846 2864 rex
873 2819 1000 2884 regum,
1035 2799 1125 2864 cuius
1148 2801 1234 2885 ‘reg-
1289 2794 1499 2862 Adelberone
1525 2794 1876 2881 Augustitudunensis⁰
1892 2795 2074 2860 aecclesiae

449 2893 561 2980 numl',
585 2907 621 2965 ut
636 2901 804 2988 psalmista
820 2901 917 2982 canit,
938 2909 1082 2987 ‘regnum
1100 2910 1151 2968 est
1166 2925 1234 2968 orn-
1753 2899 1918 2986 episcopo,

450 3004 538 3067 nium
563 3003 790 3084 sacculorum’,
814 3005 966 3070 omnibus
990 3006 1235 3071 ecclesiasticae
1289 3002 1518 3068 Erchanbaldo
1548 3003 1769 3070 Ethstctensis
1800 3003 1980 3069 aecclesiae
2004 3001 2073 3088 epi-

450 3107 660 3172 sublimitatis
676 3107 843 3174 ordinibus
860 3131 920 3174 nec
938 3130 1002 3174 non
1026 3117 1059 3174 et
1075 3110 1232 3175 secularis
1750 3129 1860 3193 ⁸0⁰p⁰‚
2090 3140 2115 3184 ss

448 3212 616 3298 potentiae
651 3210 865 3297 dignitatibus
900 3234 1018 3278 nouum
1052 3213 1232 3300 principem
1286 3211 2074 3300 ThietelohoVagionensisaecclesiaeepiscopo‚

447 3315 640 3380 Arnolfum'¹
654 3336 765 3399 regern
780 3317 915 3402 pacifico
927 3317 1040 3383 ordine
1052 3325 1233 3404 perpetuae
1288 3315 1499 3381 Ootedancho
1517 3315 1681 3401 Spirensis
1704 3317 1885 3382 aecclesiae
1909 3317 2074 3403 episcopo,

448 3418 695 3505 tranquillitatis
711 3419 880 3505 praeferre
897 3407 1050 3506 dignatus
1067 3428 1126 3500 est,
1143 3423 1234 3486 cuius
1287 3419 1497 3484 Baldrammo
1521 3420 1769 3505 Argentinensis
1797 3420 1981 3486 aecclesiae
2004 3422 2075 3507 epi-

448 3544 503 3587 cor
532 3522 635 3587 sancti
664 3522 804 3608 Spiritus
835 3524 950 3590 ardore
979 3525 1177 3590 inflammare
1205 3533 1237 3591 et
1752 3545 1863 3609 scopo,

448 3626 519 3691 zelo
550 3625 648 3690 divini
680 3627 800 3690 amoris
831 3628 935 3692 voluit
970 3628 1167 3708 accendere,
1202 3637 1237 3694 ut
1288 3627 1432 3712 Ingrimo
1455 3626 1649 3692 Basiliensis
1673 3628 1856 3693 aecclesiae
1880 3629 2043 3715 episcopo,
2092 3665 2118 3705 ,ο

446 3737 533 3795 totus
561 3737 738 3814 cognoseat
770 3731 908 3796 mundus
938 3752 1003 3796 non
1034 3732 1076 3797 ab
1106 3733 1236 3799 homine
1288 3730 1694 3817 TutoneRadasponensis
1711 3732 2074 3819 aeeclesiseepiscopc‚

447 3855 553 3920 neque
569 3854 627 3918 per
644 3833 819 3914 hominem,
843 3833 901 3899 sed
925 3837 1104 3922 peripsum
1122 3837 1233 3902 Domi·
1288 3829 1514 3900 Rucdhario‘18
1528 3836 1696 3902 Ouriensis
1713 3835 1894 3901 aecclesiae
1911 3835 2074 3924 episcopo,

447 3960 525 4003 num
563 3959 637 4001 eum
681 3959 755 4003 esse
800 3939 952 4006 electum.
1014 3940 1233 4007 Considerans
1287 3938 1687 4026 WaldcneFrisingensis
1709 3942 2075 4027 aecclesiaeepisccpo,

448 4042 534 4106 enim
563 4040 649 4105 idem
678 4043 942 4127 sapientissimus
972 4066 1030 4108 rex
1053 4045 1234 4131 profundae
1287 4042 1450 4108 Ruadollo
1478 4043 1755 4131 Wirziburgensis
1789 4046 1970 4110 aecclesiae
2005 4048 2074 4132 epi-

448 4145 565 4208 mentis
594 4144 711 4208 intuitu
744 4144 966 4210 abundantem
1001 4146 1034 4210 in
1062 4169 1099 4212 se
1130 4149 1234 4214 sancti
1752 4169 1863 4234 scopo,
2093 4184 2117 4222 ss

448 4249 589 4335 Spiritus
621 4249 774 4332 gratiam,
812 4249 901 4333 quia,
936 4270 1016 4334 quos
1047 4251 1233 4337 repleverit,
1288 4250 1479 4336 Sigimundo
1519 4253 1825 4318 Halvarastetensis
1871 4253 2052 4320 aecclesiae

447 4351 599 4418 ardentes
622 4352 655 4416 in
680 4375 733 4432 se,
764 4353 886 4438 pariter
909 4361 942 4418 ct
965 4353 1135 4438 loquentes
1160 4357 1238 4422 facit
1754 4357 1919 4442 episcopo,

447 4457 488 4522 de
523 4478 577 4534 se,
614 4477 699 4520 anno
730 4455 963 4521 incarnationis
996 4457 1078 4523 Jesu
1114 4458 1235 4527 Christi
1290 4458 1785 4546 WiepertoHiltineschinensis
1802 4461 1983 4526 aecclesiae
2002 4461 2073 4545 epi-

446 4559 579 4624 Domini
617 4560 718 4625 nostri
751 4559 995 4641 DOCOXCV'‚
1030 4564 1123 4646 regni
1157 4586 1233 4632 vero
1751 4585 1858 4648 scopo,

449 4665 499 4729 sui
514 4663 633 4743 vini,
656 4663 832 4729 indictione
858 4663 980 4746 xum,
1003 4685 1117 4731 mense
1134 4667 1230 4751 Maio,
1285 4667 2074 4754 BisonePaderbrunnensisaecclesiaecpiseopo,
2093 4696 2119 4734 so

551 4845 582 4897 A.
602 4841 631 4912 n)
649 4847 712 4898 satis
730 4885 735 4897 .
750 4883 755 4895 .
770 4884 776 4897 .
794 4848 955 4914 obpugnasse
967 4847 1014 4899 hcc
1026 4849 1081 4902 loco
1093 4850 1145 4904 des.
1157 4853 1185 4904 in
1202 4851 1227 4918 d,
1245 4854 1290 4906 sed
1303 4855 1389 4918 ampl.
1407 4854 1482 4922 infra
1496 4860 1556 4919 post
1575 4852 1792 4919 obpugnantibus.
1884 4850 1910 4917 o)
1929 4851 2033 4918 regulas
2051 4851 2075 4916 5,

447 4935 533 4987 Paris.
619 4931 646 4999 p)
665 4933 745 4984 hostis
762 4931 786 4984 4.
875 4933 903 5000 q)
921 4937 1125 5002 superseminare
1148 4937 1222 4992 1-4.
1311 4939 1334 5007 r)
1353 4959 1475 5007 sequaces
1494 4939 1572 5005 iilius,
1592 4940 1711 4990 videlieet
1729 4939 1832 5002 diaboli,
1851 4955 1902 5003 quo
1921 4937 1993 4989 nulls
2011 4937 2077 4989 inter

447 5037 474 5072 se
492 5020 617 5071 discordia
635 5019 710 5070 divisi
727 5027 788 5071 sunt
809 5021 835 5070 iu
854 5021 978 5072 bonorum
997 5039 1066 5088 nece,
1085 5027 1192 5091 gravius
1214 5030 1391 5094 glomerantur
1410 5028 1472 5079 add.
1491 5024 1577 5091 2-4‚
1591 5036 1682 5094 postca
1699 5035 1783 5078 autem
1807 5027 1880 5078 dates
1898 5025 1926 5075 in
1943 5023 1972 5089 23
1988 5026 2077 5090 plasea

446 5124 528 5172 mcrp.
547 5107 574 5156 in
593 5104 615 5157 l.
719 5105 742 5169 s)
761 5124 809 5158 nec
828 5102 913 5157 1-4.
1019 5107 1040 5174 t)
1059 5110 1148 5162 incidit
1169 5111 1248 5178 1-4;
1273 5113 1314 5164 hic
1332 5114 1434 5178 explicit
1452 5114 1538 5166 Par-ie.
1642 5113 1671 5176 u)
1690 5113 1828 5164 Arsurum
1846 5112 1869 5164 3.
1962 5112 1989 5178 v)
2008 5129 2074 5164 corr.

447 5194 623 5245 DCCCXCVI.
646 5190 668 5244 l.
755 5191 789 5256 w)
808 5211 876 5244 corr.
894 5195 975 5245 VIIII.
997 5196 1081 5246 Xllll.
1102 5196 1124 5247 l.
2094 5224 2119 5263 tt

550 5279 581 5331 Β.
600 5276 627 5341 bl
640 5281 676 5330 ito
688 5280 801 5340 sorrech
818 5281 941 5334 instincto
953 5281 1051 5343 Dicam
1069 5301 1117 5335 cm.
1131 5284 1250 5351 Phittips.
1333 5284 1375 5352 δ’)
1391 5303 1468 5352 quam
1483 5285 1564 5338 Dices.
1653 5284 1677 5346 c)
1697 5285 1734 5336 ius
1748 5285 1830 5338 Dicas.
1838 5304 1890 5352 pro
1902 5287 2075 5352 segusiensis

446 5368 486 5419 cet
498 5367 739 5434 Augustidunensis.
827 5367 853 5429 d)
872 5368 909 5418 ita
928 5368 1025 5428 Dicam
1043 5371 1191 5425 Ruodharto
1209 5374 1288 5425 Phitl.

549 5529 577 5598 r)
591 5526 687 5582 maa.
703 5527 789 5592 raes.
870 5529 897 5597 s)
913 5529 968 5595 cfr.
980 5529 1273 5601 cananaeam
1285 5535 1473 5604 eceman
1553 5537 1581 5602 a)
1595 5533 1646 5589 Joo
1658 5535 1731 5602 rra.
1812 5535 2072 5605 circumstare.

447 5635 475 5702 8)
495 5629 672 5688 Ruoclliarius
689 5630 744 5683 iam
761 5647 787 5684 a.
805 5632 865 5685 887.
884 5637 1005 5686 mortum
1022 5639 1094 5702 crat,·
1115 5636 1295 5706 episcopatum
1315 5637 1467 5694 Curiamem
1484 5637 1531 5693 hcc
1555 5644 1665 5708 tenuiore
1684 5639 1761 5707 infra
1777 5640 1933 5698 musiacas
1949 5639 2077 5698 memet

446 5742 494 5809 sus
512 5741 616 5807 tenatt;
633 5741 682 5806 cfr.
703 5738 817 5808 Phellips
835 5738 852 5792 l.
864 5754 885 5793 a.
905 5755 934 5808 p.
953 5739 1011 5792 tlt.
2093 5765 2120 5807 sc
