4560 6426
264 1 272 123 r
1445 52 1594 90 πω-

1633 100 1716 120 τι..

264 127 272 150 Ι
1742 126 1838 150 ''h-

255 164 262 298 p
1861 154 1968 185 HQ,

2101 214 2188 240 1——

246 328 252 420 p
391 315 453 378 356
547 310 792 367 certabamus
812 311 940 368 REGUM
962 312 1146 368 ananelus
1165 313 1427 368 OCCIDENTALIS
1447 313 1597 380 (KAROLl
1610 315 1656 382 Il).
1675 345 1708 354 -
1728 315 1777 369 Nr.
1793 315 1853 370 281.

244 423 252 454 ,
1334 425 1340 440 .

237 492 242 572 l
313 493 373 546 877.
392 497 492 552 beatae
527 495 729 551 reeordationis
758 496 855 552 domni
885 500 914 550 et
944 497 1082 568 genitoris
1111 497 1200 551 nostri
1231 497 1359 552 excultae
1390 501 1419 552 et
1449 498 1604 552 honoratae
1634 499 1719 566 atque
1747 499 1829 552 rebus
1861 498 2015 568 ampliatae

235 571 240 604 ‘⁶
391 569 534 648 fuerunt²‚
552 587 581 638 et
596 601 668 652 quae
684 588 812 638 anostra
828 583 1001 639 liberalitate
1017 586 1188 639 honoratae
1204 587 1289 652 atque
1306 583 1428 638 ditatae
1445 588 1539 650 sunt,
1563 585 1597 640 de
1613 587 1706 639 cetero
1723 586 1773 639 sub
1789 585 1955 656 integritate
1971 584 2014 639 sui

390 675 551 736 serventur,
575 674 605 726 et
627 671 785 726 sacerdotes
808 689 841 725 ae
864 671 937 725 servi
954 671 1006 726 Dei
1022 671 1147 741 vigorem
1164 670 1384 726 ecclesiasticum
1400 674 1430 726 et
1445 671 1540 726 debita
1561 671 1710 742 privilegiu
1730 672 1810 728 iuxta
1833 673 2013 728 reverendam

390 759 589 814 auctoritatem
606 757 768 822 obtineant;
786 761 816 812 et
831 758 936 812 eisdem
952 748 1141 835 principalis
1157 761 1284 827 potestas
1300 761 1329 811 et
1345 757 1505 812 inlustrium
1519 758 1642 814 virorum
1658 760 1811 814 strenuitas
1824 778 1872 814 seu
1888 759 1929 814 rei
1945 759 2012 829 pub-

391 844 460 900 licae
477 845 729 910 administratores,
753 848 785 899 ut
808 864 888 900 suum
911 845 1099 899 ministerium
1121 847 1315 914 competenter
1336 845 1437 914 exequi
1459 845 1580 912 valeant,
1604 846 1633 900 in
1654 846 1783 901 omnibus
1806 846 2015 901 rationabiliter
2045 851 2058 889 ⁵

391 935 421 986 et
443 932 516 988 iuste
533 935 708 988 concurrant.
755 921 797 986 Et
819 923 906 986 filius
929 931 1041 988 uester
1063 923 1144 987 haee
1168 923 1389 1008 suprascripta
1413 923 1560 988 similiter
1583 923 1654 988 Deo
1677 924 1809 988 iurante
1831 933 2012 988 conservet¹

498 1026 565 1090 ΒΡ.
610 1025 754 1090 Primum
772 1027 958 1112 capitulum,
983 1027 1067 1090 sieut
1082 1024 1153 1090 Deo
1168 1027 1348 1112 inspirante
1371 1025 1570 1106 decrevistis,
1595 1048 1708 1092 omnes
1726 1027 1957 1092 conlaudamus
1982 1033 2014 1091 et

390 1151 581 1196 conservare
606 1130 765 1194 volumus.

498 1239 527 1302 2.
561 1233 607 1298 Ut
630 1237 863 1299 monasterium
887 1257 907 1300 a
929 1234 1023 1299 nobis
1040 1233 1240 1319 Compendio
1264 1235 1297 1297 in
1320 1233 1442 1297 honere
1466 1240 1599 1299 sanctae
1616 1233 1679 1299 Dei
1702 1235 1872 1318 genitricis
1890 1235 2012 1300 Mariae

390 1331 633 1402 constructum3
660 1338 768 1402 afilio
799 1344 907 1401 nostro
938 1344 970 1400 et
993 1337 1144 1401 fidelibus
1168 1339 1287 1401 nostris
1311 1359 1350 1401 eo
1374 1345 1504 1420 tenore,
1536 1358 1598 1423 quo
1623 1339 1804 1423 coepimus,
1837 1337 2012 1402 honoretur
2032 1365 2056 1402 ro

390 1449 423 1506 et
446 1443 653 1528 privilegium
678 1465 697 1506 a
721 1444 839 1506 domuc
863 1464 947 1528 papa
971 1449 1004 1506 et
1027 1443 1068 1506 ab
1093 1442 1241 1506 omnibus
1266 1442 1429 1528 episeopis
1454 1441 1695 1521 confirmatum,
1719 1443 1887 1528 imperiale
1913 1443 2011 1508 etiam

388 1546 555 1611 decretum
579 1547 620 1611 ab
649 1547 799 1612 omuibus
827 1545 978 1611 fidelibus
1005 1567 1063 1632 pro
1087 1546 1149 1610 Dei
1179 1552 1212 1610 et
1241 1553 1350 1610 uestro
1381 1567 1490 1610 amore
1521 1547 1753 1631 benignissime
1783 1553 1881 1632 atque
1910 1548 2012 1611 invio·

391 1651 533 1716 labiliter
557 1657 769 1716 conservetur
792 1657 825 1715 et
848 1671 867 1714 a
889 1650 955 1714 filio
978 1655 1090 1713 nestro
1113 1650 1270 1714 firmetur.

495 1753 562 1819 RP.
607 1754 659 1819 De
683 1753 826 1819 secundo
851 1755 1001 1818 similiter
1024 1752 1269 1839 respondemus.

497 1861 526 1923 3.
561 1858 607 1923 Ut
634 1858 716 1923 tales
746 1879 765 1922 a
794 1857 886 1922 vobis
918 1858 1081 1942 eligantur
1110 1858 1259 1943 exceptis
1290 1857 1370 1936 illis,
1400 1857 1517 1942 quibus
1547 1858 1809 1922 commendatum
1840 1857 2056 1938 habemuse

389 1983 525 2048 quorum
551 1963 687 2050 speciali
712 1962 849 2028 consilio
872 1969 905 2027 et
929 1961 1087 2026 adiutorio
1111 1962 1144 2024 in
1168 1963 1332 2048 praesenti
1355 1963 1472 2026 itinere
1495 1970 1636 2028 utamur.

495 2066 563 2131 ΒΡ.
608 2067 659 2132 De
683 2067 779 2132 tertio
804 2088 877 2146 vos,
910 2067 993 2131 sieut
1022 2067 1139 2131 melius
1169 2066 1241 2130 Deo
1272 2067 1452 2151 inspirante
1476 2066 1616 2146 vidistis,
1646 2066 1738 2150 regni
1768 2068 1867 2131 vestri
1896 2067 2011 2132 defen·

388 2172 512 2236 sionem
536 2177 633 2255 atque
651 2171 822 2235 tuitionem
846 2177 878 2234 et
902 2171 957 2235 filii
975 2171 1075 2236 vestri
1091 2171 1271 2235 custodiam
1292 2193 1351 2257 per
1366 2170 1480 2236 fideles
1498 2178 1635 2250 vestros,
1659 2178 1725 2236 tarn
1749 2193 1808 2256 per
1824 2173 2010 2258 episcopos,

388 2297 484 2362 quam
517 2274 653 2342 abbates
692 2284 725 2340 et
760 2277 896 2340 comites
930 2275 1125 2362 dispositum
1162 2274 1308 2354 habetis,
1341 2281 1374 2338 et
1408 2276 1629 2339 necessarium
1666 2295 1740 2339 esse
1773 2275 2011 2361 cognoscimus.

388 2382 497 2467 Ipsam
521 2379 765 2466 dispositionem
789 2400 847 2444 nos
872 2379 1074 2444 disordinare
1102 2400 1166 2444 uon
1195 2399 1367 2464 possumus
1397 2400 1458 2444 nee
1489 2379 1661 2452 debemus:
1695 2385 1727 2442 et
1756 2381 1894 2465 qualiter
1921 2380 2009 2444 illam
2029 2401 2056 2440 ro

388 2484 505 2550 melius
529 2484 700 2569 disponere
724 2482 896 2568 possimus,
921 2503 985 2547 uon
1009 2483 1164 2569 sapimus.

496 2595 526 2655 4.
561 2587 731 2661 Quomodo
754 2588 860 2652 securi
888 2608 962 2652 esse
986 2585 1162 2672 possimus,
1191 2607 1359 2672 quousque
1387 2584 1459 2650 Deo
1489 2584 1725 2651 douautehue
1753 2593 2012 2668 revertamur,a

388 2695 477 2758 nullo
502 2711 638 2776 regnum
653 2697 800 2755 nostrum
816 2690 988 2775 inquietari
1005 2711 1113 2776 posse,
1138 2696 1291 2773 quantum
1309 2688 1401 2754 Deus
1417 2709 1474 2752 vos
1490 2689 1645 2755 adiurare
1661 2691 1800 2754 voluerit
1819 2698 1852 2754 et
1868 2699 2010 2755 uestrum

387 2819 486 2885 posse
504 2796 659 2872 extiterit,
684 2801 716 2857 et
739 2791 901 2879 quomodo
925 2814 984 2858 nos
1008 2791 1049 2858 de
1065 2792 1131 2856 filio
1147 2800 1258 2857 nostro
1283 2799 1316 2856 et
1338 2792 1378 2856 de
1394 2791 1486 2856 vobis
1504 2793 1608 2856 securi
1626 2799 1699 2858 e'sse
1716 2795 1879 2878 possimus
1903 2801 1937 2858 et
1953 2816 2010 2859 vos

388 2902 428 2968 de
444 2903 509 2966 filio
525 2906 636 2966 nostro
654 2900 761 2964 securi
778 2920 852 2963 esse
869 2898 1000 2984 possitis
1016 2905 1048 2962 et
1064 2899 1134 2984 ipse
1151 2896 1191 2961 de
1211 2897 1312 2977 robis,
1329 2902 1362 2960 et
1377 2903 1414 2960 ut
1431 2918 1488 2961 vos
1505 2894 1698 2960 adinvicem
1716 2897 1848 2962 credere
1865 2899 2009 2984 possitis.
2030 2919 2055 2959 rs

478 3006 563 3072 BP.
608 3005 659 3069 De
683 3010 806 3090 quarto,
831 3003 863 3066 in
887 3023 950 3088 quo
975 3003 1218 3088 scriptumest:
1251 3000 1423 3086 ‘quomodo
1445 3021 1503 3064 ros
1527 2999 1566 3064 de
1589 2999 1654 3063 lilio
1673 3007 1781 3064 vestro
1805 3002 1909 3066 securi
1935 3023 2010 3066 esse

387 3110 540 3200 possitis',
564 3107 811 3196 respondemus,
835 3107 911 3193 quia
933 3105 1005 3171 Deo
1027 3106 1150 3192 gratias
1172 3127 1228 3168 vos
1252 3105 1392 3169 eundern
1415 3104 1517 3168 filiurn
1542 3112 1684 3168 vestrum
1714 3112 1747 3168 et
1769 3106 1952 3188 generastis
1977 3113 2010 3170 et

386 3217 533 3280 nutristis
556 3221 590 3278 et
613 3212 673 3277 sub
701 3212 898 3277 nutrimento
924 3215 1033 3276 restro
1057 3208 1150 3274 Deus
1174 3207 1214 3272 ad
1246 3209 1329 3272 haue
1360 3215 1503 3272 aetatem
1534 3208 1625 3272 illum
1657 3207 1827 3294 perduxit:
1857 3216 1890 3273 ct
1913 3230 2008 3274 nemo

385 3326 528 3384 nostrum
552 3319 643 3382 illum
667 3317 806 3401 amplius
835 3316 962 3379 salvare
992 3319 1100 3399 potest
1123 3312 1175 3378 vel
1199 3310 1298 3377 debet
1321 3318 1378 3376 aut
1401 3313 1502 3398 sapit,
1536 3333 1632 3396 quam
1664 3333 1737 3390 vos,
1769 3319 1802 3377 et
1834 3314 1868 3376 iu
1898 3320 2008 3378 vestro

385 3423 521 3487 consilio
544 3428 577 3486 et
599 3420 721 3485 auxilie
745 3440 783 3483 ae
806 3418 1018 3505 dispositione
1042 3417 1129 3481 illius
1153 3416 1290 3480 salvatio
1313 3421 1346 3480 et
1372 3415 1476 3479 honor
1498 3422 1573 3502 post
1595 3415 1701 3479 Deum
1726 3423 1759 3479 et
1782 3423 1913 3481 sanctos
1938 3418 2008 3482 eius
2028 3445 2054 3482 ro
2168 3465 2170 3473 .

386 3527 541 3591 censistit.
593 3524 636 3588 Et
664 3524 804 3608 qualiter
834 3523 875 3587 ad
904 3521 965 3586 Dei
990 3522 1190 3586 voluntatem
1222 3526 1255 3584 et
1287 3527 1420 3584 sanctae
1445 3521 1604 3586 ecelesiae
1628 3526 1661 3584 et
1684 3521 1775 3605 regni
1799 3521 1898 3584 vestri
1922 3522 2009 3585 utili·
2162 3479 2169 3587 f

384 3640 485 3696 tatem
510 3631 615 3695 securi
639 3629 678 3693 dc
702 3629 757 3692 ille
782 3648 856 3691 esse
880 3626 1022 3712 possitis,
1046 3626 1080 3689 in
1097 3632 1207 3690 vestra
1228 3624 1441 3710 dispositione
1462 3629 1583 3688 manet.
1629 3622 1672 3686 Et
1695 3623 1736 3687 de
1759 3623 1831 3700 hoc,
1855 3623 1940 3709 quod
1964 3625 2009 3689 ibi
2152 3611 2160 3751 Ῑ

385 3736 541 3822 seriptum
565 3741 629 3799 est:
655 3731 828 3819 ‘quemodo
851 3729 892 3794 de
916 3729 1007 3793 uobis
1032 3730 1138 3794 securi
1163 3749 1236 3794 esse
1260 3728 1401 3813 possitis,
1427 3728 1567 3813 qualiter
1582 3727 1761 3814 usquedum
1779 3727 1851 3792 Dec
1868 3726 2010 3792 donante
2143 3801 2149 3804 ,

385 3840 448 3903 huc
471 3839 696 3918 revertamini,
728 3843 764 3900 nt
793 3857 811 3898 a
842 3834 930 3898 nullo
961 3854 1096 3918 reguum
1121 3838 1265 3896 vestrum
1296 3831 1470 3916 inquietari
1499 3831 1621 3916 possit,
1655 3839 1810 3916 quantum
1834 3830 1925 3896 Deus
1949 3853 2008 3896 uos
2142 3809 2149 3913 f

384 3945 494 4008 iuvare
517 3943 656 4007 voluerit
679 3948 712 4006 et
734 3946 878 4003 nostrum
902 3959 998 4026 posse
1023 3934 1190 4016 extiterit,
1215 3934 1463 4021 respondemus,
1487 3935 1562 4019 quia
1585 3941 1660 3998 suut
1683 3942 1897 4014 sacramenta,
1922 3956 2006 4020 quae
2026 3959 2051 3999 rs
2132 3930 2139 3998 ἶ

385 4046 476 4110 vobis
499 4047 644 4124 fecimus,
668 4053 700 4110 et
724 4051 775 4110 est
797 4044 969 4131 professio,
999 4062 1096 4127 quam
1120 4040 1212 4105 vobis
1246 4048 1279 4104 et
1306 4039 1415 4105 clerici
1444 4046 1475 4102 et
1499 4038 1572 4102 laici
1601 4039 1633 4101 iu
1658 4029 1847 4102 Carisiaco4
1871 4037 2008 4102 fecimus
2127 4123 2128 4130 ἵ

385 4156 417 4214 et
442 4150 705 4236 subscripsimus,
729 4155 761 4213 et
785 4154 836 4212 est
857 4146 1061 4233 perdonatio,
1086 4167 1183 4231 quarn
1206 4144 1383 4208 dominatio
1409 4150 1517 4208 vestra
1539 4142 1634 4206 uobis
1658 4140 1809 4206 fidelibus
1834 4143 1950 4206 vestris
1974 4148 2008 4206 et
2122 4156 2127 4241 p·

383 4254 576 4339 perdonavit
599 4261 631 4318 et
654 4252 858 4338 subscripsit,
889 4257 922 4316 et
950 4257 1000 4314 est
1027 4250 1185 4336 professio
1216 4256 1249 4313 et
1273 4255 1527 4326 sacramentum,
1556 4267 1639 4332 quae
1667 4247 1699 4308 in
1724 4239 2008 4310 Gundulfi-villai
2115 4265 2121 4304 ;

384 4380 442 4445 pro
477 4359 568 4422 novis
603 4357 708 4422 causis
743 4352 985 4439 emergentibus
1021 4374 1063 4417 ex
1089 4360 1192 4418 morte
1221 4353 1386 4416 Hletharii
1421 4359 1454 4416 et
1489 4352 1654 4415 missatico
1691 4349 1799 4414 domui
1835 4352 2008 4436 apostolici
2112 4319 2118 4403 d

384 4462 543 4527 Hadriani
574 4468 606 4527 et
636 4460 800 4525 missatico
828 4457 1013 4523 Hludowiei
1044 4457 1171 4542 nepotis
1196 4457 1295 4520 vestri
1325 4455 1417 4519 robis
1445 4455 1597 4530 fecimus;
1628 4460 1678 4518 est
1709 4455 1807 4518 etiam
1835 4454 2007 4540 professio,
2025 4481 2051 4519 ro
2102 4439 2110 4567 p*

383 4587 480 4651 quam
504 4557 640 4630 RemisG
664 4571 696 4628 et
720 4563 760 4628 de
783 4570 893 4626 restra
915 4560 1073 4626 fidelitate
1097 4566 1130 4624 et
1153 4560 1194 4625 de
1217 4562 1317 4625 vestri
1340 4563 1431 4645 regui
1456 4559 1671 4645 dispositione
1695 4581 1733 4622 ac
1758 4558 1949 4624 defensione
1974 4567 2008 4623 et
2094 4619 2099 4646 4

384 4671 424 4734 dc
447 4692 550 4735 uxore
574 4676 683 4734 vestra
706 4667 802 4732 etde
831 4667 896 4730 filio
920 4672 1045 4742 vestro,
1078 4685 1173 4750 quem
1197 4650 1348 4743 bebetis,
1382 4672 1415 4730 et
1443 4665 1470 4728 si
1492 4663 1584 4729 Deus
1612 4664 1718 4728 adhuc
1744 4663 1844 4727 etiam
1867 4663 2006 4727 alterum
2092 4649 2097 4731 l

384 4774 525 4852 dederit,
557 4773 695 4860 professi
726 4772 855 4836 fuimus.
912 4770 1004 4844 Quae
1039 4769 1146 4832 omnia
1177 4768 1336 4834 hacteuus
1367 4768 1631 4834 conservarimus
1663 4775 1696 4831 et
1720 4787 1950 4831 conservamus
1974 4774 2007 4830 et
2082 4801 2088 4828 .-

383 4880 557 4945 adiuvante
581 4879 653 4944 Deo
677 4898 780 4962 usque
810 4875 851 4940 ad
882 4876 980 4939 finem
1003 4875 1091 4938 vitae
1122 4882 1252 4940 nostrae
1282 4893 1477 4938 conservare
1509 4873 1666 4936 volumus.
1717 4869 1812 4936 Unde
1835 4893 1893 4957 pre
1917 4879 2006 4936 certo
2072 4945 2079 4969 1

383 5006 440 5048 nos
465 4985 622 5048 veraciter
645 4981 779 5046 credere
802 4981 951 5066 potestis.
1004 4977 1039 5041 si
1075 4985 1184 5042 autem
1214 4979 1331 5063 aliquis
1365 4999 1384 5040 o
1414 4977 1567 5062 praefatis
1604 4974 1816 5039 sacramentis
1851 4975 1901 5039 vel
1929 4996 2004 5060 pre·
2023 4969 2078 5057 el

382 5087 579 5152 fessionibus
608 5086 764 5165 deviavit,
795 5083 857 5147 hoc
890 5081 1067 5147 secundum
1097 5083 1253 5146 rationem
1284 5087 1317 5145 et
1345 5082 1574 5145 auctoritatem
1607 5085 1704 5162 atque
1735 5077 2005 5143 cousuetudinem
2062 5111 2069 5164 ,1

382 5189 534 5255 emendet
564 5198 596 5254 et
626 5191 666 5254 de
690 5196 800 5254 cetere
825 5193 1006 5252 conservet.
1060 5184 1094 5248 si
1126 5191 1234 5250 autem
1265 5186 1338 5249 talis
1368 5190 1419 5248 est
1448 5184 1488 5249 de
1517 5184 1632 5247 restris
1664 5181 1828 5258 fidelibus,
1861 5182 1914 5267 qui
1946 5182 2005 5246 has
2062 5167 2066 5219 ¹¹

483 5399 511 5465 2)
531 5397 608 5450 salva
626 5395 779 5464 aerquitatis
801 5394 910 5448 ratione
928 5392 970 5446 ita
988 5395 1171 5462 permaneant
1189 5391 1250 5446 (rdet
1272 5391 1352 5444 Cone.
1370 5391 1411 5444 eit.
1508 5392 1536 5454 3)
1556 5389 1609 5443 Die
1626 5391 1651 5442 ι’).
1663 5405 1696 5441 m.
1716 5388 1800 5452 Maii,-
1818 5387 1868 5453 cfr.
1883 5387 2004 5455 Br'ilrmer,
2042 5329 2056 5466 ,i

381 5503 490 5570 Repente
505 5501 714 5556 Crrrelcrauuer.
727 5501 807 5564 lena·
825 5499 899 5552 Ana,
915 5496 1018 5550 Berlin.
1031 5495 1175 5564 adedit,
1195 5497 1240 5549 lc.
1257 5513 1286 5563 p.
1299 5495 1356 5548 l3r'r.
1426 5495 1454 5564 4)
1474 5497 1507 5548 Α.
1520 5495 1580 5560 afa,
1593 5509 1678 5562 surpra
1692 5493 1790 5560 pean
1860 5494 1887 5556 fr)
1902 5491 2004 5558 Aere,
2042 5471 2047 5547 i

379 5623 465 5675 supro
479 5625 508 5676 p.
520 5607 568 5660 341
578 5623 614 5674 sq.
704 5611 731 5673 ll)
751 5609 786 5660 A.
799 5603 870 5658 870?
887 5604 935 5668 cfr.
950 5601 1093 5669 Dr'imruler,
1115 5600 1252 5667 (laeserint.
1268 5599 1350 5653 Reiclr
1361 5600 1421 5666 11²,
1435 5616 1463 5666 p.
1476 5599 1535 5665 309,
1554 5602 1608 5652 nol.
1623 5600 1653 5664 l‚·
1672 5597 1746 5662 ΠΡ,
1760 5613 1788 5664 p.
1801 5597 1843 5664 43,
1861 5601 1914 5648 nor.
1928 5597 1951 5649 3.
2022 5599 2039 5709 tp

2022 5759 2029 5804 r

2020 5813 2026 5902 l

2010 5937 2018 6054 l
