4590 6420
370 452 640 508 ADDI'I'AldEN'l'A
660 454 708 508 AD
726 453 842 511 CAPIT.
862 454 942 509 ΒΕΘ.
962 453 1146 510 Fit-ANCIAE
1164 453 1352 510 OCCIDEN'P.
1372 454 1520 524 (KAROLI
1533 454 1579 525 11).
1597 486 1630 495 -
1649 455 1698 509 Νι.
1711 456 1770 512 293.
1818 458 1880 521 395

361 630 410 690 79.
447 627 491 692 Ut
514 630 649 694 comites
666 649 723 694 seu
739 628 864 693 iudices
880 629 1034 713 placitum
1058 633 1114 692 aut
1210 627 1264 708 Ut,
1289 649 1352 713 que
1377 629 1552 693 constituta
1575 636 1665 706 sunt,
1694 630 1786 714 regia
1809 650 1879 692 ma-
1907 637 1968 693 845.

488 733 620 797 mallum
637 753 700 798 non
716 739 852 798 teneant
874 738 950 818 post
966 739 1114 816 quartam
1253 739 1365 816 gestas
1389 733 1556 797 oliservari
1580 733 1764 820 precipiat¹.

487 836 602 902 feriam
626 835 658 900 in
684 837 790 922 capite
814 836 935 901 ieiunii.
1836 823 1838 830 ¹

358 943 409 1006 80.
444 939 490 1005 Ut
516 941 624 1006 feriati
655 940 720 1005 sint
754 947 827 1004 octo
853 939 923 1005 dies
949 940 1114 1026 paschalis

227 1067 238 1102 ι
488 1044 685 1110 festivitatis.
1697 1081 1700 1087 ·

359 1151 409 1212 81.
445 1148 490 1213 Ut
519 1149 663 1234 capitula
694 1171 714 1214 a
745 1145 863 1213 Carolo
897 1146 1019 1232 Magno
1054 1149 1113 1212 im·
1210 1147 1256 1212 Ut
1283 1149 1426 1234 capitula
1460 1169 1478 1210 a
1512 1146 1643 1232 regibus
1678 1150 1882 1234 promulgata

488 1258 639 1339 peratore
669 1259 702 1317 et
730 1273 750 1316 a
777 1250 943 1315 Ludovico
975 1258 1111 1336 augusto
1254 1251 1476 1317 observentur.

489 1357 695 1442 promulgata
739 1355 906 1420 observari
952 1356 1112 1441 praeeipi-

490 1466 595 1525 antur.

215 1585 240 1623 ιι
357 1569 407 1632 82.
444 1564 503 1646 Ut,
527 1565 582 1650 qui
605 1563 687 1627 haec
716 1569 838 1626 statuta
861 1563 1056 1648 episcopalia
1080 1570 1112 1626 et
1210 1561 1304 1635 Quod
1349 1563 1446 1642 haee,
1495 1584 1558 1626 non
1603 1563 1880 1650 parvipendentes

488 1668 611 1754 regalia
643 1667 786 1745 violarit,
821 1667 846 1730 si
883 1665 1018 1731 clericus
1050 1673 1110 1740 est,
1252 1667 1409 1731 maiorum
1434 1667 1592 1746 instituta,
1617 1667 1780 1731 fecerint·.

490 1772 626 1858 gradum
642 1772 780 1853 amittat,
797 1772 824 1836 si
840 1771 1029 1850 saecularis,
1053 1771 1111 1835 bo-

489 1897 568 1942 nore
593 1897 651 1941 suo
673 1876 828 1961 privetur.

364 1986 415 2046 83.
450 1980 623 2045 Conclusio
659 1979 700 2044 ad
731 2000 857 2063 regern,
896 1985 932 2043 ut
962 1978 1114 2065 capitula,

215 2109 237 2147 ιι
489 2105 572 2170 quae
605 2085 674 2168 ipse
704 2083 848 2147 decrevit
876 2088 909 2146 et
932 2103 1028 2146 manu
1055 2104 1114 2146 sua

489 2189 637 2268 firmavit,
661 2187 791 2273 reipsa
815 2193 998 2250 conservet.

368 2491 460 2606 Quia
484 2535 614 2621 generis
637 2534 770 2599 humani
793 2533 952 2619 fragilitas
975 2536 1106 2621 pronior
1128 2535 1311 2600 dilabatur·
1335 2535 1374 2599 nd
1399 2533 1604 2619 corrigenda,
1630 2555 1726 2619 quarn
1751 2533 1881 2598 studeat

256 2663 448 2706 conservare
481 2639 656 2718 correctal',
687 2646 721 2702 et
750 2638 858 2704 divine
881 2644 1044 2703 testantur
1073 2640 1218 2718 oracula,
1250 2647 1283 2722 et
1314 2639 1548 2704 consuetudine
1577 2644 1777 2702 monstratur
1800 2639 1879 2702 coti-

255 2745 366 2812 diana:
396 2746 472 2832 quia
495 2744 593 2809 etiam
617 2745 754 2808 virtutes
777 2744 905 2807 facilius
929 2751 1070 2828 queant⁰
1093 2743 1250 2830 plantari,
1282 2764 1379 2828 quam
1402 2743 1480 2806 vitia
1503 2743 1627 2829 possint
1649 2740 1823 2820 eradicari,
1847 2749 1880 2804 et

212 2871 334 2934 aeger
357 2849 510 2913 dumosus
534 2847 745 2912 ruricolarum
771 2868 831 2911 usu
855 2853 953 2932 atque
977 2846 1086 2910 labore
1115 2845 1158 2924 ad
1186 2847 1308 2911 cultum
1340 2845 1501 2910 fertilemd
1526 2846 1700 2932 perductus
1725 2845 1879 2922 ostendit,

257 2963 289 3017 et
312 2937 730 3040 prophetasacerdotalem
763 2959 896 3037 gestans
926 2973 1099 3038 personam
1123 2950 1264 3016 Domino
1296 2951 1450 3036 loquente
1481 2957 1721 3037 praemonstrat
1751 2950 1878 3013 dicens:

256 3049 374 3121 ιΕοιιιι1
400 3057 552 3121 constitui
583 3063 615 3120 te
648 3055 745 3120 bodie
780 3075 878 3142 super
905 3061 1020 3139 gentes
1050 3062 1084 3119 et
1114 3075 1213 3141 super
1242 3075 1358 3139 regna,
1385 3061 1421 3118 ut
1450 3054 1575 3118 evellas
1611 3061 1645 3118 et
1673 3053 1823 3118 destruas
1848 3059 1881 3117 et

256 3159 395 3246 dissipes
418 3169 451 3225 et
474 3159 641 3246 disperdas
665 3165 699 3224 et
722 3159 854 3223 edifices
879 3165 911 3223 et
926 3157 1075 3244 plantes!
1122 3159 1285 3233 Quattuor
1301 3159 1385 3221 enim
1403 3159 1491 3243 prius
1508 3177 1633 3244 ponens
1650 3157 1689 3221 ad
1707 3157 1878 3222 destruen-

256 3263 353 3328 ιίιιιιιθ
383 3285 483 3349 prava
510 3271 543 3329 et
572 3263 636 3328 duo
664 3263 871 3349 postmodum
900 3262 941 3326 ad
973 3262 1179 3328 statuendum
1209 3271 1313 3341 recta,
1350 3261 1507 3342 ostendit,
1536 3260 1631 3347 qnid‘
1659 3262 1741 3325 falce
1771 3281 1877 3323 sacer-

212 3390 237 3430 ιι
256 3367 353 3432 dotali
370 3367 480 3432 durius
497 3369 606 3432 valeat
629 3375 662 3432 et
685 3368 794 3452 sepius
817 3367 937 3432 debeat
960 3368 1078 3432 recidi:
1104 3368 1254 3454 quioquid
1279 3377 1408 3432 terrena
1432 3373 1595 3453 potestate
1619 3368 1671 3430 vel
1688 3364 1879 3450 cupiditate,

256 3471 437 3556 ignorantia
460 3493 518 3536 seu
543 3472 732 3556 fragilitate,
756 3470 862 3534 studio
886 3492 923 3534 ac
940 3471 1151 3559 subreptione
1169 3493 1357 3557 perversum
1374 3473 1406 3536 in
1423 3471 1565 3535 ecelesia
1588 3477 1645 3535 aut
1668 3470 1699 3533 in
1716 3469 1881 3534 humanass

256 3575 528 3639 conversatione¹1
549 3575 771 3661 pullulaverit,
794 3574 1016 3640 recidendum.
1070 3577 1284 3642 Sacerdotem
1316 3585 1366 3641 est
1393 3578 1477 3640 enim
1508 3575 1776 3662 divins¹p0pu10
1802 3572 1880 3638 dare

255 3678 410 3743 mandata
433 3687 465 3742 et
489 3680 610 3743 referre
635 3699 808 3764 responsa,
838 3678 913 3764 quie
942 3672 1006 3743 ‘in²
1035 3679 1215 3744 rationalek
1243 3683 1384 3766 pectoris
1415 3681 1526 3745 Aaron
1555 3687 1647 3744 erant
1675 3680 1823 3745 doctrina
1847 3685 1881 3741 ot

256 3781 398 3849 veritas?
444 3781 487 3845 Et
503 3782 713 3846 sacerdotalis
730 3783 847 3847 chorus
871 3805 907 3847 os
924 3783 1052 3849 Domini
1071 3786 1264 3872 appellatur,
1290 3787 1373 3849 sicut
1389 3787 1545 3872 scriptum
1571 3793 1635 3848 est:
1662 3775 1730 3848 ‘Sil
1746 3805 1879 3868 separa·

212 3911 237 3948 :ro
256 3887 341 3951 veris
371 3887 547 3974 pretiosum
579 3909 598 3951 a
628 3887 698 3967 vili,
735 3889 827 3973 quasi
861 3911 897 3953 os
930 3911 1037 3954 meum
1069 3888 1158 3962 sris';
1192 3890 1241 3952 cui
1272 3891 1369 3953 etiarn
1399 3889 1520 3953 dictum
1556 3896 1620 3952 est:
1656 3879 1737 3952 ‘Tu4
1769 3895 1878 3951 autem

256 3991 464 4056 adnuntiabis
487 3989 556 4073 eis’,
581 3992 657 4076 quin
681 3992 809 4079 populis
832 3993 1003 4072 universis,
1027 3997 1079 4056 ‘ox
1102 3991 1175 4072 me',
1200 4000 1245 4056 et:
1271 3985 1428 4077 ‘Lageas’
1443 3993 1611 4077 requirent
1635 4013 1677 4056 ex
1694 4013 1750 4055 ore
1768 4013 1878 4054 sacer-

255 4096 356 4175 dotis,
385 4096 460 4181 quia
488 4097 625 4181 angelus
654 4095 786 4160 Domini
818 4099 1020 4162 exercituum
1051 4095 1122 4164 est’:
1154 4105 1187 4161 et
1217 4097 1318 4161 multa
1347 4097 1411 4162 alia
1440 4097 1489 4161 his
1520 4096 1658 4174 similia,
1690 4116 1773 4180 qnae
1802 4115 1880 4159 vera

256 4199 474 4264 christianitas
506 4200 579 4286 plus
609 4201 672 4264 iam
701 4222 785 4288 pene
822 4200 983 4265 credendo
1016 4207 1048 4264 et
1079 4201 1279 4274 venerando,
1318 4222 1414 4286 quarn
1448 4199 1609 4265 audiendo
1639 4199 1691 4263 vel
1724 4198 1879 4262 discendo

256 4303 432 4388 cognoscit.
481 4302 694 4368 Sacerdotum
719 4311 769 4369 est
793 4306 889 4368 etiam
914 4305 1137 4368 imminentem
1162 4304 1316 4390 gladium,
1341 4327 1424 4390 quae
1448 4311 1498 4368 est
1515 4302 1753 4368 animadversio
1780 4302 1879 4367 divini

212 4432 236 4472 ιι
255 4407 372 4471 luroris
389 4413 485 4492 atque
503 4406 623 4487 iudicii,
638 4409 768 4495 populis
783 4410 943 4473 nuntiare.
991 4407 1109 4473 Eorum
1127 4416 1178 4472 est
1194 4409 1422 4473 nichilominus
1442 4408 1529 4472 verbi
1545 4407 1665 4493 gladio,
1690 4399 1879 4471 ‘acutiore5'

256 4512 342 4574 omni
366 4510 475 4595 gladio
504 4513 653 4597 ancipiti,
682 4513 736 4598 qui
761 4518 911 4598 penetrat
934 4534 1037 4597 usque
1070 4512 1111 4576 ad
1143 4512 1335 4578 divisionem
1365 4514 1493 4576 animae
1523 4517 1555 4576 et
1589 4510 1761 4596 eorporis¹,
1792 4533 1878 4575 oom-

254 4636 375 4701 pagum
401 4636 529 4700 quoque
560 4622 593 4679 et
616 4615 832 4680 medullarum
855 4622 954 4702 atque
979 4617 1212 4702 cogitationum
1247 4623 1308 4680 et¹¹¹
1339 4619 1554 4682 intentionum
1584 4612 1712 4694 cordis',
1744 4614 1775 4678 in
1799 4635 1878 4678 rino-

255 4740 382 4805 quoque
406 4719 566 4785 ecclesiae
590 4721 655 4785 lilio
679 4741 779 4808 prava
803 4742 952 4785 resecare
975 4743 995 4785 a
1021 4724 1119 4786 rectis
1142 4743 1324 4807 pravosque
1349 4723 1381 4785 in
1406 4723 1493 4786 omni
1510 4719 1683 4797 ecclesian,
1708 4719 1734 4781 si
1758 4719 1804 4781 ita
1827 4740 1879 4782 res

256 4825 451 4908 poposcerit,
475 4831 512 4888 nt
535 4825 657 4889 saeculi
681 4824 805 4889 iudices
830 4833 863 4889 et
889 4825 996 4890 iudicii
1019 4825 1119 4890 divini
1147 4847 1338 4912 praecones,
1369 4846 1545 4910 segregare
1577 4823 1638 4886 de⁰
1663 4823 1774 4896 raetis;
1804 4823 1881 4907 quia

211 4953 237 4992 ιο
255 4927 344 5006 ιιιιΙΙὶ,
369 4929 423 5012 qui
446 4950 560 4993 sanum
585 4931 680 5016 sapit,
705 4937 756 4994 est
779 4928 914 4993 dubium
936 4930 981 4994 ita
997 4929 1170 4994 Dominum
1196 4931 1305 4992 omnia
1327 4928 1527 5008 moderasse,
1552 4936 1587 4991 ut
1611 4927 1757 4992 clavibus
1775 4927 1878 4990 eccle-

255 5033 323 5095 siae.
347 5031 430 5096 datis
455 5032 561 5098 aditus
589 5033 753 5098 advitam
784 5032 891 5098 claudi
917 5033 1038 5098 debeat
1060 5035 1111 5099 vel
1141 5034 1316 5098 reseratis:
1347 5039 1380 5096 et
1408 5031 1561 5117 quicquid
1589 5031 1702 5094 ordine
1730 5029 1879 5094 ordinato

176 5193 188 5232 Ι
358 5213 380 5282 r)
400 5213 516 5280 Capito.
535 5216 655 5268 alcestin
676 5215 700 5269 l.
787 5217 810 5280 ιι)
832 5217 894 5284 Gap.
908 5215 948 5268 83.
968 5217 1043 5268 dcem
1062 5218 1090 5268 in
1110 5216 1133 5269 1.

358 5302 385 5366 a)
402 5303 526 5354 dilabitur
543 5301 566 5354 4.
587 5301 611 5355 6.
707 5304 735 5369 b)
753 5305 850 5356 directa
869 5304 892 5356 1.
988 5305 1012 5369 e)
1030 5312 1129 5371 queunt
1146 5303 1171 5355 l.
1264 5305 1291 5366 dl
1309 5304 1413 5356 feralem
1431 5303 1455 5354 b.
1551 5301 1576 5364 ιι)
1595 5301 1749 5353 destruenda
1770 5298 1795 5351 2.
1812 5299 1836 5350 3.
1855 5299 1879 5351 li.

255 5388 281 5453 Γ)
300 5391 368 5455 qnod
386 5388 473 5442 2-4.
572 5391 600 5458 g)
620 5392 758 5444 lmmanam
782 5390 806 5443 3.
824 5391 848 5444 4.
949 5391 977 5454 Ιι)
996 5393 1215 5444 conversationem
1237 5391 1262 5444 4.
1363 5392 1380 5452 i)
1398 5390 1486 5440 divino
1504 5387 1529 5440 2.
1627 5389 1655 5446 kl
1676 5387 1792 5440 rationali
1811 5385 1837 5438 b.
1855 5383 1879 5436 li.

211 5492 236 5530 te
255 5478 274 5540 l)
293 5478 397 5544 spiritus
414 5474 500 5540 4-6,
521 5475 588 5528 nint.
675 5476 710 5541 m)
729 5486 754 5528 et
773 5479 862 5530 intent.
882 5496 929 5530 οιιι.
943 5476 966 5529 1.
1055 5479 1084 5542 ιι)
1103 5479 1225 5530 eeclesiae
1243 5476 1267 5529 l.
1355 5475 1381 5541 ιι)
1399 5477 1501 5527 directis
1519 5473 1542 5525 3.
1634 5475 1659 5541 p)
1679 5475 1787 5526 resacrari
1808 5470 1832 5524 4.

362 5639 387 5704 ι)
406 5638 524 5692 ntem.
544 5640 619 5706 1,10.
689 5641 716 5706 a)
734 5640 821 5695 rama
840 5642 934 5709 eaeo.
1006 5643 1033 5704 3)
1052 5641 1166 5697 Hieram.
1185 5643 1276 5709 rnre.
1346 5641 1375 5704 ι)
1395 5638 1486 5692 aaut
1499 5639 1523 5706 3,
1536 5638 1575 5692 ιι.
1646 5638 1674 5702 ι)
1696 5635 1881 5704 Maronea.

254 5736 295 5812 5')
314 5743 412 5798 Elone
431 5746 456 5812 4,
470 5742 509 5796 12.

1622 5839 1675 5891 50*
