4634 6436
437 444 479 506 86
892 440 1139 496 CAPITULARIA
1158 439 1369 495 HLUDOWIOI
1389 440 1424 495 ll.
1442 470 1475 478 -
1493 440 1542 495 Nn.
1553 441 1613 496 213.

359 735 519 800 ascba-
556 736 675 800 rebus
707 755 800 800 varo
836 734 1120 799 saecularibus
1158 735 1254 800 haee
1294 735 1439 799 statuit
1471 733 1674 819 piissimus
1712 733 1928 819 imperator
1963 732 2062 797 Hlu-

436 837 630 918 donicus,
665 859 767 924 quae
798 837 972 924 gloriosi
1001 856 1156 922 quoquc
1187 839 1390 922 genitoris
1422 837 1515 901 cius
1546 834 1755 900 Hlotharii
1788 836 2063 901 serenissimi

862 940 1032 1024 augusti
1055 941 1301 1007 auctoritate
1324 941 1486 1005 firmata
1508 944 1636 1004 sunt⁸.

540 1030 626 1163 Cap.
647 1081 673 1140 t.
706 1077 904 1142 Perventum
928 1082 980 1140 est
1002 1075 1043 1140 ad
1066 1096 1140 1155 nos,
1169 1075 1255 1161 quod
1279 1098 1351 1157 eos,
1380 1076 1434 1162 qui
1457 1075 1595 1140 Romam
1618 1075 1774 1140 orationis
1799 1096 1900 1141 causa
1923 1083 2063 1163 pergunt

436 1179 488 1245 vel
510 1181 565 1266 qui
591 1179 782 1265 negotiandi
808 1179 915 1264 gratia
936 1200 997 1265 per
1026 1199 1162 1264 reguum
1186 1185 1333 1244 nostrum
1356 1178 1557 1258 discurrunt,
1588 1179 1718 1244 collecti
1740 1179 1883 1243 latrones
1907 1179 2062 1266 diripiant
2091 1206 2103 1244 s

436 1302 558 1368 eosque
589 1284 783 1369 aliquotiens
806 1282 979 1347 vulnerent
1003 1281 1055 1346 vel
1089 1281 1240 1346 occidant
1271 1290 1304 1348 et
1334 1303 1446 1348 eorum
1474 1283 1562 1347 bona
1588 1283 1750 1369 diripiant.
1795 1283 1883 1348 Ideo·
1900 1284 2061 1364 volumus,

434 1392 471 1450 ut
499 1388 634 1453 comites
663 1389 766 1452 nostri
789 1407 967 1472 eorumque
996 1384 1156 1450 sculdassi
1183 1385 1344 1451 adiunctis
1368 1407 1479 1452 secum
1504 1387 1653 1451 vassallis
1677 1388 1922 1474 cpiscoporum,
1952 1389 1978 1451 si
2001 1408 2061 1452 ne-

436 1491 571 1555 cessitas
593 1484 722 1572 fuerit¹,
745 1490 942 1574 ubicumque
965 1490 1049 1554 tales
1074 1488 1265 1568 audierintl’,
1296 1488 1532 1556 studiosissime
1556 1491 1748 1577 perquirant
1771 1497 1827 1556 et⁰
1850 1512 1906 1557 eos
1929 1490 2061 1577 capiant

434 1599 532 1678 atque
560 1594 764 1680 distringant.
809 1593 854 1658 Et
884 1595 910 1658 si
939 1593 1207 1658 buius'criminis
1237 1615 1310 1659 reos
1333 1594 1533 1672 invenerint,
1564 1614 1686 1680 poenas
1709 1595 1742 1658 in
1764 1593 1893 1679 legibus
1915 1587 2060 1681 positas²

434 1717 514 1782 erga
548 1717 605 1762 eos
636 1698 761 1783 absque
791 1697 861 1761 ulla
890 1697 1101 1781 neglegentia
1130 1703 1371 1781 exsequantur,
1404 1702 1443 1761 ut
1472 1696 1514 1761 ab
1545 1695 1596 1760 his
1626 1697 1891 1762 malefactoribus
1923 1717 2104 1782 regnumne

433 1808 581 1866 nestrum
603 1808 761 1888 purgetur
784 1808 817 1866 et
837 1801 892 1886 qui
915 1801 947 1864 in
971 1807 1083 1865 nostra
1105 1791 1247 1865 fiducia3
1269 1799 1334 1864 huc
1350 1801 1496 1878 veniunt,
1521 1801 1589 1864 sive
1611 1798 1764 1863 orationis
1788 1819 1846 1862 seu
1869 1799 2059 1886 negotiandi

433 1895 569 1988 gratia4,
600 1905 680 1970 salvi
710 1925 782 1970 esse
811 1904 947 1991 possint.
993 1901 1083 1967 Sciat
1110 1909 1219 1968 autem
1243 1903 1468 1988 unusquisque
1491 1901 1637 1967 fidelium
1660 1909 1860 1982 nostrorum,
1890 1903 1966 1988 quia
1989 1904 2058 1988 qui-

434 2027 571 2093 cumque
596 2029 705 2074 comcs
725 2008 778 2074 vel
799 2007 937 2093 quilibet
960 2006 1112 2093 publicus
1135 2007 1283 2071 minister
1306 2004 1490 2070 huiusmodi
1513 2006 1779 2070 malefactoribus
1804 2012 1859 2070 aut
1882 2005 2059 2071 adsensum

431 2111 602 2196 prebuerit
624 2117 681 2176 aut
703 2132 761 2176 cos
783 2111 936 2198 persequi
958 2109 1154 2195 neglexerit,
1177 2115 1305 2174 nostrae
1328 2108 1561 2194 indignationis
1582 2114 1707 2173 motum
1731 2109 1850 2174 sentiet
1872 2115 1906 2172 et
1928 2111 2058 2196 proprio

433 2214 558 2280 honore
580 2215 770 2302 privabitur.
2077 2237 2101 2274 1⁵

541 2333 620 2421 (lap.
646 2338 675 2400 2.
711 2334 778 2400 Sed
810 2339 843 2400 et
872 2333 1104 2419 comperimus,
1134 2331 1211 2417 quia
1239 2352 1280 2396 ex
1308 2331 1446 2397 diversis
1474 2331 1555 2396 locis
1583 2329 1770 2396 huiusmodi
1796 2331 1886 2396 noxii
1909 2332 2058 2398 homines

433 2437 518 2502 iuter
541 2436 599 2503 aad
622 2439 812 2524 conspirent
835 2442 868 2502 et
888 2436 1034 2502 diversos
1055 2436 1227 2500 comitatus
1250 2435 1490 2501 circumeuntes
1512 2434 1652 2521 praedas
1677 2440 1710 2498 et
1735 2435 1866 2520 rapinas
1888 2455 1946 2520 per
1962 2435 2057 2500 villas

432 2560 491 2605 seu
515 2545 548 2604 et
569 2560 630 2627 per
644 2541 714 2606 vias
731 2542 783 2606 vel
805 2562 865 2626 per
887 2541 987 2604 silvas
1009 2540 1132 2605 faciant
1155 2547 1188 2604 et
1210 2540 1401 2605 innocentes
1422 2540 1571 2604 homines
1588 2537 1827 2623 depraedentur
1846 2544 1879 2603 at
1900 2539 2056 2625 spolient:

431 2648 464 2707 et
487 2642 520 2707 hi
543 2663 672 2728 quoque
696 2644 846 2709 similiter
865 2643 1024 2723 volumus,
1047 2649 1084 2706 ut
1107 2642 1256 2728 diligenti
1280 2641 1388 2707 studio
1411 2641 1581 2728 perquisiti
1605 2641 1777 2728 capiantur
1800 2647 1834 2706 et
1856 2639 2055 2728 distringan-

431 2752 493 2812 tur.
545 2745 590 2810 Et
621 2747 649 2810 si
681 2746 816 2812 obnoxii
847 2745 943 2810 buius
975 2745 1110 2810 sceleris
1142 2745 1266 2809 inventi
1298 2745 1436 2823 luerint,
1469 2745 1633 2830 legalibus
1664 2735 1801 2830 poeuis5
1834 2744 1957 2829 absque
1988 2745 2056 2809 ulla
2074 2768 2100 2809 so

431 2846 586 2914 dilatione
614 2849 836 2933 subigantur0,
870 2855 907 2914 ut
935 2847 1120 2912 huiuamodi
1149 2846 1342 2933 inquietudo
1371 2854 1405 2913 et
1432 2847 1553 2911 iniusta
1579 2844 1719 2932 direptio
1747 2868 1767 2911 a
1794 2848 1915 2933 populo
1944 2854 2055 2912 nostro

430 2949 598 3016 auferatur
627 2957 659 3016 et
685 2951 786 3016 liceat
813 2951 962 3017 omnibus
993 2950 1053 3015 sub
1084 2957 1197 3016 nostra
1224 2950 1347 3016 ditione
1377 2949 1574 3035 degentibus
1603 2970 1676 3014 cum
1706 2949 1885 3015 salvatione
1914 2957 1947 3016 et
1972 2972 2054 3038 pace

430 3053 556 3135 vivere,
586 3060 623 3119 ut
646 3053 725 3118 ordo
748 3053 971 3140 reipublicae
996 3054 1175 3120 secundum
1198 3055 1318 3119 iustam
1341 3053 1657 3119 administrationem
1679 3052 1857 3139 provisusf,
1885 3055 1996 3119 salvus
2021 3060 2055 3120 et

431 3156 560 3240 quietus
583 3164 785 3243 permaneat.

538 3274 617 3363 Cap.
642 3279 671 3343 3.
704 3277 900 3344 Audivimus
922 3298 1061 3365 quoque,
1084 3276 1325 3364 quodquidam
1348 3276 1462 3342 domos
1485 3283 1518 3342 et
1540 3277 1769 3363 possessiones
1791 3275 1951 3342 habentes
1975 3297 2051 3342 con·
2071 3302 2096 3343 ss

430 3378 541 3444 cilient
575 3379 637 3445 sibi
671 3386 770 3466 atque
801 3383 988 3447 consotient
1014 3383 1156 3448 latrones
1187 3381 1319 3447 aliunde
1347 3383 1516 3447 venientes
1546 3401 1669 3467 eosque
1699 3383 1827 3447 occulte
1859 3381 1994 3447 foveant
2023 3389 2056 3448 et

430 3482 581 3548 solatium
604 3483 682 3549 dent
709 3484 749 3549 ad
777 3487 843 3552 talc
871 3486 999 3551 facinus
1023 3486 1290 3573 perpetrandum,
1318 3495 1369 3566 ut,
1403 3485 1555 3572 quicquid
1585 3485 1649 3571 ipsi
1679 3506 1721 3550 ex
1739 3485 1931 3572 ,pernitioso
1953 3507 2078 3571 opera.

428 3585 655 3671 adquisierint,
686 3608 759 3652 cum
792 3589 841 3652 eis
868 3590 1065 3673 parciantur.
1119 3589 1213 3664 Quod
1242 3611 1347 3675 genus
1377 3590 1623 3655 malefactorum
1654 3589 1832 3676 pessimum
1861 3589 2053 3671 iudicamus,

429 3688 504 3771 quia
531 3710 597 3754 non
626 3690 730 3755 solum
759 3691 823 3777 ipsi
851 3691 937 3756 mala
964 3701 1139 3778 peragunt,
1170 3693 1228 3758 scd
1258 3693 1358 3759 etiam
1385 3693 1523 3758 aliorum
1550 3713 1649 3779 opere
1677 3698 1710 3757 et
1732 3692 1839 3757 officio
1864 3691 1904 3757 ad
1928 3693 2054 3757 scelera

427 3796 570 3858 utuntur.
615 3792 822 3879 Ubicumque
854 3793 953 3879 igitur
982 3797 1016 3860 in
1046 3797 1104 3861 tali
1135 3796 1319 3884 suspitione
1348 3796 1486 3882 quilibet
1513 3797 1642 3861 venerit
1669 3802 1703 3860 et
1730 3816 1840 3860 mmor
1868 3796 1902 3860 in
1932 3794 2052 3881 populo
2072 3819 2098 3858 ao

428 3893 595 3981 dispersus
622 3896 737 3978 fuerit,
769 3897 854 3983 quod
883 3897 965 3964 haec
994 3899 1140 3965 facinora
1167 3905 1340 3980 exerceat,
1373 3901 1400 3964 si
1427 3898 1534 3964 adhuc
1557 3899 1763 3986 propalatum
1792 3918 1857 3961 nou
1879 3904 1946 3980 est,
1980 3918 2054 3962 cum

428 3995 598 4063 duodecim
621 4020 656 4065 se
681 4007 857 4086 expurgct;
879 4001 907 4065 si
930 4009 1041 4068 autem
1061 4003 1125 4067 iam
1148 4005 1183 4068 in
1204 4005 1314 4089 aliquo
1330 4003 1524 4068 manifestus
1542 4009 1599 4068 aut
1615 4001 1840 4088 deprehensus
1857 4009 1917 4082 ast,
1942 4001 2053 4065 statim

427 4100 577 4186 capiatur
604 4108 637 4166 et
663 4101 875 4188 distringatur
902 4111 936 4170 ct
962 4104 1225 4192 dampnationem
1253 4105 1381 4190 legibus
1411 4106 1569 4192 profixam
1601 4097 1793 4171 sustineatss.
1843 4105 2051 4191 Ubicumque

428 4223 505 4268 vero
530 4203 599 4269 sive
622 4211 792 4270 manentes
817 4227 877 4272 seu
891 4215 1050 4292 vagantes
1073 4209 1217 4275 latrones
1241 4208 1518 4295 comprehendere
1540 4208 1663 4296 publici
1683 4209 1826 4274 muneris
1843 4207 2051 4274 administra-

427 4311 479 4370 tor
500 4307 641 4372 voluerit
665 4312 699 4372 et
720 4308 776 4374 ille
799 4330 835 4375 se
858 4310 1031 4376 defensare
1055 4319 1189 4377 conatus
1211 4312 1324 4393 fuerit,
1355 4312 1383 4376 si
1405 4312 1491 4377 inter
1513 4312 1596 4378 haec
1619 4312 1703 4377 forte
1728 4311 1868 4377 eundem
1891 4312 2051 4376 latronem
2069 4334 2096 4374 as

427 4408 530 4474 occidi
553 4410 737 4496 contigerit,
761 4413 913 4494 culleis,
936 4415 991 4499 qui
1015 4435 1089 4479 eum
1112 4414 1240 4494 occidit,
1264 4413 1473 4480 damnatione
1496 4415 1653 4480 multetur
1674 4435 1782 4499 neque
1804 4415 1891 4479 ullas
1914 4413 2053 4478 inimici-

427 4513 494 4577 cias
522 4534 542 4577 a
569 4516 762 4600 parentibus
792 4520 868 4581 autss
896 4519 1158 4604 persecutionem
1187 4519 1229 4584 ab
1252 4519 1320 4584 ullo
1348 4519 1420 4584 eius
1451 4519 1556 4584 amico
1579 4519 1634 4583 vel
1656 4518 1837 4604 propinquo
1862 4509 2052 4582 sustineat7.

425 4615 470 4681 ιιι
498 4617 525 4680 si
552 4617 667 4703 aliquis
692 4619 762 4686 eius
785 4621 895 4686 senior
917 4626 974 4685 aut
997 4622 1197 4708 propinquus
1219 4628 1355 4709 propter
1376 4621 1439 4687 hoo
1462 4621 1639 4686 vindictam
1661 4621 1772 4686 facere
1795 4626 1930 4685 conatus
1954 4620 2053 4686 fuerit

425 4725 459 4785 et
488 4719 590 4784 iudex
616 4721 765 4808 publicus
798 4745 873 4790 aum
896 4745 1105 4810 compescere
1128 4747 1195 4790 non
1216 4726 1372 4811 potuerit,
1400 4746 1460 4812 par
1481 4723 1693 4790 fideiussores
1717 4722 1854 4788 idoneos
1877 4724 1952 4789 talis
1975 4745 2051 4810 per-

426 4843 506 4888 sona
528 4823 570 4889 ad
592 4831 738 4891 nostram
760 4826 942 4893 deducatur
966 4830 1183 4915 presentiam,
1213 4836 1250 4895 ut
1270 4828 1445 4915 complices
1466 4835 1499 4894 et
1518 4828 1662 4894 fautores
1682 4819 1917 4893 sceleratorum
1940 4835 2052 4893 nostra
2069 4851 2095 4890 so

528 5031 555 5096 a)
574 5029 692 5084 Haecin
710 5033 795 5086 codice
807 5032 977 5102 Sangallcnai
994 5037 1067 5104 apacd
1080 5037 1212 5088 &niciam
1229 5045 1337 5089 micat.
1406 5038 1434 5101 b)
1454 5038 1550 5089 inerim
1563 5037 1626 5089 Cea.
1696 5035 1721 5101 c)
1740 5043 1770 5087 ut
1785 5035 1848 5088 Gan.
1919 5035 1946 5099 d)
1965 5054 2014 5088 orn.
2027 5053 2049 5089 c.

424 5114 450 5180 e)
468 5116 629 5170 subiciantur
648 5119 712 5170 Gan.
800 5119 825 5185 l)
844 5138 948 5189 prorsus
967 5123 1031 5174 Ona.
1118 5121 1148 5190 g)
1167 5123 1248 5175 ullam
1265 5122 1327 5176 add.
1342 5123 1406 5176 oca

528 5303 554 5369 1)
575 5301 632 5370 Ofr.
642 5302 706 5357 Vita
718 5303 752 5358 H
753 5303 807 5358 lud.
819 5320 840 5359 c.
849 5305 891 5374 53,
910 5305 962 5362 SS.
972 5307 1014 5376 ΙΙ,
1023 5324 1054 5376 p.
1063 5308 1127 5363 639:
1146 5307 1194 5363 nbi
1209 5325 1303 5364 eorum
1314 5309 1360 5376 (ac.
1373 5308 1525 5380 latronum)
1538 5311 1626 5365 maior
1638 5310 1679 5364 vis
1692 5309 1865 5365 incubuerat.
1946 5310 1974 5376 9)
1995 5307 2050 5376 (99.

423 5407 540 5477 Plppc'ni
560 5406 624 5476 Gap.
637 5407 783 5476 789-786,
802 5409 941 5477 ron.1,p.
955 5411 1014 5479 193,
1031 5426 1053 5466 c.
1067 5412 1107 5466 10.
1207 5411 1235 5480 9)
1253 5411 1282 5464 id
1298 5415 1347 5465 cst:
1366 5411 1417 5464 sub
1435 5415 1531 5468 nostra
1549 5413 1719 5469 defensione.
1815 5414 1841 5480 4)
1862 5411 1920 5478 Ofr.
1937 5411 2051 5465 Aleision

422 5513 497 5581 epist.
515 5527 558 5566 ar.
576 5512 621 5580 97,
649 5511 735 5583 Jufft,
761 5513 886 5569 Biblc'ctb.
904 5529 954 5569 rer.
975 5514 1124 5570 Gmncnb.
1141 5515 1193 5584 VI,
1209 5531 1238 5584 p.
1257 5515 1324 5580 287,·
1350 5515 1442 5570 Form.
1460 5517 1550 5582 impar.
1567 5531 1610 5570 ar.
1629 5516 1676 5583 37,
1705 5515 1767 5570 LL.
1786 5515 2048 5584 romanensis.
2067 5532 2092 5570 sn

422 5619 450 5684 5)
471 5615 526 5683 Osa
547 5613 610 5684 cap.
629 5614 772 5671 Hariatall.
785 5617 845 5684 779,
863 5622 922 5672 tom
937 5618 960 5686 Ι,
976 5635 1005 5688 p.
1017 5619 1059 5686 49,
1077 5633 1099 5673 c.
1113 5617 1154 5672 12.
1232 5620 1261 5685 9)
1281 5616 1338 5684 Osr.
1360 5618 1442 5687 capp.
1461 5619 1608 5685 803—813,
1627 5619 1644 5672 l.
1656 5633 1677 5673 c.
1692 5635 1721 5687 p.
1736 5621 1794 5686 156,
1811 5634 1832 5672 c.
1846 5619 1871 5673 2.
1943 5619 1970 5686 7)
1991 5617 2047 5684 Csr.

423 5718 507 5789 Ocpp.
527 5717 656 5774 liabent.
668 5735 690 5774 c.
704 5735 732 5787 p.
745 5721 805 5789 977,
823 5735 844 5774 c.
855 5721 879 5776 7.
