<?xml version="1.0" encoding="UTF-8"?>
<!DOCTYPE html PUBLIC "-//W3C//DTD XHTML 1.0 Transitional//EN"
    "http://www.w3.org/TR/xhtml1/DTD/xhtml1-transitional.dtd">
<html xmlns="http://www.w3.org/1999/xhtml" xml:lang="en" lang="en">
 <head>
  <title>
</title>
<meta http-equiv="Content-Type" content="text/html;charset=utf-8" />
  <meta name='ocr-system' content='tesseract 3.04.00' />
  <meta name='ocr-capabilities' content='ocr_page ocr_carea ocr_par ocr_line ocrx_word'/>
</head>
<body>
  <div class='ocr_page' id='page_1' title='image "./monumentagerman07mittgoog_0536.png"; bbox 0 0 4568 6420; ppageno 0'>
   <div class='ocr_carea' id='block_1_1' title="bbox 467 440 1873 516">
    <p class='ocr_par' dir='ltr' id='par_1_1' title="bbox 467 440 1873 516">
     <span class='ocr_line' id='line_1_1' title="bbox 467 440 1873 516; baseline 0.009 -23"><span class='ocrx_word' id='word_1_1' title='bbox 467 440 710 496; x_wconf 72' lang='lat' dir='ltr'><strong>wineramus</strong></span> <span class='ocrx_word' id='word_1_2' title='bbox 729 441 775 495; x_wconf 84' lang='lat' dir='ltr'><strong>DE</strong></span> <span class='ocrx_word' id='word_1_3' title='bbox 793 440 964 500; x_wconf 74' lang='lat' dir='ltr'><strong>arcanus</strong></span> <span class='ocrx_word' id='word_1_4' title='bbox 983 445 1028 498; x_wconf 81' lang='grc' dir='ltr'><strong>ΕΤ</strong></span> <span class='ocrx_word' id='word_1_5' title='bbox 1048 445 1298 502; x_wconf 75' lang='lat' dir='ltr'><strong>lncanuuurls</strong></span> <span class='ocrx_word' id='word_1_6' title='bbox 1317 446 1398 502; x_wconf 81' lang='lat' dir='ltr'><strong>RER.</strong></span> <span class='ocrx_word' id='word_1_7' title='bbox 1417 445 1514 502; x_wconf 78' lang='lat' dir='ltr'>ECCL.</span> <span class='ocrx_word' id='word_1_8' title='bbox 1535 465 1556 501; x_wconf 89' lang='lat' dir='ltr'><strong>o.</strong></span> <span class='ocrx_word' id='word_1_9' title='bbox 1569 449 1611 502; x_wconf 81' lang='lat'><strong>20.</strong></span> <span class='ocrx_word' id='word_1_10' title='bbox 1630 450 1672 506; x_wconf 82' lang='lat'><strong>21.</strong></span> <span class='ocrx_word' id='word_1_11' title='bbox 1812 454 1873 516; x_wconf 82' lang='grc'><strong>493</strong></span> 
     </span>
    </p>
   </div>
   <div class='ocr_carea' id='block_1_2' title="bbox 203 613 1880 4543">
    <p class='ocr_par' dir='ltr' id='par_1_2' title="bbox 203 613 1880 4543">
     <span class='ocr_line' id='line_1_2' title="bbox 253 613 1874 707; baseline 0.006 -29"><span class='ocrx_word' id='word_1_12' title='bbox 253 634 333 678; x_wconf 88' lang='lat' dir='ltr'><strong>usus</strong></span> <span class='ocrx_word' id='word_1_13' title='bbox 350 613 518 694; x_wconf 86' lang='lat' dir='ltr'><strong>ecclesiae,</strong></span> <span class='ocrx_word' id='word_1_14' title='bbox 542 621 574 679; x_wconf 93' lang='lat' dir='ltr'><strong>et</strong></span> <span class='ocrx_word' id='word_1_15' title='bbox 589 614 713 680; x_wconf 71' lang='lat' dir='ltr'><strong>edicta²</strong></span> <span class='ocrx_word' id='word_1_16' title='bbox 736 618 852 702; x_wconf 80' lang='lat' dir='ltr'>synodi</span> <span class='ocrx_word' id='word_1_17' title='bbox 867 618 1079 686; x_wconf 90' lang='lat' dir='ltr'><strong>Bracarensis</strong></span> <span class='ocrx_word' id='word_1_18' title='bbox 1096 620 1273 686; x_wconf 90' lang='lat' dir='ltr'><strong>ostendunt</strong></span> <span class='ocrx_word' id='word_1_19' title='bbox 1283 613 1322 701; x_wconf 80' lang='lat'><strong>9⁰,</strong></span> <span class='ocrx_word' id='word_1_20' title='bbox 1346 622 1402 687; x_wconf 94' lang='lat' dir='ltr'><strong>ubi</strong></span> <span class='ocrx_word' id='word_1_21' title='bbox 1426 623 1523 688; x_wconf 89' lang='lat' dir='ltr'><strong>ctiam</strong></span> <span class='ocrx_word' id='word_1_22' title='bbox 1541 633 1658 707; x_wconf 80' lang='lat' dir='ltr'><strong>supra¹¹</strong></span> <span class='ocrx_word' id='word_1_23' title='bbox 1674 630 1874 688; x_wconf 80' lang='lat' dir='ltr'><strong>memorata&#39;¹</strong></span> 
     </span>
     <span class='ocr_line' id='line_1_3' title="bbox 253 714 1873 810; baseline 0.008 -31"><span class='ocrx_word' id='word_1_24' title='bbox 253 717 287 780; x_wconf 93' lang='lat' dir='ltr'><strong>in</strong></span> <span class='ocrx_word' id='word_1_25' title='bbox 314 714 366 782; x_wconf 92' lang='lat' dir='ltr'><strong>die</strong></span> <span class='ocrx_word' id='word_1_26' title='bbox 402 738 524 784; x_wconf 90' lang='lat' dir='ltr'><strong>caenae</strong></span> <span class='ocrx_word' id='word_1_27' title='bbox 562 718 744 785; x_wconf 76' lang='lat' dir='ltr'><strong>dominicae</strong></span> <span class='ocrx_word' id='word_1_28' title='bbox 779 724 1026 788; x_wconf 74' lang='lat' dir='ltr'><strong>communicatio</strong></span> <span class='ocrx_word' id='word_1_29' title='bbox 1060 731 1134 810; x_wconf 86' lang='lat' dir='ltr'><strong>port</strong></span> <span class='ocrx_word' id='word_1_30' title='bbox 1170 723 1308 789; x_wconf 89' lang='lat' dir='ltr'><strong>solutum</strong></span> <span class='ocrx_word' id='word_1_31' title='bbox 1339 726 1496 790; x_wconf 91' lang='lat' dir='ltr'><strong>ieiunium</strong></span> <span class='ocrx_word' id='word_1_32' title='bbox 1526 725 1743 792; x_wconf 87' lang='lat' dir='ltr'><strong>anathematis</strong></span> <span class='ocrx_word' id='word_1_33' title='bbox 1773 728 1873 792; x_wconf 90' lang='lat' dir='ltr'><strong>iuter-</strong></span> 
     </span>
     <span class='ocr_line' id='line_1_4' title="bbox 254 819 1874 912; baseline 0.007 -27"><span class='ocrx_word' id='word_1_34' title='bbox 254 819 416 906; x_wconf 91' lang='lat' dir='ltr'><strong>positione</strong></span> <span class='ocrx_word' id='word_1_35' title='bbox 445 822 632 887; x_wconf 79' lang='lat' dir='ltr'><strong>absciditur.</strong></span> <span class='ocrx_word' id='word_1_36' title='bbox 679 823 712 887; x_wconf 85' lang='lat' dir='ltr'><strong>Si</strong></span> <span class='ocrx_word' id='word_1_37' title='bbox 743 825 854 912; x_wconf 91' lang='lat' dir='ltr'><strong>itaque</strong></span> <span class='ocrx_word' id='word_1_38' title='bbox 877 827 933 890; x_wconf 93' lang='lat' dir='ltr'><strong>illo</strong></span> <span class='ocrx_word' id='word_1_39' title='bbox 956 825 1009 890; x_wconf 94' lang='lat' dir='ltr'><strong>die</strong></span> <span class='ocrx_word' id='word_1_40' title='bbox 1032 833 1106 912; x_wconf 94' lang='lat' dir='ltr'><strong>post</strong></span> <span class='ocrx_word' id='word_1_41' title='bbox 1128 826 1319 912; x_wconf 74' lang='lat' dir='ltr'><strong>prandium*</strong></span> <span class='ocrx_word' id='word_1_42' title='bbox 1342 829 1582 893; x_wconf 89' lang='lat' dir='ltr'><strong>communicare</strong></span> <span class='ocrx_word' id='word_1_43' title='bbox 1612 831 1790 908; x_wconf 90' lang='lat' dir='ltr'><strong>nonlicet,</strong></span> <span class='ocrx_word' id='word_1_44' title='bbox 1823 832 1874 896; x_wconf 87' lang='lat' dir='ltr'><strong>cui</strong></span> 
     </span>
     <span class='ocr_line' id='line_1_5' title="bbox 255 924 1874 1016; baseline 0.006 -27"><span class='ocrx_word' id='word_1_45' title='bbox 255 931 289 989; x_wconf 90' lang='lat' dir='ltr'><strong>et</strong></span> <span class='ocrx_word' id='word_1_46' title='bbox 312 925 497 1010; x_wconf 88' lang='lat' dir='ltr'><strong>exemplum</strong></span> <span class='ocrx_word' id='word_1_47' title='bbox 520 924 651 992; x_wconf 88' lang='lat' dir='ltr'><strong>Domini</strong></span> <span class='ocrx_word' id='word_1_48' title='bbox 676 934 709 993; x_wconf 93' lang='lat' dir='ltr'><strong>et</strong></span> <span class='ocrx_word' id='word_1_49' title='bbox 732 929 933 1014; x_wconf 89' lang='lat' dir='ltr'><strong>quorundam</strong></span> <span class='ocrx_word' id='word_1_50' title='bbox 957 951 1110 996; x_wconf 87' lang='lat' dir='ltr'><strong>assensus</strong></span> <span class='ocrx_word' id='word_1_51' title='bbox 1135 932 1306 1016; x_wconf 84' lang='lat' dir='ltr'><strong>suffragari</strong></span> <span class='ocrx_word' id='word_1_52' title='bbox 1329 931 1518 1010; x_wconf 84' lang='lat' dir='ltr'><strong>ridebatur,</strong></span> <span class='ocrx_word' id='word_1_53' title='bbox 1547 932 1779 998; x_wconf 90' lang='lat' dir='ltr'><strong>multominus</strong></span> <span class='ocrx_word' id='word_1_54' title='bbox 1803 934 1874 998; x_wconf 89' lang='lat' dir='ltr'><strong>aliis</strong></span> 
     </span>
     <span class='ocr_line' id='line_1_6' title="bbox 215 1028 1873 1118; baseline 0.009 -32"><span class='ocrx_word' id='word_1_55' title='bbox 215 1047 227 1086; x_wconf 87' lang='grc' dir='ltr'><strong>ι</strong></span> <span class='ocrx_word' id='word_1_56' title='bbox 253 1028 455 1113; x_wconf 79' lang='lat' dir='ltr'><strong>temporibus</strong></span> <span class='ocrx_word' id='word_1_57' title='bbox 479 1030 565 1107; x_wconf 92' lang='lat' dir='ltr'><strong>licet,</strong></span> <span class='ocrx_word' id='word_1_58' title='bbox 589 1031 705 1115; x_wconf 88' lang='lat' dir='ltr'><strong>quibus</strong></span> <span class='ocrx_word' id='word_1_59' title='bbox 728 1033 843 1098; x_wconf 92' lang='lat' dir='ltr'><strong>horum</strong></span> <span class='ocrx_word' id='word_1_60' title='bbox 867 1040 1018 1099; x_wconf 92' lang='lat' dir='ltr'><strong>neutrum</strong></span> <span class='ocrx_word' id='word_1_61' title='bbox 1035 1035 1243 1118; x_wconf 84' lang='lat' dir='ltr'><strong>cognoscitur</strong></span> <span class='ocrx_word' id='word_1_62' title='bbox 1260 1035 1463 1099; x_wconf 89' lang='lat' dir='ltr'><strong>attributum.</strong></span> <span class='ocrx_word' id='word_1_63' title='bbox 1501 1034 1575 1100; x_wconf 90' lang='lat' dir='ltr'><strong>Hoc</strong></span> <span class='ocrx_word' id='word_1_64' title='bbox 1591 1042 1699 1100; x_wconf 90' lang='lat' dir='ltr'><strong>autem</strong></span> <span class='ocrx_word' id='word_1_65' title='bbox 1725 1037 1771 1100; x_wconf 93' lang='lat' dir='ltr'><strong>ita</strong></span> <span class='ocrx_word' id='word_1_66' title='bbox 1793 1037 1873 1116; x_wconf 88' lang='lat' dir='ltr'><strong>lieri,</strong></span> 
     </span>
     <span class='ocr_line' id='line_1_7' title="bbox 255 1132 1874 1225; baseline 0.007 -31"><span class='ocrx_word' id='word_1_67' title='bbox 255 1152 320 1195; x_wconf 92' lang='lat' dir='ltr'><strong>non</strong></span> <span class='ocrx_word' id='word_1_68' title='bbox 348 1132 452 1196; x_wconf 90' lang='lat' dir='ltr'><strong>solum</strong></span> <span class='ocrx_word' id='word_1_69' title='bbox 484 1133 637 1199; x_wconf 88' lang='lat' dir='ltr'><strong>honestas</strong></span> <span class='ocrx_word' id='word_1_70' title='bbox 668 1137 871 1217; x_wconf 79' lang='lat' dir='ltr'><strong>sobrietatis,</strong></span> <span class='ocrx_word' id='word_1_71' title='bbox 906 1159 967 1224; x_wconf 89' lang='lat' dir='ltr'><strong>per</strong></span> <span class='ocrx_word' id='word_1_72' title='bbox 998 1160 1095 1224; x_wconf 91' lang='lat' dir='ltr'><strong>quam</strong></span> <span class='ocrx_word' id='word_1_73' title='bbox 1124 1139 1335 1225; x_wconf 86' lang='lat' dir='ltr'><strong>receptacula</strong></span> <span class='ocrx_word' id='word_1_74' title='bbox 1363 1146 1532 1224; x_wconf 81' lang='lat' dir='ltr'><strong>pectorum</strong></span> <span class='ocrx_word' id='word_1_75' title='bbox 1568 1145 1679 1205; x_wconf 85' lang='lat' dir='ltr'><strong>tantae</strong></span> <span class='ocrx_word' id='word_1_76' title='bbox 1711 1141 1874 1206; x_wconf 75' lang='lat' dir='ltr'><strong>sanctitati</strong></span> 
     </span>
     <span class='ocr_line' id='line_1_8' title="bbox 252 1235 1875 1327; baseline 0.007 -29"><span class='ocrx_word' id='word_1_77' title='bbox 252 1236 482 1321; x_wconf 77' lang='lat' dir='ltr'><strong>percipiendae</strong></span> <span class='ocrx_word' id='word_1_78' title='bbox 519 1241 706 1324; x_wconf 89' lang='lat' dir='ltr'><strong>praeparari</strong></span> <span class='ocrx_word' id='word_1_79' title='bbox 745 1243 911 1321; x_wconf 87' lang='lat' dir='ltr'><strong>convenit,</strong></span> <span class='ocrx_word' id='word_1_80' title='bbox 948 1263 1006 1324; x_wconf 87' lang='lat' dir='ltr'><strong>ue,</strong></span> <span class='ocrx_word' id='word_1_81' title='bbox 1042 1243 1069 1306; x_wconf 92' lang='lat' dir='ltr'><strong>si</strong></span> <span class='ocrx_word' id='word_1_82' title='bbox 1097 1235 1267 1327; x_wconf 76' lang='lat' dir='ltr'><strong>indigue⁹¹</strong></span> <span class='ocrx_word' id='word_1_83' title='bbox 1299 1249 1459 1322; x_wconf 85' lang='lat' dir='ltr'><strong>sumatur,</strong></span> <span class='ocrx_word' id='word_1_84' title='bbox 1490 1244 1522 1307; x_wconf 93' lang='lat' dir='ltr'><strong>in</strong></span> <span class='ocrx_word' id='word_1_85' title='bbox 1552 1243 1701 1308; x_wconf 91' lang='lat' dir='ltr'><strong>iuditium</strong></span> <span class='ocrx_word' id='word_1_86' title='bbox 1730 1250 1875 1310; x_wconf 88' lang='lat' dir='ltr'><strong>transeat</strong></span> 
     </span>
     <span class='ocr_line' id='line_1_9' title="bbox 253 1339 1875 1434; baseline 0.005 -30"><span class='ocrx_word' id='word_1_87' title='bbox 253 1339 431 1422; x_wconf 90' lang='lat' dir='ltr'><strong>medicina,</strong></span> <span class='ocrx_word' id='word_1_88' title='bbox 461 1341 518 1406; x_wconf 90' lang='lat' dir='ltr'><strong>sed</strong></span> <span class='ocrx_word' id='word_1_89' title='bbox 548 1343 646 1409; x_wconf 90' lang='lat' dir='ltr'><strong>etiam</strong></span> <span class='ocrx_word' id='word_1_90' title='bbox 675 1346 757 1410; x_wconf 89' lang='lat' dir='ltr'><strong>ratio</strong></span> <span class='ocrx_word' id='word_1_91' title='bbox 785 1347 992 1412; x_wconf 81' lang='lat' dir='ltr'><strong>necessitatis</strong></span> <span class='ocrx_word' id='word_1_92' title='bbox 1021 1368 1141 1431; x_wconf 86' lang='lat' dir='ltr'><strong>magna</strong></span> <span class='ocrx_word' id='word_1_93' title='bbox 1171 1347 1341 1432; x_wconf 90' lang='lat' dir='ltr'><strong>poscebat,</strong></span> <span class='ocrx_word' id='word_1_94' title='bbox 1370 1348 1448 1433; x_wconf 89' lang='lat' dir='ltr'><strong>quia</strong></span> <span class='ocrx_word' id='word_1_95' title='bbox 1470 1346 1649 1413; x_wconf 81' lang='lat' dir='ltr'><strong>uidelicet&#39;</strong></span> <span class='ocrx_word' id='word_1_96' title='bbox 1676 1349 1875 1434; x_wconf 82' lang='lat' dir='ltr'><strong>prandentes</strong></span> 
     </span>
     <span class='ocr_line' id='line_1_10' title="bbox 255 1445 1874 1537; baseline 0.006 -30"><span class='ocrx_word' id='word_1_97' title='bbox 255 1449 331 1508; x_wconf 91' lang='lat' dir='ltr'><strong>aute</strong></span> <span class='ocrx_word' id='word_1_98' title='bbox 356 1445 680 1512; x_wconf 77' lang='lat' dir='ltr'><strong>communicationem</strong></span> <span class='ocrx_word' id='word_1_99' title='bbox 703 1449 909 1534; x_wconf 88' lang='lat' dir='ltr'><strong>proficiente,</strong></span> <span class='ocrx_word' id='word_1_100' title='bbox 936 1455 972 1513; x_wconf 93' lang='lat' dir='ltr'><strong>ut</strong></span> <span class='ocrx_word' id='word_1_101' title='bbox 995 1449 1138 1529; x_wconf 90' lang='lat' dir='ltr'><strong>adsolet,</strong></span> <span class='ocrx_word' id='word_1_102' title='bbox 1163 1450 1196 1513; x_wconf 94' lang='lat' dir='ltr'><strong>iu</strong></span> <span class='ocrx_word' id='word_1_103' title='bbox 1218 1450 1312 1534; x_wconf 89' lang='lat' dir='ltr'><strong>peius</strong></span> <span class='ocrx_word' id='word_1_104' title='bbox 1335 1451 1422 1514; x_wconf 88' lang='lat' dir='ltr'><strong>mala</strong></span> <span class='ocrx_word' id='word_1_105' title='bbox 1444 1450 1678 1516; x_wconf 89' lang='lat' dir='ltr'><strong>consuetudine</strong></span> <span class='ocrx_word' id='word_1_106' title='bbox 1701 1451 1742 1516; x_wconf 92' lang='lat' dir='ltr'><strong>de</strong></span> <span class='ocrx_word' id='word_1_107' title='bbox 1765 1453 1874 1537; x_wconf 87' lang='lat' dir='ltr'><strong>parvis</strong></span> 
     </span>
     <span class='ocr_line' id='line_1_11' title="bbox 203 1545 1873 1640; baseline 0.006 -32"><span class='ocrx_word' id='word_1_108' title='bbox 203 1567 229 1608; x_wconf 88' lang='grc' dir='ltr'><strong>ιι</strong></span> <span class='ocrx_word' id='word_1_109' title='bbox 255 1545 489 1612; x_wconf 83' lang='lat' dir='ltr'><strong>refectionibus</strong></span> <span class='ocrx_word' id='word_1_110' title='bbox 524 1571 626 1636; x_wconf 91' lang='lat' dir='ltr'><strong>usqne</strong></span> <span class='ocrx_word' id='word_1_111' title='bbox 661 1550 701 1616; x_wconf 91' lang='lat' dir='ltr'><strong>ad</strong></span> <span class='ocrx_word' id='word_1_112' title='bbox 736 1553 904 1618; x_wconf 88' lang='lat' dir='ltr'><strong>ebrietatis</strong></span> <span class='ocrx_word' id='word_1_113' title='bbox 936 1553 1136 1638; x_wconf 86' lang='lat' dir='ltr'><strong>ingluviem¹</strong></span> <span class='ocrx_word' id='word_1_114' title='bbox 1164 1551 1326 1618; x_wconf 87' lang='lat' dir='ltr'><strong>interdum</strong></span> <span class='ocrx_word' id='word_1_115' title='bbox 1356 1554 1525 1640; x_wconf 86' lang='lat' dir='ltr'><strong>prolapsos</strong></span> <span class='ocrx_word' id='word_1_116' title='bbox 1555 1552 1711 1620; x_wconf 87' lang='lat' dir='ltr'><strong>credibile</strong></span> <span class='ocrx_word' id='word_1_117' title='bbox 1743 1560 1811 1625; x_wconf 85' lang='lat' dir='ltr'><strong>est;</strong></span> <span class='ocrx_word' id='word_1_118' title='bbox 1840 1561 1873 1618; x_wconf 89' lang='lat' dir='ltr'><strong>st</strong></span> 
     </span>
     <span class='ocr_line' id='line_1_12' title="bbox 255 1648 1876 1742; baseline 0.005 -28"><span class='ocrx_word' id='word_1_119' title='bbox 255 1648 332 1734; x_wconf 92' lang='lat' dir='ltr'><strong>quid</strong></span> <span class='ocrx_word' id='word_1_120' title='bbox 362 1657 428 1716; x_wconf 90' lang='lat' dir='ltr'><strong>tam</strong></span> <span class='ocrx_word' id='word_1_121' title='bbox 452 1652 643 1732; x_wconf 88' lang='lat' dir='ltr'><strong>absurdum,</strong></span> <span class='ocrx_word' id='word_1_122' title='bbox 666 1677 762 1740; x_wconf 90' lang='lat' dir='ltr'><strong>quarn</strong></span> <span class='ocrx_word' id='word_1_123' title='bbox 786 1661 864 1720; x_wconf 88' lang='lat' dir='ltr'><strong>tuuc</strong></span> <span class='ocrx_word' id='word_1_124' title='bbox 888 1657 1068 1742; x_wconf 90' lang='lat' dir='ltr'><strong>spiritalem</strong></span> <span class='ocrx_word' id='word_1_125' title='bbox 1091 1663 1190 1741; x_wconf 92' lang='lat' dir='ltr'><strong>etque</strong></span> <span class='ocrx_word' id='word_1_126' title='bbox 1214 1655 1346 1721; x_wconf 84' lang='lat' dir='ltr'><strong>vitalem</strong></span> <span class='ocrx_word' id='word_1_127' title='bbox 1369 1656 1538 1742; x_wconf 86' lang='lat' dir='ltr'><strong>percipere</strong></span> <span class='ocrx_word' id='word_1_128' title='bbox 1562 1657 1699 1736; x_wconf 86' lang='lat' dir='ltr'><strong>victum,</strong></span> <span class='ocrx_word' id='word_1_129' title='bbox 1733 1677 1805 1721; x_wconf 91' lang='lat' dir='ltr'><strong>oum</strong></span> <span class='ocrx_word' id='word_1_130' title='bbox 1833 1677 1876 1722; x_wconf 91' lang='lat' dir='ltr'><strong>ex</strong></span> 
     </span>
     <span class='ocr_line' id='line_1_13' title="bbox 255 1753 1875 1847; baseline 0.005 -31"><span class='ocrx_word' id='word_1_131' title='bbox 255 1753 422 1820; x_wconf 87' lang='lat' dir='ltr'><strong>nimietate</strong></span> <span class='ocrx_word' id='word_1_132' title='bbox 451 1757 673 1841; x_wconf 65' lang='lat' dir='ltr'><strong>ingestorum!</strong></span> <span class='ocrx_word' id='word_1_133' title='bbox 702 1781 763 1826; x_wconf 89' lang='lat' dir='ltr'><strong>nec</strong></span> <span class='ocrx_word' id='word_1_134' title='bbox 795 1761 979 1847; x_wconf 88' lang='lat' dir='ltr'><strong>corporalia</strong></span> <span class='ocrx_word' id='word_1_135' title='bbox 1002 1760 1159 1825; x_wconf 89' lang='lat' dir='ltr'><strong>alimenta</strong></span> <span class='ocrx_word' id='word_1_136' title='bbox 1188 1765 1297 1847; x_wconf 86' lang='lat' dir='ltr'><strong>potest</strong></span> <span class='ocrx_word' id='word_1_137' title='bbox 1327 1760 1513 1845; x_wconf 87' lang='lat' dir='ltr'><strong>crapulatus</strong></span> <span class='ocrx_word' id='word_1_138' title='bbox 1542 1761 1681 1826; x_wconf 87' lang='lat' dir='ltr'><strong>honeste</strong></span> <span class='ocrx_word' id='word_1_139' title='bbox 1711 1765 1875 1825; x_wconf 78' lang='lat' dir='ltr'><strong>tractaret</strong></span> 
     </span>
     <span class='ocr_line' id='line_1_14' title="bbox 254 1855 1875 1950; baseline 0.004 -29"><span class='ocrx_word' id='word_1_140' title='bbox 254 1855 435 1944; x_wconf 86' lang='lat' dir='ltr'><strong>Apostolus</strong></span> <span class='ocrx_word' id='word_1_141' title='bbox 466 1867 574 1927; x_wconf 90' lang='lat' dir='ltr'><strong>eutem</strong></span> <span class='ocrx_word' id='word_1_142' title='bbox 604 1863 763 1950; x_wconf 88' lang='lat' dir='ltr'><strong>praecipit</strong></span> <span class='ocrx_word' id='word_1_143' title='bbox 791 1865 921 1930; x_wconf 89' lang='lat' dir='ltr'><strong>diceus:</strong></span> <span class='ocrx_word' id='word_1_144' title='bbox 950 1855 1118 1929; x_wconf 82' lang='lat' dir='ltr'><strong>‘Omnia92</strong></span> <span class='ocrx_word' id='word_1_145' title='bbox 1146 1870 1256 1927; x_wconf 85' lang='lat' dir='ltr'><strong>vestra</strong></span> <span class='ocrx_word' id='word_1_146' title='bbox 1284 1863 1422 1928; x_wconf 90' lang='lat' dir='ltr'><strong>honeste</strong></span> <span class='ocrx_word' id='word_1_147' title='bbox 1459 1869 1493 1926; x_wconf 88' lang='lat' dir='ltr'><strong>at</strong></span> <span class='ocrx_word' id='word_1_148' title='bbox 1523 1862 1702 1928; x_wconf 88' lang='lat' dir='ltr'><strong>secundum</strong></span> <span class='ocrx_word' id='word_1_149' title='bbox 1730 1862 1875 1928; x_wconf 89' lang='lat' dir='ltr'><strong>ordinem</strong></span> 
     </span>
     <span class='ocr_line' id='line_1_15' title="bbox 254 1959 1876 2053; baseline 0.005 -29"><span class='ocrx_word' id='word_1_150' title='bbox 254 1959 354 2026; x_wconf 85' lang='lat' dir='ltr'><strong>fiant’</strong></span> <span class='ocrx_word' id='word_1_151' title='bbox 401 1962 493 2037; x_wconf 84' lang='lat' dir='ltr'><strong>Quae</strong></span> <span class='ocrx_word' id='word_1_152' title='bbox 517 1965 774 2048; x_wconf 83' lang='lat' dir='ltr'><strong>moderationes,</strong></span> <span class='ocrx_word' id='word_1_153' title='bbox 798 1969 944 2053; x_wconf 85' lang='lat' dir='ltr'><strong>quamvis</strong></span> <span class='ocrx_word' id='word_1_154' title='bbox 968 1969 1002 2032; x_wconf 91' lang='lat' dir='ltr'><strong>in</strong></span> <span class='ocrx_word' id='word_1_155' title='bbox 1025 1967 1162 2052; x_wconf 87' lang='lat' dir='ltr'><strong>singulis</strong></span> <span class='ocrx_word' id='word_1_156' title='bbox 1186 1974 1371 2032; x_wconf 89' lang='lat' dir='ltr'><strong>sanctorum</strong></span> <span class='ocrx_word' id='word_1_157' title='bbox 1394 1968 1549 2053; x_wconf 92' lang='lat' dir='ltr'><strong>operibus</strong></span> <span class='ocrx_word' id='word_1_158' title='bbox 1573 1968 1779 2033; x_wconf 87' lang='lat' dir='ltr'><strong>necessariae</strong></span> <span class='ocrx_word' id='word_1_159' title='bbox 1802 1969 1876 2047; x_wconf 88' lang='lat' dir='ltr'><strong>sint,</strong></span> 
     </span>
     <span class='ocr_line' id='line_1_16' title="bbox 204 2068 1875 2157; baseline 0.005 -31"><span class='ocrx_word' id='word_1_160' title='bbox 204 2085 228 2126; x_wconf 87' lang='grc' dir='ltr'><strong>ιι</strong></span> <span class='ocrx_word' id='word_1_161' title='bbox 255 2070 365 2130; x_wconf 90' lang='lat' dir='ltr'><strong>temen</strong></span> <span class='ocrx_word' id='word_1_162' title='bbox 397 2068 495 2133; x_wconf 90' lang='lat' dir='ltr'><strong>etiam</strong></span> <span class='ocrx_word' id='word_1_163' title='bbox 518 2075 615 2154; x_wconf 89' lang='lat' dir='ltr'><strong>atque</strong></span> <span class='ocrx_word' id='word_1_164' title='bbox 645 2072 742 2136; x_wconf 89' lang='lat' dir='ltr'><strong>etiam</strong></span> <span class='ocrx_word' id='word_1_165' title='bbox 767 2072 801 2136; x_wconf 93' lang='lat' dir='ltr'><strong>iu</strong></span> <span class='ocrx_word' id='word_1_166' title='bbox 826 2072 1048 2138; x_wconf 84' lang='lat' dir='ltr'><strong>sanctissima¹</strong></span> <span class='ocrx_word' id='word_1_167' title='bbox 1072 2071 1217 2157; x_wconf 89' lang='lat' dir='ltr'><strong>corporis</strong></span> <span class='ocrx_word' id='word_1_168' title='bbox 1248 2078 1282 2135; x_wconf 92' lang='lat' dir='ltr'><strong>et</strong></span> <span class='ocrx_word' id='word_1_169' title='bbox 1311 2072 1478 2157; x_wconf 84' lang='lat' dir='ltr'><strong>sanguinis</strong></span> <span class='ocrx_word' id='word_1_170' title='bbox 1506 2069 1638 2134; x_wconf 91' lang='lat' dir='ltr'><strong>Domini</strong></span> <span class='ocrx_word' id='word_1_171' title='bbox 1667 2072 1875 2135; x_wconf 88' lang='lat' dir='ltr'><strong>veneratione</strong></span> 
     </span>
     <span class='ocr_line' id='line_1_17' title="bbox 255 2168 1876 2260; baseline 0.004 -27"><span class='ocrx_word' id='word_1_172' title='bbox 255 2168 376 2235; x_wconf 90' lang='lat' dir='ltr'><strong>debent</strong></span> <span class='ocrx_word' id='word_1_173' title='bbox 400 2171 536 2250; x_wconf 85' lang='lat' dir='ltr'><strong>servari,</strong></span> <span class='ocrx_word' id='word_1_174' title='bbox 560 2179 596 2237; x_wconf 92' lang='lat' dir='ltr'><strong>ut</strong></span> <span class='ocrx_word' id='word_1_175' title='bbox 619 2174 771 2240; x_wconf 86' lang='lat' dir='ltr'><strong>videlicet</strong></span> <span class='ocrx_word' id='word_1_176' title='bbox 794 2176 948 2252; x_wconf 90' lang='lat' dir='ltr'><strong>honeste,</strong></span> <span class='ocrx_word' id='word_1_177' title='bbox 972 2175 1034 2239; x_wconf 94' lang='lat' dir='ltr'><strong>hoc</strong></span> <span class='ocrx_word' id='word_1_178' title='bbox 1058 2181 1109 2238; x_wconf 92' lang='lat' dir='ltr'><strong>est</strong></span> <span class='ocrx_word' id='word_1_179' title='bbox 1131 2173 1307 2254; x_wconf 91' lang='lat' dir='ltr'><strong>humiliter,</strong></span> <span class='ocrx_word' id='word_1_180' title='bbox 1329 2195 1445 2260; x_wconf 89' lang='lat' dir='ltr'><strong>pacem</strong></span> <span class='ocrx_word' id='word_1_181' title='bbox 1468 2179 1502 2239; x_wconf 92' lang='lat' dir='ltr'><strong>et</strong></span> <span class='ocrx_word' id='word_1_182' title='bbox 1531 2175 1701 2237; x_wconf 90' lang='lat' dir='ltr'><strong>caritatem</strong></span> <span class='ocrx_word' id='word_1_183' title='bbox 1724 2174 1756 2237; x_wconf 93' lang='lat' dir='ltr'><strong>in</strong></span> <span class='ocrx_word' id='word_1_184' title='bbox 1780 2173 1876 2240; x_wconf 91' lang='lat' dir='ltr'><strong>corde</strong></span> 
     </span>
     <span class='ocr_line' id='line_1_18' title="bbox 257 2275 1877 2363; baseline 0.002 -26"><span class='ocrx_word' id='word_1_185' title='bbox 257 2279 418 2352; x_wconf 91' lang='lat' dir='ltr'><strong>tenentes,</strong></span> <span class='ocrx_word' id='word_1_186' title='bbox 442 2275 564 2340; x_wconf 86' lang='lat' dir='ltr'><strong>ieiuni·</strong></span> <span class='ocrx_word' id='word_1_187' title='bbox 587 2284 621 2342; x_wconf 90' lang='lat' dir='ltr'><strong>et</strong></span> <span class='ocrx_word' id='word_1_188' title='bbox 644 2278 744 2343; x_wconf 89' lang='lat' dir='ltr'><strong>sobrii</strong></span> <span class='ocrx_word' id='word_1_189' title='bbox 761 2300 834 2344; x_wconf 92' lang='lat' dir='ltr'><strong>cum</strong></span> <span class='ocrx_word' id='word_1_190' title='bbox 857 2277 1016 2343; x_wconf 92' lang='lat' dir='ltr'><strong>munditia</strong></span> <span class='ocrx_word' id='word_1_191' title='bbox 1040 2277 1185 2363; x_wconf 88' lang='lat' dir='ltr'><strong>corporis</strong></span> <span class='ocrx_word' id='word_1_192' title='bbox 1209 2282 1242 2342; x_wconf 90' lang='lat' dir='ltr'><strong>et</strong></span> <span class='ocrx_word' id='word_1_193' title='bbox 1259 2275 1376 2356; x_wconf 91' lang='lat' dir='ltr'><strong>cordis,</strong></span> <span class='ocrx_word' id='word_1_194' title='bbox 1399 2283 1555 2363; x_wconf 89' lang='lat' dir='ltr'><strong>quantum</strong></span> <span class='ocrx_word' id='word_1_195' title='bbox 1578 2276 1649 2341; x_wconf 90' lang='lat' dir='ltr'><strong>lieri</strong></span> <span class='ocrx_word' id='word_1_196' title='bbox 1666 2282 1784 2362; x_wconf 90' lang='lat' dir='ltr'><strong>potest,</strong></span> <span class='ocrx_word' id='word_1_197' title='bbox 1807 2277 1877 2362; x_wconf 89' lang='lat' dir='ltr'><strong>ipsa</strong></span> 
     </span>
     <span class='ocr_line' id='line_1_19' title="bbox 256 2379 1873 2468; baseline 0.002 -27"><span class='ocrx_word' id='word_1_198' title='bbox 256 2386 461 2444; x_wconf 89' lang='lat' dir='ltr'><strong>sacramenta</strong></span> <span class='ocrx_word' id='word_1_199' title='bbox 483 2382 721 2468; x_wconf 82' lang='lat' dir='ltr'><strong>contingamus3</strong></span> <span class='ocrx_word' id='word_1_200' title='bbox 745 2381 924 2446; x_wconf 90' lang='lat' dir='ltr'><strong>secuudum</strong></span> <span class='ocrx_word' id='word_1_201' title='bbox 950 2380 1096 2445; x_wconf 87' lang='lat' dir='ltr'><strong>ordinem</strong></span> <span class='ocrx_word' id='word_1_202' title='bbox 1112 2387 1233 2458; x_wconf 89' lang='lat' dir='ltr'><strong>autem,</strong></span> <span class='ocrx_word' id='word_1_203' title='bbox 1256 2388 1292 2444; x_wconf 94' lang='lat' dir='ltr'><strong>ut</strong></span> <span class='ocrx_word' id='word_1_204' title='bbox 1308 2381 1600 2446; x_wconf 85' lang='lat' dir='ltr'><strong>sanctificationem</strong></span> <span class='ocrx_word' id='word_1_205' title='bbox 1616 2400 1726 2444; x_wconf 89' lang='lat' dir='ltr'><strong>eorum</strong></span> <span class='ocrx_word' id='word_1_206' title='bbox 1751 2401 1770 2443; x_wconf 88' lang='lat' dir='ltr'><strong>a</strong></span> <span class='ocrx_word' id='word_1_207' title='bbox 1794 2379 1873 2444; x_wconf 91' lang='lat' dir='ltr'><strong>cibis</strong></span> 
     </span>
     <span class='ocr_line' id='line_1_20' title="bbox 257 2482 1875 2570; baseline 0 -24"><span class='ocrx_word' id='word_1_208' title='bbox 257 2482 386 2561; x_wconf 90' lang='lat' dir='ltr'><strong>ceteris,</strong></span> <span class='ocrx_word' id='word_1_209' title='bbox 410 2490 522 2569; x_wconf 90' lang='lat' dir='ltr'><strong>utpote</strong></span> <span class='ocrx_word' id='word_1_210' title='bbox 545 2485 694 2550; x_wconf 66' lang='lat' dir='ltr'><strong>animael</strong></span> <span class='ocrx_word' id='word_1_211' title='bbox 717 2486 818 2549; x_wconf 86' lang='lat' dir='ltr'><strong>uitam</strong></span> <span class='ocrx_word' id='word_1_212' title='bbox 841 2484 1121 2570; x_wconf 77' lang='lat' dir='ltr'><strong>significantium⁰‚</strong></span> <span class='ocrx_word' id='word_1_213' title='bbox 1146 2484 1240 2568; x_wconf 88' lang='lat' dir='ltr'><strong>longe</strong></span> <span class='ocrx_word' id='word_1_214' title='bbox 1264 2484 1388 2549; x_wconf 88' lang='lat' dir='ltr'><strong>distare</strong></span> <span class='ocrx_word' id='word_1_215' title='bbox 1412 2485 1551 2548; x_wconf 90' lang='lat' dir='ltr'><strong>sciamus</strong></span> <span class='ocrx_word' id='word_1_216' title='bbox 1576 2489 1608 2547; x_wconf 92' lang='lat' dir='ltr'><strong>et</strong></span> <span class='ocrx_word' id='word_1_217' title='bbox 1631 2482 1735 2568; x_wconf 92' lang='lat' dir='ltr'><strong>primo</strong></span> <span class='ocrx_word' id='word_1_218' title='bbox 1760 2483 1875 2547; x_wconf 90' lang='lat' dir='ltr'><strong>horum</strong></span> 
     </span>
     <span class='ocr_line' id='line_1_21' title="bbox 203 2582 1877 2676; baseline 0.001 -29"><span class='ocrx_word' id='word_1_219' title='bbox 203 2604 230 2646; x_wconf 85' lang='lat' dir='ltr'><strong>ro</strong></span> <span class='ocrx_word' id='word_1_220' title='bbox 256 2588 479 2653; x_wconf 88' lang='lat' dir='ltr'><strong>consolatione</strong></span> <span class='ocrx_word' id='word_1_221' title='bbox 509 2589 638 2668; x_wconf 84' lang='lat' dir='ltr'><strong>relecti,</strong></span> <span class='ocrx_word' id='word_1_222' title='bbox 674 2588 793 2655; x_wconf 90' lang='lat' dir='ltr'><strong>deiude</strong></span> <span class='ocrx_word' id='word_1_223' title='bbox 827 2589 969 2676; x_wconf 90' lang='lat' dir='ltr'><strong>corporis</strong></span> <span class='ocrx_word' id='word_1_224' title='bbox 1005 2587 1228 2652; x_wconf 90' lang='lat' dir='ltr'><strong>sustentacula</strong></span> <span class='ocrx_word' id='word_1_225' title='bbox 1257 2588 1432 2673; x_wconf 90' lang='lat' dir='ltr'><strong>capiamus.</strong></span> <span class='ocrx_word' id='word_1_226' title='bbox 1483 2584 1576 2660; x_wconf 86' lang='lat' dir='ltr'><strong>Quod</strong></span> <span class='ocrx_word' id='word_1_227' title='bbox 1606 2590 1715 2650; x_wconf 90' lang='lat' dir='ltr'><strong>autern</strong></span> <span class='ocrx_word' id='word_1_228' title='bbox 1750 2582 1877 2670; x_wconf 70' lang='lat' dir='ltr'><strong>neque‘¹</strong></span> 
     </span>
     <span class='ocr_line' id='line_1_22' title="bbox 254 2688 1879 2778; baseline -0.002 -23"><span class='ocrx_word' id='word_1_229' title='bbox 254 2689 352 2756; x_wconf 74' lang='lat' dir='ltr'><strong>antetl</strong></span> <span class='ocrx_word' id='word_1_230' title='bbox 374 2711 480 2777; x_wconf 92' lang='lat' dir='ltr'><strong>neque</strong></span> <span class='ocrx_word' id='word_1_231' title='bbox 502 2699 576 2778; x_wconf 92' lang='lat' dir='ltr'><strong>post</strong></span> <span class='ocrx_word' id='word_1_232' title='bbox 600 2693 924 2758; x_wconf 89' lang='lat' dir='ltr'><strong>communicationem</strong></span> <span class='ocrx_word' id='word_1_233' title='bbox 947 2693 980 2756; x_wconf 91' lang='lat' dir='ltr'><strong>in</strong></span> <span class='ocrx_word' id='word_1_234' title='bbox 1004 2690 1153 2756; x_wconf 88' lang='lat' dir='ltr'><strong>ecclesiis</strong></span> <span class='ocrx_word' id='word_1_235' title='bbox 1177 2691 1221 2754; x_wconf 89' lang='lat' dir='ltr'><strong>sit</strong></span> <span class='ocrx_word' id='word_1_236' title='bbox 1242 2689 1489 2770; x_wconf 82' lang='lat' dir='ltr'><strong>convivandum,</strong></span> <span class='ocrx_word' id='word_1_237' title='bbox 1514 2697 1547 2755; x_wconf 92' lang='lat' dir='ltr'><strong>et</strong></span> <span class='ocrx_word' id='word_1_238' title='bbox 1570 2710 1712 2754; x_wconf 89' lang='lat' dir='ltr'><strong>canones</strong></span> <span class='ocrx_word' id='word_1_239' title='bbox 1736 2688 1879 2753; x_wconf 88' lang='lat' dir='ltr'><strong>discrete</strong></span> 
     </span>
     <span class='ocr_line' id='line_1_23' title="bbox 255 2784 1404 2882; baseline -0.002 -24"><span class='ocrx_word' id='word_1_240' title='bbox 255 2800 288 2858; x_wconf 94' lang='lat' dir='ltr'><strong>et</strong></span> <span class='ocrx_word' id='word_1_241' title='bbox 310 2795 485 2862; x_wconf 85' lang='lat' dir='ltr'><strong>manifeste</strong></span> <span class='ocrx_word' id='word_1_242' title='bbox 508 2797 695 2882; x_wconf 90' lang='lat' dir='ltr'><strong>loquuntur,</strong></span> <span class='ocrx_word' id='word_1_243' title='bbox 718 2803 752 2860; x_wconf 91' lang='lat' dir='ltr'><strong>et</strong></span> <span class='ocrx_word' id='word_1_244' title='bbox 773 2817 833 2861; x_wconf 92' lang='lat' dir='ltr'><strong>uos</strong></span> <span class='ocrx_word' id='word_1_245' title='bbox 858 2795 1008 2882; x_wconf 91' lang='lat' dir='ltr'><strong>superius</strong></span> <span class='ocrx_word' id='word_1_246' title='bbox 1031 2784 1404 2859; x_wconf 77' lang='lat' dir='ltr'><strong>commemoravimus93.</strong></span> 
     </span>
     <span class='ocr_line' id='line_1_24' title="bbox 364 2894 1877 2982; baseline -0.001 -22"><span class='ocrx_word' id='word_1_247' title='bbox 364 2901 434 2960; x_wconf 76' lang='lat'>210.</span> <span class='ocrx_word' id='word_1_248' title='bbox 469 2897 555 2972; x_wconf 84' lang='lat' dir='ltr'><strong>Quia</strong></span> <span class='ocrx_word' id='word_1_249' title='bbox 577 2919 656 2964; x_wconf 88' lang='lat' dir='ltr'><strong>vero</strong></span> <span class='ocrx_word' id='word_1_250' title='bbox 683 2898 724 2962; x_wconf 93' lang='lat' dir='ltr'><strong>de</strong></span> <span class='ocrx_word' id='word_1_251' title='bbox 752 2899 875 2963; x_wconf 90' lang='lat' dir='ltr'><strong>ratione</strong></span> <span class='ocrx_word' id='word_1_252' title='bbox 899 2903 1176 2963; x_wconf 88' lang='lat' dir='ltr'><strong>sacramentorum</strong></span> <span class='ocrx_word' id='word_1_253' title='bbox 1200 2916 1305 2982; x_wconf 90' lang='lat' dir='ltr'><strong>pauca</strong></span> <span class='ocrx_word' id='word_1_254' title='bbox 1327 2895 1597 2982; x_wconf 84' lang='lat' dir='ltr'><strong>perstrinximus,</strong></span> <span class='ocrx_word' id='word_1_255' title='bbox 1628 2894 1776 2960; x_wconf 70' lang='lat' dir='ltr'><strong>videtur0</strong></span> <span class='ocrx_word' id='word_1_256' title='bbox 1799 2895 1877 2959; x_wconf 92' lang='lat' dir='ltr'><strong>sub-</strong></span> 
     </span>
     <span class='ocr_line' id='line_1_25' title="bbox 256 2999 1877 3087; baseline -0.001 -23"><span class='ocrx_word' id='word_1_257' title='bbox 256 3001 467 3081; x_wconf 89' lang='lat' dir='ltr'><strong>nectendum,</strong></span> <span class='ocrx_word' id='word_1_258' title='bbox 503 3003 642 3087; x_wconf 91' lang='lat' dir='ltr'><strong>qualiter</strong></span> <span class='ocrx_word' id='word_1_259' title='bbox 672 3002 713 3067; x_wconf 91' lang='lat' dir='ltr'><strong>ad</strong></span> <span class='ocrx_word' id='word_1_260' title='bbox 742 3003 956 3068; x_wconf 80' lang='lat' dir='ltr'><strong>cotidianam‘</strong></span> <span class='ocrx_word' id='word_1_261' title='bbox 987 3000 1241 3067; x_wconf 90' lang='lat' dir='ltr'><strong>celebrationem</strong></span> <span class='ocrx_word' id='word_1_262' title='bbox 1277 3000 1477 3064; x_wconf 68' lang='grc' dir='ltr'><strong>ιοιιιιιιιιιιιΒ</strong></span> <span class='ocrx_word' id='word_1_263' title='bbox 1511 2999 1763 3084; x_wconf 76' lang='lat' dir='ltr'><strong>mysteriorumh</strong></span> <span class='ocrx_word' id='word_1_264' title='bbox 1798 3019 1877 3063; x_wconf 89' lang='lat' dir='ltr'><strong>usus</strong></span> 
     </span>
     <span class='ocr_line' id='line_1_26' title="bbox 203 3101 1878 3192; baseline 0 -26"><span class='ocrx_word' id='word_1_265' title='bbox 203 3134 228 3175; x_wconf 69' lang='grc' dir='ltr'><strong>ιι</strong></span> <span class='ocrx_word' id='word_1_266' title='bbox 254 3104 453 3187; x_wconf 82' lang='lat' dir='ltr'><strong>pervenerit.</strong></span> <span class='ocrx_word' id='word_1_267' title='bbox 499 3105 540 3169; x_wconf 83' lang='grc' dir='ltr'><strong>Ει</strong></span> <span class='ocrx_word' id='word_1_268' title='bbox 568 3107 746 3191; x_wconf 71' lang='grc' dir='ltr'><strong>ιιιιοιιίιιιιιι</strong></span> <span class='ocrx_word' id='word_1_269' title='bbox 767 3106 940 3192; x_wconf 82' lang='lat' dir='ltr'><strong>multiplex</strong></span> <span class='ocrx_word' id='word_1_270' title='bbox 968 3111 1018 3169; x_wconf 89' lang='lat' dir='ltr'><strong>est</strong></span> <span class='ocrx_word' id='word_1_271' title='bbox 1050 3103 1133 3169; x_wconf 86' lang='lat' dir='ltr'><strong>eiusi</strong></span> <span class='ocrx_word' id='word_1_272' title='bbox 1157 3103 1205 3167; x_wconf 94' lang='lat' dir='ltr'><strong>rei</strong></span> <span class='ocrx_word' id='word_1_273' title='bbox 1232 3103 1318 3188; x_wconf 90' lang='lat' dir='ltr'><strong>apud</strong></span> <span class='ocrx_word' id='word_1_274' title='bbox 1341 3103 1490 3167; x_wconf 90' lang='lat' dir='ltr'><strong>doctores</strong></span> <span class='ocrx_word' id='word_1_275' title='bbox 1514 3102 1644 3182; x_wconf 89' lang='lat' dir='ltr'><strong>relatio,</strong></span> <span class='ocrx_word' id='word_1_276' title='bbox 1673 3101 1878 3187; x_wconf 69' lang='lat' dir='ltr'><strong>colligimus¹K</strong></span> 
     </span>
     <span class='ocr_line' id='line_1_27' title="bbox 256 3206 1876 3293; baseline -0.002 -21"><span class='ocrx_word' id='word_1_277' title='bbox 256 3207 440 3272; x_wconf 88' lang='lat' dir='ltr'><strong>summatim</strong></span> <span class='ocrx_word' id='word_1_278' title='bbox 471 3229 554 3292; x_wconf 90' lang='lat' dir='ltr'><strong>quae</strong></span> <span class='ocrx_word' id='word_1_279' title='bbox 577 3230 770 3293; x_wconf 86' lang='lat' dir='ltr'><strong>possumus,</strong></span> <span class='ocrx_word' id='word_1_280' title='bbox 793 3211 839 3274; x_wconf 89' lang='lat' dir='ltr'><strong>ita</strong></span> <span class='ocrx_word' id='word_1_281' title='bbox 861 3220 896 3274; x_wconf 91' lang='lat' dir='ltr'><strong>ut</strong></span> <span class='ocrx_word' id='word_1_282' title='bbox 919 3209 1051 3274; x_wconf 90' lang='lat' dir='ltr'><strong>nomina</strong></span> <span class='ocrx_word' id='word_1_283' title='bbox 1073 3207 1275 3292; x_wconf 88' lang='lat' dir='ltr'><strong>singulorum</strong></span> <span class='ocrx_word' id='word_1_284' title='bbox 1304 3213 1473 3271; x_wconf 92' lang='lat' dir='ltr'><strong>auctorum</strong></span> <span class='ocrx_word' id='word_1_285' title='bbox 1499 3212 1633 3291; x_wconf 90' lang='lat' dir='ltr'><strong>propter</strong></span> <span class='ocrx_word' id='word_1_286' title='bbox 1653 3206 1876 3290; x_wconf 84' lang='lat' dir='ltr'><strong>prolixitatem</strong></span> 
     </span>
     <span class='ocr_line' id='line_1_28' title="bbox 256 3308 1877 3398; baseline -0.001 -25"><span class='ocrx_word' id='word_1_287' title='bbox 256 3331 321 3375; x_wconf 93' lang='lat' dir='ltr'><strong>non</strong></span> <span class='ocrx_word' id='word_1_288' title='bbox 344 3331 513 3396; x_wconf 88' lang='lat' dir='ltr'><strong>ponamus.</strong></span> <span class='ocrx_word' id='word_1_289' title='bbox 558 3313 648 3377; x_wconf 87' lang='lat' dir='ltr'><strong>Nihil</strong></span> <span class='ocrx_word' id='word_1_290' title='bbox 665 3335 741 3378; x_wconf 81' lang='lat' dir='ltr'><strong>vero</strong></span> <span class='ocrx_word' id='word_1_291' title='bbox 765 3334 920 3379; x_wconf 91' lang='lat' dir='ltr'><strong>conemur</strong></span> <span class='ocrx_word' id='word_1_292' title='bbox 935 3319 1094 3394; x_wconf 86' lang='lat' dir='ltr'><strong>astruere,</strong></span> <span class='ocrx_word' id='word_1_293' title='bbox 1118 3312 1204 3398; x_wconf 91' lang='lat' dir='ltr'><strong>quod</strong></span> <span class='ocrx_word' id='word_1_294' title='bbox 1228 3332 1292 3376; x_wconf 93' lang='lat' dir='ltr'><strong>nou</strong></span> <span class='ocrx_word' id='word_1_295' title='bbox 1309 3313 1361 3377; x_wconf 88' lang='lat' dir='ltr'><strong>vel</strong></span> <span class='ocrx_word' id='word_1_296' title='bbox 1384 3313 1430 3376; x_wconf 91' lang='lat' dir='ltr'><strong>ita</strong></span> <span class='ocrx_word' id='word_1_297' title='bbox 1446 3310 1584 3395; x_wconf 88' lang='lat' dir='ltr'><strong>legimns</strong></span> <span class='ocrx_word' id='word_1_298' title='bbox 1602 3308 1654 3371; x_wconf 87' lang='lat' dir='ltr'><strong>vel</strong></span> <span class='ocrx_word' id='word_1_299' title='bbox 1677 3329 1719 3372; x_wconf 87' lang='lat' dir='ltr'><strong>ex</strong></span> <span class='ocrx_word' id='word_1_300' title='bbox 1736 3309 1877 3372; x_wconf 92' lang='lat' dir='ltr'><strong>lectione</strong></span> 
     </span>
     <span class='ocr_line' id='line_1_29' title="bbox 255 3411 1877 3503; baseline -0.002 -25"><span class='ocrx_word' id='word_1_301' title='bbox 255 3416 509 3482; x_wconf 88' lang='lat' dir='ltr'><strong>coniectavimus</strong></span> <span class='ocrx_word' id='word_1_302' title='bbox 532 3417 585 3482; x_wconf 86' lang='lat' dir='ltr'><strong>uel</strong></span> <span class='ocrx_word' id='word_1_303' title='bbox 609 3419 772 3484; x_wconf 91' lang='lat' dir='ltr'><strong>veracium</strong></span> <span class='ocrx_word' id='word_1_304' title='bbox 796 3417 906 3482; x_wconf 86' lang='lat' dir='ltr'><strong>uerbis</strong></span> <span class='ocrx_word' id='word_1_305' title='bbox 935 3417 1139 3503; x_wconf 86' lang='lat' dir='ltr'><strong>percepimus</strong></span> <span class='ocrx_word' id='word_1_306' title='bbox 1163 3417 1215 3480; x_wconf 82' lang='lat' dir='ltr'><strong>vel</strong></span> <span class='ocrx_word' id='word_1_307' title='bbox 1238 3436 1300 3480; x_wconf 91' lang='lat' dir='ltr'><strong>usu</strong></span> <span class='ocrx_word' id='word_1_308' title='bbox 1323 3415 1509 3480; x_wconf 86' lang='lat' dir='ltr'><strong>insinuante</strong></span> <span class='ocrx_word' id='word_1_309' title='bbox 1535 3411 1754 3496; x_wconf 84' lang='lat' dir='ltr'><strong>cognovimus.</strong></span> <span class='ocrx_word' id='word_1_310' title='bbox 1802 3412 1877 3492; x_wconf 83' lang='lat' dir='ltr'><strong>Atii,</strong></span> 
     </span>
     <span class='ocr_line' id='line_1_30' title="bbox 256 3516 1877 3605; baseline -0.003 -22"><span class='ocrx_word' id='word_1_311' title='bbox 256 3526 292 3583; x_wconf 93' lang='lat' dir='ltr'><strong>ut</strong></span> <span class='ocrx_word' id='word_1_312' title='bbox 315 3541 368 3594; x_wconf 21' lang='lat' dir='ltr'><strong>ex,</strong></span> <span class='ocrx_word' id='word_1_313' title='bbox 382 3525 510 3605; x_wconf 90' lang='lat' dir='ltr'><strong>patrum</strong></span> <span class='ocrx_word' id='word_1_314' title='bbox 535 3521 776 3587; x_wconf 89' lang='lat' dir='ltr'><strong>collationibus¹</strong></span> <span class='ocrx_word' id='word_1_315' title='bbox 799 3520 993 3601; x_wconf 66' lang='lat' dir='ltr'><strong>discimusm,</strong></span> <span class='ocrx_word' id='word_1_316' title='bbox 1017 3521 1120 3586; x_wconf 89' lang='lat' dir='ltr'><strong>semel</strong></span> <span class='ocrx_word' id='word_1_317' title='bbox 1142 3521 1175 3584; x_wconf 93' lang='lat' dir='ltr'><strong>iu</strong></span> <span class='ocrx_word' id='word_1_318' title='bbox 1200 3541 1285 3585; x_wconf 90' lang='lat' dir='ltr'><strong>auno</strong></span> <span class='ocrx_word' id='word_1_319' title='bbox 1309 3516 1612 3584; x_wconf 90' lang='lat' dir='ltr'><strong>communicandum</strong></span> <span class='ocrx_word' id='word_1_320' title='bbox 1628 3516 1816 3594; x_wconf 89' lang='lat' dir='ltr'><strong>censebant,</strong></span> <span class='ocrx_word' id='word_1_321' title='bbox 1841 3522 1877 3579; x_wconf 92' lang='grc' dir='ltr'><strong>ιιι</strong></span> 
     </span>
     <span class='ocr_line' id='line_1_31' title="bbox 204 3618 1877 3711; baseline -0.002 -24"><span class='ocrx_word' id='word_1_322' title='bbox 204 3641 231 3680; x_wconf 77' lang='lat'><strong>³0</strong></span> <span class='ocrx_word' id='word_1_323' title='bbox 256 3622 408 3688; x_wconf 86' lang='lat' dir='ltr'><strong>videlicet</strong></span> <span class='ocrx_word' id='word_1_324' title='bbox 424 3623 575 3688; x_wconf 89' lang='lat' dir='ltr'><strong>diuturna</strong></span> <span class='ocrx_word' id='word_1_325' title='bbox 589 3627 837 3711; x_wconf 85' lang='lat' dir='ltr'><strong>praeparatione</strong></span> <span class='ocrx_word' id='word_1_326' title='bbox 854 3646 971 3711; x_wconf 89' lang='lat' dir='ltr'><strong>corpus</strong></span> <span class='ocrx_word' id='word_1_327' title='bbox 988 3630 1021 3689; x_wconf 93' lang='lat' dir='ltr'><strong>et</strong></span> <span class='ocrx_word' id='word_1_328' title='bbox 1037 3625 1180 3688; x_wconf 89' lang='lat' dir='ltr'><strong>animam</strong></span> <span class='ocrx_word' id='word_1_329' title='bbox 1193 3625 1402 3709; x_wconf 86' lang='lat' dir='ltr'><strong>purificantes</strong></span> <span class='ocrx_word' id='word_1_330' title='bbox 1415 3621 1544 3686; x_wconf 91' lang='lat' dir='ltr'><strong>tandem</strong></span> <span class='ocrx_word' id='word_1_331' title='bbox 1561 3618 1601 3684; x_wconf 90' lang='lat' dir='ltr'><strong>ad</strong></span> <span class='ocrx_word' id='word_1_332' title='bbox 1618 3621 1877 3684; x_wconf 90' lang='lat' dir='ltr'><strong>communionem</strong></span> 
     </span>
     <span class='ocr_line' id='line_1_32' title="bbox 257 3722 1876 3815; baseline -0.003 -25"><span class='ocrx_word' id='word_1_333' title='bbox 257 3747 391 3792; x_wconf 88' lang='lat' dir='ltr'><strong>meusne</strong></span> <span class='ocrx_word' id='word_1_334' title='bbox 422 3727 576 3793; x_wconf 89' lang='lat' dir='ltr'><strong>caelestis</strong></span> <span class='ocrx_word' id='word_1_335' title='bbox 603 3729 701 3814; x_wconf 82' lang='lat' dir='ltr'><strong>digne</strong></span> <span class='ocrx_word' id='word_1_336' title='bbox 730 3731 992 3815; x_wconf 71' lang='lat' dir='ltr'><strong>pertingerent³;</strong></span> <span class='ocrx_word' id='word_1_337' title='bbox 1029 3735 1062 3794; x_wconf 91' lang='lat' dir='ltr'><strong>et</strong></span> <span class='ocrx_word' id='word_1_338' title='bbox 1097 3727 1229 3815; x_wconf 90' lang='lat' dir='ltr'><strong>quidem</strong></span> <span class='ocrx_word' id='word_1_339' title='bbox 1258 3728 1372 3792; x_wconf 90' lang='lat' dir='ltr'><strong>horum</strong></span> <span class='ocrx_word' id='word_1_340' title='bbox 1403 3725 1460 3790; x_wconf 92' lang='lat' dir='ltr'><strong>alii</strong></span> <span class='ocrx_word' id='word_1_341' title='bbox 1490 3727 1595 3811; x_wconf 88' lang='lat' dir='ltr'><strong>ipsam</strong></span> <span class='ocrx_word' id='word_1_342' title='bbox 1627 3722 1876 3788; x_wconf 90' lang='lat' dir='ltr'><strong>celebrationem</strong></span> 
     </span>
     <span class='ocr_line' id='line_1_33' title="bbox 257 3828 1875 3915; baseline -0.003 -19"><span class='ocrx_word' id='word_1_343' title='bbox 257 3852 398 3896; x_wconf 91' lang='lat' dir='ltr'><strong>annuam</strong></span> <span class='ocrx_word' id='word_1_344' title='bbox 421 3832 454 3896; x_wconf 92' lang='lat' dir='ltr'><strong>in</strong></span> <span class='ocrx_word' id='word_1_345' title='bbox 478 3831 531 3898; x_wconf 91' lang='lat' dir='ltr'><strong>die</strong></span> <span class='ocrx_word' id='word_1_346' title='bbox 555 3854 676 3898; x_wconf 90' lang='lat' dir='ltr'><strong>caenae</strong></span> <span class='ocrx_word' id='word_1_347' title='bbox 700 3833 881 3897; x_wconf 91' lang='lat' dir='ltr'><strong>dominicae</strong></span> <span class='ocrx_word' id='word_1_348' title='bbox 904 3832 1077 3912; x_wconf 85' lang='lat' dir='ltr'><strong>faciebant,</strong></span> <span class='ocrx_word' id='word_1_349' title='bbox 1100 3840 1138 3897; x_wconf 90' lang='lat' dir='ltr'><strong>ut</strong></span> <span class='ocrx_word' id='word_1_350' title='bbox 1159 3833 1206 3898; x_wconf 92' lang='lat' dir='ltr'><strong>ibi</strong></span> <span class='ocrx_word' id='word_1_351' title='bbox 1228 3833 1333 3897; x_wconf 90' lang='lat' dir='ltr'><strong>solum</strong></span> <span class='ocrx_word' id='word_1_352' title='bbox 1349 3836 1625 3896; x_wconf 89' lang='lat' dir='ltr'><strong>sacramentorum</strong></span> <span class='ocrx_word' id='word_1_353' title='bbox 1648 3828 1753 3915; x_wconf 88' lang='lat' dir='ltr'><strong>gratia</strong></span> <span class='ocrx_word' id='word_1_354' title='bbox 1775 3828 1875 3892; x_wconf 88' lang='lat' dir='ltr'><strong>itera-</strong></span> 
     </span>
     <span class='ocr_line' id='line_1_34' title="bbox 260 3925 1879 4023; baseline -0.003 -24"><span class='ocrx_word' id='word_1_355' title='bbox 260 3942 367 4000; x_wconf 84' lang='grc' dir='ltr'><strong>ιιιιιιο</strong></span> <span class='ocrx_word' id='word_1_356' title='bbox 391 3925 530 4016; x_wconf 90' lang='lat' dir='ltr'><strong>illorum,</strong></span> <span class='ocrx_word' id='word_1_357' title='bbox 554 3935 609 4000; x_wconf 92' lang='lat' dir='ltr'><strong>ubi</strong></span> <span class='ocrx_word' id='word_1_358' title='bbox 633 3937 783 4023; x_wconf 89' lang='lat' dir='ltr'><strong>primitus</strong></span> <span class='ocrx_word' id='word_1_359' title='bbox 807 3944 856 4002; x_wconf 92' lang='lat' dir='ltr'><strong>est</strong></span> <span class='ocrx_word' id='word_1_360' title='bbox 879 3943 1022 4002; x_wconf 86' lang='lat' dir='ltr'><strong>ostensa.</strong></span> <span class='ocrx_word' id='word_1_361' title='bbox 1060 3936 1155 4001; x_wconf 91' lang='lat' dir='ltr'><strong>Unde</strong></span> <span class='ocrx_word' id='word_1_362' title='bbox 1178 3941 1212 4000; x_wconf 92' lang='lat' dir='ltr'><strong>et</strong></span> <span class='ocrx_word' id='word_1_363' title='bbox 1235 3937 1307 4022; x_wconf 89' lang='lat' dir='ltr'><strong>ipsa</strong></span> <span class='ocrx_word' id='word_1_364' title='bbox 1322 3935 1374 3999; x_wconf 92' lang='lat' dir='ltr'><strong>die</strong></span> <span class='ocrx_word' id='word_1_365' title='bbox 1390 3934 1563 4000; x_wconf 81' lang='lat' dir='ltr'><strong>solvebant</strong></span> <span class='ocrx_word' id='word_1_366' title='bbox 1577 3934 1734 3998; x_wconf 92' lang='lat' dir='ltr'><strong>ieiunium</strong></span> <span class='ocrx_word' id='word_1_367' title='bbox 1744 3943 1768 4010; x_wconf 67' lang='grc' dir='ltr'><strong>Ρ,</strong></span> <span class='ocrx_word' id='word_1_368' title='bbox 1793 3931 1879 3995; x_wconf 92' lang='lat' dir='ltr'><strong>sicut</strong></span> 
     </span>
     <span class='ocr_line' id='line_1_35' title="bbox 257 4036 1878 4126; baseline -0.002 -24"><span class='ocrx_word' id='word_1_369' title='bbox 257 4039 290 4102; x_wconf 92' lang='lat' dir='ltr'><strong>in</strong></span> <span class='ocrx_word' id='word_1_370' title='bbox 314 4039 406 4104; x_wconf 85' lang='lat' dir='ltr'><strong>festis</strong></span> <span class='ocrx_word' id='word_1_371' title='bbox 430 4039 565 4105; x_wconf 88' lang='lat' dir='ltr'><strong>actitare</strong></span> <span class='ocrx_word' id='word_1_372' title='bbox 589 4041 767 4118; x_wconf 68' lang='lat' dir='ltr'><strong>solemnes,</strong></span> <span class='ocrx_word' id='word_1_373' title='bbox 791 4048 825 4106; x_wconf 92' lang='lat' dir='ltr'><strong>et</strong></span> <span class='ocrx_word' id='word_1_374' title='bbox 847 4048 923 4106; x_wconf 90' lang='lat' dir='ltr'><strong>ante</strong></span> <span class='ocrx_word' id='word_1_375' title='bbox 945 4038 1113 4104; x_wconf 90' lang='lat' dir='ltr'><strong>meridiem</strong></span> <span class='ocrx_word' id='word_1_376' title='bbox 1136 4039 1292 4105; x_wconf 88' lang='lat' dir='ltr'><strong>collectas</strong></span> <span class='ocrx_word' id='word_1_377' title='bbox 1315 4038 1508 4126; x_wconf 85' lang='lat' dir='ltr'><strong>explebant,</strong></span> <span class='ocrx_word' id='word_1_378' title='bbox 1532 4037 1618 4124; x_wconf 92' lang='lat' dir='ltr'><strong>quod</strong></span> <span class='ocrx_word' id='word_1_379' title='bbox 1644 4040 1675 4102; x_wconf 92' lang='lat' dir='ltr'><strong>in</strong></span> <span class='ocrx_word' id='word_1_380' title='bbox 1700 4036 1878 4102; x_wconf 90' lang='lat' dir='ltr'><strong>canonibus</strong></span> 
     </span>
     <span class='ocr_line' id='line_1_36' title="bbox 204 4141 1877 4232; baseline -0.005 -22"><span class='ocrx_word' id='word_1_381' title='bbox 204 4147 239 4210; x_wconf 81' lang='lat' dir='ltr'><strong>rs</strong></span> <span class='ocrx_word' id='word_1_382' title='bbox 260 4143 377 4228; x_wconf 90' lang='lat' dir='ltr'><strong>partim</strong></span> <span class='ocrx_word' id='word_1_383' title='bbox 407 4142 588 4208; x_wconf 89' lang='lat' dir='ltr'><strong>ostenditur</strong></span> <span class='ocrx_word' id='word_1_384' title='bbox 617 4151 650 4209; x_wconf 92' lang='lat' dir='ltr'><strong>et</strong></span> <span class='ocrx_word' id='word_1_385' title='bbox 678 4145 810 4231; x_wconf 91' lang='lat' dir='ltr'><strong>penitus</strong></span> <span class='ocrx_word' id='word_1_386' title='bbox 839 4143 1039 4232; x_wconf 89' lang='lat' dir='ltr'><strong>prohibetur.</strong></span> <span class='ocrx_word' id='word_1_387' title='bbox 1091 4141 1156 4208; x_wconf 79' lang='lat' dir='ltr'><strong>Sed</strong></span> <span class='ocrx_word' id='word_1_388' title='bbox 1184 4143 1258 4208; x_wconf 89' lang='lat' dir='ltr'><strong>aliis</strong></span> <span class='ocrx_word' id='word_1_389' title='bbox 1288 4142 1488 4207; x_wconf 89' lang='lat' dir='ltr'><strong>cautioribus</strong></span> <span class='ocrx_word' id='word_1_390' title='bbox 1518 4142 1623 4206; x_wconf 87' lang='lat' dir='ltr'><strong>visum</strong></span> <span class='ocrx_word' id='word_1_391' title='bbox 1652 4147 1703 4204; x_wconf 89' lang='lat' dir='ltr'><strong>est</strong></span> <span class='ocrx_word' id='word_1_392' title='bbox 1729 4141 1811 4204; x_wconf 88' lang='lat' dir='ltr'><strong>istos</strong></span> <span class='ocrx_word' id='word_1_393' title='bbox 1839 4159 1877 4202; x_wconf 94' lang='lat' dir='ltr'><strong>eo</strong></span> 
     </span>
     <span class='ocr_line' id='line_1_37' title="bbox 259 4243 1879 4332; baseline -0.002 -22"><span class='ocrx_word' id='word_1_394' title='bbox 259 4245 459 4332; x_wconf 85' lang='lat' dir='ltr'><strong>indigniores</strong></span> <span class='ocrx_word' id='word_1_395' title='bbox 490 4248 533 4312; x_wconf 89' lang='lat' dir='ltr'><strong>ad</strong></span> <span class='ocrx_word' id='word_1_396' title='bbox 558 4270 699 4313; x_wconf 91' lang='lat' dir='ltr'><strong>annuam</strong></span> <span class='ocrx_word' id='word_1_397' title='bbox 724 4271 802 4314; x_wconf 86' lang='lat' dir='ltr'><strong>snae</strong></span> <span class='ocrx_word' id='word_1_398' title='bbox 826 4247 1072 4314; x_wconf 74' lang='lat' dir='ltr'><strong>observantiaer</strong></span> <span class='ocrx_word' id='word_1_399' title='bbox 1096 4246 1320 4313; x_wconf 89' lang='lat' dir='ltr'><strong>celebritatem</strong></span> <span class='ocrx_word' id='word_1_400' title='bbox 1343 4247 1530 4332; x_wconf 88' lang='lat' dir='ltr'><strong>pervenire,</strong></span> <span class='ocrx_word' id='word_1_401' title='bbox 1561 4267 1625 4331; x_wconf 92' lang='lat' dir='ltr'><strong>quo</strong></span> <span class='ocrx_word' id='word_1_402' title='bbox 1655 4265 1689 4309; x_wconf 92' lang='lat' dir='ltr'><strong>se</strong></span> <span class='ocrx_word' id='word_1_403' title='bbox 1719 4243 1879 4331; x_wconf 89' lang='lat' dir='ltr'><strong>putabant</strong></span> 
     </span>
     <span class='ocr_line' id='line_1_38' title="bbox 258 4348 1878 4437; baseline -0.002 -23"><span class='ocrx_word' id='word_1_404' title='bbox 258 4351 356 4435; x_wconf 87' lang='lat' dir='ltr'><strong>longa</strong></span> <span class='ocrx_word' id='word_1_405' title='bbox 383 4349 535 4416; x_wconf 87' lang='lat' dir='ltr'><strong>dilatione</strong></span> <span class='ocrx_word' id='word_1_406' title='bbox 566 4353 772 4419; x_wconf 85' lang='lat' dir='ltr'><strong>defaecatos·</strong></span> <span class='ocrx_word' id='word_1_407' title='bbox 794 4353 987 4437; x_wconf 91' lang='lat' dir='ltr'><strong>quandoque</strong></span> <span class='ocrx_word' id='word_1_408' title='bbox 1019 4350 1060 4416; x_wconf 90' lang='lat' dir='ltr'><strong>ad</strong></span> <span class='ocrx_word' id='word_1_409' title='bbox 1083 4370 1248 4415; x_wconf 88' lang='lat' dir='ltr'><strong>sacrorum</strong></span> <span class='ocrx_word' id='word_1_410' title='bbox 1271 4349 1515 4435; x_wconf 90' lang='lat' dir='ltr'><strong>perceptionem</strong></span> <span class='ocrx_word' id='word_1_411' title='bbox 1540 4350 1618 4414; x_wconf 87' lang='lat' dir='ltr'><strong>satir</strong></span> <span class='ocrx_word' id='word_1_412' title='bbox 1642 4348 1759 4432; x_wconf 88' lang='lat' dir='ltr'><strong>dignos</strong></span> <span class='ocrx_word' id='word_1_413' title='bbox 1784 4368 1878 4412; x_wconf 89' lang='lat' dir='ltr'><strong>aoce-</strong></span> 
     </span>
     <span class='ocr_line' id='line_1_39' title="bbox 259 4452 1880 4543; baseline -0.002 -25"><span class='ocrx_word' id='word_1_414' title='bbox 259 4453 334 4518; x_wconf 88' lang='lat' dir='ltr'><strong>dere</strong></span> <span class='ocrx_word' id='word_1_415' title='bbox 365 4455 546 4541; x_wconf 88' lang='lat' dir='ltr'><strong>meliusque</strong></span> <span class='ocrx_word' id='word_1_416' title='bbox 570 4456 762 4538; x_wconf 89' lang='lat' dir='ltr'><strong>credebant,</strong></span> <span class='ocrx_word' id='word_1_417' title='bbox 793 4457 940 4543; x_wconf 86' lang='lat' dir='ltr'><strong>quamuis</strong></span> <span class='ocrx_word' id='word_1_418' title='bbox 972 4457 1007 4520; x_wconf 74' lang='lat' dir='ltr'><strong>a‘</strong></span> <span class='ocrx_word' id='word_1_419' title='bbox 1030 4455 1135 4518; x_wconf 90' lang='lat' dir='ltr'><strong>minus</strong></span> <span class='ocrx_word' id='word_1_420' title='bbox 1159 4453 1281 4539; x_wconf 88' lang='lat' dir='ltr'><strong>dignis,</strong></span> <span class='ocrx_word' id='word_1_421' title='bbox 1312 4452 1456 4517; x_wconf 89' lang='lat' dir='ltr'><strong>crebrius</strong></span> <span class='ocrx_word' id='word_1_422' title='bbox 1480 4452 1628 4533; x_wconf 60' lang='lat' dir='ltr'><strong>iterarifl,</strong></span> <span class='ocrx_word' id='word_1_423' title='bbox 1657 4472 1741 4537; x_wconf 92' lang='lat' dir='ltr'><strong>quae</strong></span> <span class='ocrx_word' id='word_1_424' title='bbox 1765 4455 1880 4516; x_wconf 91' lang='lat' dir='ltr'><strong>sancta</strong></span> 
     </span>
    </p>
   </div>
   <div class='ocr_carea' id='block_1_3' title="bbox 199 4640 1881 5489">
    <p class='ocr_par' dir='ltr' id='par_1_3' title="bbox 199 4640 1881 5489">
     <span class='ocr_line' id='line_1_40' title="bbox 360 4640 1879 4716; baseline -0.002 -20"><span class='ocrx_word' id='word_1_425' title='bbox 360 4645 381 4714; x_wconf 86' lang='lat' dir='ltr'><strong>t)</strong></span> <span class='ocrx_word' id='word_1_426' title='bbox 400 4647 469 4699; x_wconf 83' lang='lat' dir='ltr'><strong>dicta</strong></span> <span class='ocrx_word' id='word_1_427' title='bbox 485 4646 510 4699; x_wconf 83' lang='lat'><strong>3.</strong></span> <span class='ocrx_word' id='word_1_428' title='bbox 589 4645 617 4712; x_wconf 92' lang='grc' dir='ltr'><strong>ιι)</strong></span> <span class='ocrx_word' id='word_1_429' title='bbox 635 4648 750 4716; x_wconf 86' lang='lat' dir='ltr'><strong>predicta</strong></span> <span class='ocrx_word' id='word_1_430' title='bbox 766 4664 892 4714; x_wconf 79' lang='lat' dir='ltr'><strong>mpcrrcr.</strong></span> <span class='ocrx_word' id='word_1_431' title='bbox 911 4664 981 4699; x_wconf 82' lang='lat' dir='ltr'><strong>mon.</strong></span> <span class='ocrx_word' id='word_1_432' title='bbox 999 4649 1044 4698; x_wconf 80' lang='lat' dir='ltr'><strong>ott</strong></span> <span class='ocrx_word' id='word_1_433' title='bbox 1062 4663 1141 4714; x_wconf 85' lang='lat' dir='ltr'><strong>snpra</strong></span> <span class='ocrx_word' id='word_1_434' title='bbox 1158 4652 1298 4698; x_wconf 82' lang='lat' dir='ltr'><strong>memorata</strong></span> <span class='ocrx_word' id='word_1_435' title='bbox 1314 4642 1341 4696; x_wconf 76' lang='grc'>4.</span> <span class='ocrx_word' id='word_1_436' title='bbox 1421 4643 1449 4708; x_wconf 86' lang='lat' dir='ltr'><strong>v)</strong></span> <span class='ocrx_word' id='word_1_437' title='bbox 1467 4643 1574 4711; x_wconf 79' lang='lat' dir='ltr'><strong>prandia</strong></span> <span class='ocrx_word' id='word_1_438' title='bbox 1591 4640 1616 4694; x_wconf 80' lang='lat'><strong>4.</strong></span> <span class='ocrx_word' id='word_1_439' title='bbox 1635 4641 1658 4693; x_wconf 87' lang='grc'>5.</span> <span class='ocrx_word' id='word_1_440' title='bbox 1729 4641 1764 4706; x_wconf 84' lang='grc' dir='ltr'><strong>ιι)</strong></span> <span class='ocrx_word' id='word_1_441' title='bbox 1781 4659 1795 4694; x_wconf 83' lang='lat' dir='ltr'><strong>s</strong></span> <span class='ocrx_word' id='word_1_442' title='bbox 1812 4659 1879 4693; x_wconf 77' lang='lat' dir='ltr'><strong>corr.</strong></span> 
     </span>
     <span class='ocr_line' id='line_1_41' title="bbox 199 4727 1879 4802; baseline -0.004 -18"><span class='ocrx_word' id='word_1_443' title='bbox 199 4752 225 4792; x_wconf 79' lang='lat' dir='ltr'><strong>tc</strong></span> <span class='ocrx_word' id='word_1_444' title='bbox 258 4751 328 4785; x_wconf 82' lang='lat' dir='ltr'><strong>mon.</strong></span> <span class='ocrx_word' id='word_1_445' title='bbox 347 4733 391 4784; x_wconf 76' lang='grc' dir='ltr'><strong>ιιι</strong></span> <span class='ocrx_word' id='word_1_446' title='bbox 410 4732 436 4784; x_wconf 92' lang='grc'>4.</span> <span class='ocrx_word' id='word_1_447' title='bbox 523 4731 551 4802; x_wconf 87' lang='grc' dir='ltr'><strong>ιι)</strong></span> <span class='ocrx_word' id='word_1_448' title='bbox 571 4735 695 4786; x_wconf 85' lang='lat' dir='ltr'><strong>inluviem</strong></span> <span class='ocrx_word' id='word_1_449' title='bbox 713 4734 742 4798; x_wconf 77' lang='lat'><strong>13</strong></span> <span class='ocrx_word' id='word_1_450' title='bbox 761 4735 898 4802; x_wconf 86' lang='lat' dir='ltr'><strong>congluvie</strong></span> <span class='ocrx_word' id='word_1_451' title='bbox 916 4733 940 4786; x_wconf 98' lang='grc'>5.</span> <span class='ocrx_word' id='word_1_452' title='bbox 1027 4734 1056 4801; x_wconf 87' lang='lat' dir='ltr'><strong>y)</strong></span> <span class='ocrx_word' id='word_1_453' title='bbox 1075 4751 1142 4787; x_wconf 82' lang='lat' dir='ltr'><strong>corr.</strong></span> <span class='ocrx_word' id='word_1_454' title='bbox 1161 4750 1231 4784; x_wconf 84' lang='lat' dir='ltr'><strong>man.</strong></span> <span class='ocrx_word' id='word_1_455' title='bbox 1250 4732 1296 4784; x_wconf 81' lang='lat' dir='ltr'><strong>alt.</strong></span> <span class='ocrx_word' id='word_1_456' title='bbox 1314 4731 1472 4796; x_wconf 80' lang='lat' dir='ltr'><strong>digestorum</strong></span> <span class='ocrx_word' id='word_1_457' title='bbox 1489 4727 1514 4782; x_wconf 87' lang='grc'>5.</span> <span class='ocrx_word' id='word_1_458' title='bbox 1594 4730 1618 4789; x_wconf 89' lang='grc' dir='ltr'><strong>ιι)</strong></span> <span class='ocrx_word' id='word_1_459' title='bbox 1636 4729 1793 4782; x_wconf 79' lang='grc' dir='ltr'>ιιιιιιίιιίιιιὶ</span> <span class='ocrx_word' id='word_1_460' title='bbox 1811 4745 1879 4796; x_wconf 86' lang='lat' dir='ltr'><strong>corp.</strong></span> 
     </span>
     <span class='ocr_line' id='line_1_42' title="bbox 258 4812 1879 4887; baseline -0.004 -15"><span class='ocrx_word' id='word_1_461' title='bbox 258 4827 284 4872; x_wconf 89' lang='lat' dir='ltr'><strong>et</strong></span> <span class='ocrx_word' id='word_1_462' title='bbox 300 4837 371 4887; x_wconf 83' lang='lat' dir='ltr'><strong>sang.</strong></span> <span class='ocrx_word' id='word_1_463' title='bbox 391 4817 415 4871; x_wconf 86' lang='grc'>3.</span> <span class='ocrx_word' id='word_1_464' title='bbox 514 4819 540 4885; x_wconf 88' lang='grc' dir='ltr'><strong>ι)</strong></span> <span class='ocrx_word' id='word_1_465' title='bbox 559 4822 648 4872; x_wconf 90' lang='lat' dir='ltr'><strong>ieiunii</strong></span> <span class='ocrx_word' id='word_1_466' title='bbox 665 4820 690 4873; x_wconf 84' lang='lat'><strong>5.</strong></span> <span class='ocrx_word' id='word_1_467' title='bbox 788 4820 815 4881; x_wconf 89' lang='lat' dir='ltr'><strong>b)</strong></span> <span class='ocrx_word' id='word_1_468' title='bbox 834 4822 933 4872; x_wconf 86' lang='lat' dir='ltr'><strong>animae</strong></span> <span class='ocrx_word' id='word_1_469' title='bbox 952 4819 977 4873; x_wconf 87' lang='grc'>4.</span> <span class='ocrx_word' id='word_1_470' title='bbox 1075 4820 1100 4884; x_wconf 94' lang='lat' dir='ltr'><strong>c)</strong></span> <span class='ocrx_word' id='word_1_471' title='bbox 1118 4819 1347 4881; x_wconf 73' lang='lat' dir='ltr'><strong>sanctificandum,</strong></span> <span class='ocrx_word' id='word_1_472' title='bbox 1365 4835 1414 4868; x_wconf 83' lang='lat' dir='ltr'><strong>orn.</strong></span> <span class='ocrx_word' id='word_1_473' title='bbox 1432 4818 1520 4879; x_wconf 79' lang='lat' dir='ltr'><strong>vitam,</strong></span> <span class='ocrx_word' id='word_1_474' title='bbox 1537 4812 1562 4867; x_wconf 83' lang='lat'><strong>4.</strong></span> <span class='ocrx_word' id='word_1_475' title='bbox 1580 4814 1604 4867; x_wconf 87' lang='grc'>5.</span> <span class='ocrx_word' id='word_1_476' title='bbox 1705 4813 1734 4880; x_wconf 83' lang='grc' dir='ltr'><strong>ιι)</strong></span> <span class='ocrx_word' id='word_1_477' title='bbox 1752 4831 1879 4880; x_wconf 81' lang='lat' dir='ltr'><strong>raperrcr.</strong></span> 
     </span>
     <span class='ocr_line' id='line_1_43' title="bbox 257 4902 1881 4972; baseline -0.003 -14"><span class='ocrx_word' id='word_1_478' title='bbox 257 4924 327 4958; x_wconf 84' lang='lat' dir='ltr'><strong>mon.</strong></span> <span class='ocrx_word' id='word_1_479' title='bbox 341 4907 385 4958; x_wconf 81' lang='lat' dir='ltr'><strong>alt</strong></span> <span class='ocrx_word' id='word_1_480' title='bbox 399 4904 425 4958; x_wconf 80' lang='lat'><strong>4.</strong></span> <span class='ocrx_word' id='word_1_481' title='bbox 494 4905 519 4968; x_wconf 88' lang='lat' dir='ltr'><strong>e)</strong></span> <span class='ocrx_word' id='word_1_482' title='bbox 538 4909 598 4958; x_wconf 86' lang='lat' dir='ltr'><strong>XX.</strong></span> <span class='ocrx_word' id='word_1_483' title='bbox 616 4905 646 4971; x_wconf 87' lang='lat'><strong>3;</strong></span> <span class='ocrx_word' id='word_1_484' title='bbox 664 4910 704 4958; x_wconf 90' lang='lat' dir='ltr'><strong>De</strong></span> <span class='ocrx_word' id='word_1_485' title='bbox 721 4925 752 4959; x_wconf 92' lang='lat' dir='ltr'><strong>eo</strong></span> <span class='ocrx_word' id='word_1_486' title='bbox 769 4907 838 4972; x_wconf 90' lang='lat' dir='ltr'><strong>quod</strong></span> <span class='ocrx_word' id='word_1_487' title='bbox 856 4907 901 4959; x_wconf 81' lang='lat' dir='ltr'><strong>alii</strong></span> <span class='ocrx_word' id='word_1_488' title='bbox 919 4908 1010 4971; x_wconf 82' lang='grc' dir='ltr'>ιιιιιιιι,</span> <span class='ocrx_word' id='word_1_489' title='bbox 1028 4907 1073 4958; x_wconf 86' lang='lat' dir='ltr'><strong>alii</strong></span> <span class='ocrx_word' id='word_1_490' title='bbox 1091 4907 1214 4969; x_wconf 86' lang='lat' dir='ltr'><strong>crebrius,</strong></span> <span class='ocrx_word' id='word_1_491' title='bbox 1232 4905 1278 4956; x_wconf 83' lang='lat' dir='ltr'><strong>alii</strong></span> <span class='ocrx_word' id='word_1_492' title='bbox 1297 4904 1389 4958; x_wconf 89' lang='lat' dir='ltr'><strong>cotidie</strong></span> <span class='ocrx_word' id='word_1_493' title='bbox 1400 4902 1643 4956; x_wconf 84' lang='lat' dir='ltr'><strong>communicandum</strong></span> <span class='ocrx_word' id='word_1_494' title='bbox 1655 4903 1753 4954; x_wconf 86' lang='lat' dir='ltr'><strong>dicunt.</strong></span> <span class='ocrx_word' id='word_1_495' title='bbox 1772 4902 1881 4953; x_wconf 87' lang='lat' dir='ltr'><strong>Videtur</strong></span> 
     </span>
     <span class='ocr_line' id='line_1_44' title="bbox 258 4986 1880 5061; baseline -0.003 -17"><span class='ocrx_word' id='word_1_496' title='bbox 258 4994 332 5045; x_wconf 90' lang='lat' dir='ltr'><strong>nobis</strong></span> <span class='ocrx_word' id='word_1_497' title='bbox 350 4994 465 5044; x_wconf 87' lang='lat' dir='ltr'><strong>subnect.</strong></span> <span class='ocrx_word' id='word_1_498' title='bbox 485 4990 514 5053; x_wconf 78' lang='lat'><strong>7;</strong></span> <span class='ocrx_word' id='word_1_499' title='bbox 537 4994 631 5044; x_wconf 79' lang='lat' dir='ltr'>XXVI.</span> <span class='ocrx_word' id='word_1_500' title='bbox 650 4994 757 5046; x_wconf 87' lang='lat' dir='ltr'><strong>Videtur</strong></span> <span class='ocrx_word' id='word_1_501' title='bbox 774 4994 849 5045; x_wconf 88' lang='lat' dir='ltr'><strong>nobis</strong></span> <span class='ocrx_word' id='word_1_502' title='bbox 875 4993 932 5056; x_wconf 85' lang='lat' dir='ltr'><strong>(om.</strong></span> <span class='ocrx_word' id='word_1_503' title='bbox 951 4991 979 5061; x_wconf 89' lang='grc'><strong>6)</strong></span> <span class='ocrx_word' id='word_1_504' title='bbox 996 4991 1021 5045; x_wconf 89' lang='grc'><strong>6.</strong></span> <span class='ocrx_word' id='word_1_505' title='bbox 1039 4991 1065 5044; x_wconf 90' lang='grc'><strong>8.</strong></span> <span class='ocrx_word' id='word_1_506' title='bbox 1165 4993 1191 5056; x_wconf 84' lang='grc' dir='ltr'><strong>ι)</strong></span> <span class='ocrx_word' id='word_1_507' title='bbox 1209 4991 1321 5056; x_wconf 76' lang='lat' dir='ltr'><strong>cottidie,</strong></span> <span class='ocrx_word' id='word_1_508' title='bbox 1341 5008 1389 5042; x_wconf 87' lang='lat' dir='ltr'><strong>cru.</strong></span> <span class='ocrx_word' id='word_1_509' title='bbox 1406 4990 1448 5052; x_wconf 88' lang='lat' dir='ltr'><strong>ed,</strong></span> <span class='ocrx_word' id='word_1_510' title='bbox 1465 4987 1489 5039; x_wconf 81' lang='lat'><strong>8.</strong></span> <span class='ocrx_word' id='word_1_511' title='bbox 1589 4986 1617 5055; x_wconf 84' lang='lat' dir='ltr'><strong>g)</strong></span> <span class='ocrx_word' id='word_1_512' title='bbox 1636 4989 1724 5040; x_wconf 86' lang='lat' dir='ltr'><strong>venire</strong></span> <span class='ocrx_word' id='word_1_513' title='bbox 1742 4988 1880 5040; x_wconf 80' lang='lat' dir='ltr'><strong>debeamus</strong></span> 
     </span>
     <span class='ocr_line' id='line_1_45' title="bbox 260 5071 1881 5145; baseline -0.006 -13"><span class='ocrx_word' id='word_1_514' title='bbox 260 5080 393 5142; x_wconf 87' lang='lat' dir='ltr'><strong>(debemus</strong></span> <span class='ocrx_word' id='word_1_515' title='bbox 412 5077 447 5144; x_wconf 91' lang='grc'><strong>6).</strong></span> <span class='ocrx_word' id='word_1_516' title='bbox 476 5080 604 5142; x_wconf 84' lang='lat' dir='ltr'><strong>Quoniam</strong></span> <span class='ocrx_word' id='word_1_517' title='bbox 622 5076 699 5130; x_wconf 89' lang='grc'><strong>6-8.</strong></span> <span class='ocrx_word' id='word_1_518' title='bbox 791 5076 820 5145; x_wconf 89' lang='grc' dir='ltr'><strong>ιι)</strong></span> <span class='ocrx_word' id='word_1_519' title='bbox 838 5080 1036 5132; x_wconf 85' lang='lat' dir='ltr'><strong>ministeriorum</strong></span> <span class='ocrx_word' id='word_1_520' title='bbox 1054 5076 1122 5140; x_wconf 83' lang='grc'>3.4;</span> <span class='ocrx_word' id='word_1_521' title='bbox 1140 5095 1153 5130; x_wconf 83' lang='lat' dir='ltr'><strong>e</strong></span> <span class='ocrx_word' id='word_1_522' title='bbox 1171 5078 1350 5143; x_wconf 87' lang='lat' dir='ltr'><strong>mysteriorum</strong></span> <span class='ocrx_word' id='word_1_523' title='bbox 1369 5094 1436 5129; x_wconf 79' lang='lat' dir='ltr'><strong>corr.</strong></span> <span class='ocrx_word' id='word_1_524' title='bbox 1454 5092 1524 5127; x_wconf 83' lang='lat' dir='ltr'><strong>mon.</strong></span> <span class='ocrx_word' id='word_1_525' title='bbox 1544 5075 1589 5127; x_wconf 84' lang='lat' dir='ltr'><strong>ott.</strong></span> <span class='ocrx_word' id='word_1_526' title='bbox 1607 5072 1632 5125; x_wconf 87' lang='grc'>4.</span> <span class='ocrx_word' id='word_1_527' title='bbox 1718 5072 1738 5137; x_wconf 90' lang='lat' dir='ltr'><strong>i)</strong></span> <span class='ocrx_word' id='word_1_528' title='bbox 1761 5074 1839 5125; x_wconf 87' lang='lat' dir='ltr'><strong>huius</strong></span> <span class='ocrx_word' id='word_1_529' title='bbox 1856 5071 1881 5122; x_wconf 81' lang='grc'>7.</span> 
     </span>
     <span class='ocr_line' id='line_1_46' title="bbox 207 5155 1881 5233; baseline -0.006 -15"><span class='ocrx_word' id='word_1_530' title='bbox 207 5179 232 5219; x_wconf 76' lang='grc' dir='ltr'><strong>ιι</strong></span> <span class='ocrx_word' id='word_1_531' title='bbox 259 5165 288 5230; x_wconf 81' lang='lat' dir='ltr'><strong>k)</strong></span> <span class='ocrx_word' id='word_1_532' title='bbox 306 5166 459 5233; x_wconf 85' lang='lat' dir='ltr'><strong>colligamus</strong></span> <span class='ocrx_word' id='word_1_533' title='bbox 476 5164 501 5217; x_wconf 88' lang='grc'>6.</span> <span class='ocrx_word' id='word_1_534' title='bbox 518 5162 544 5216; x_wconf 86' lang='grc'>8.</span> <span class='ocrx_word' id='word_1_535' title='bbox 636 5165 656 5228; x_wconf 88' lang='grc'><strong>1)</strong></span> <span class='ocrx_word' id='word_1_536' title='bbox 675 5166 869 5217; x_wconf 87' lang='lat' dir='ltr'><strong>collectionibus</strong></span> <span class='ocrx_word' id='word_1_537' title='bbox 886 5162 911 5216; x_wconf 82' lang='lat'><strong>4.</strong></span> <span class='ocrx_word' id='word_1_538' title='bbox 930 5163 954 5214; x_wconf 86' lang='grc'>5.</span> <span class='ocrx_word' id='word_1_539' title='bbox 1049 5162 1085 5230; x_wconf 90' lang='lat' dir='ltr'><strong>m)</strong></span> <span class='ocrx_word' id='word_1_540' title='bbox 1103 5181 1170 5216; x_wconf 80' lang='lat' dir='ltr'><strong>corr.</strong></span> <span class='ocrx_word' id='word_1_541' title='bbox 1188 5179 1258 5214; x_wconf 81' lang='lat' dir='ltr'><strong>mon.</strong></span> <span class='ocrx_word' id='word_1_542' title='bbox 1278 5163 1323 5214; x_wconf 80' lang='lat' dir='ltr'><strong>alt.</strong></span> <span class='ocrx_word' id='word_1_543' title='bbox 1341 5163 1476 5214; x_wconf 87' lang='lat' dir='ltr'><strong>didicimus</strong></span> <span class='ocrx_word' id='word_1_544' title='bbox 1494 5159 1518 5212; x_wconf 91' lang='grc'>5.</span> <span class='ocrx_word' id='word_1_545' title='bbox 1615 5158 1643 5222; x_wconf 93' lang='lat' dir='ltr'><strong>n)</strong></span> <span class='ocrx_word' id='word_1_546' title='bbox 1661 5165 1796 5225; x_wconf 86' lang='lat' dir='ltr'><strong>pergerent</strong></span> <span class='ocrx_word' id='word_1_547' title='bbox 1812 5155 1837 5209; x_wconf 90' lang='grc'>4.</span> <span class='ocrx_word' id='word_1_548' title='bbox 1856 5157 1881 5221; x_wconf 84' lang='grc'><strong>5,</strong></span> 
     </span>
     <span class='ocr_line' id='line_1_47' title="bbox 259 5241 1881 5320; baseline -0.005 -16"><span class='ocrx_word' id='word_1_549' title='bbox 259 5269 326 5305; x_wconf 83' lang='lat' dir='ltr'><strong>corr.</strong></span> <span class='ocrx_word' id='word_1_550' title='bbox 343 5269 414 5303; x_wconf 77' lang='lat' dir='ltr'><strong>mnas.</strong></span> <span class='ocrx_word' id='word_1_551' title='bbox 432 5253 477 5302; x_wconf 81' lang='lat' dir='ltr'><strong>alt.</strong></span> <span class='ocrx_word' id='word_1_552' title='bbox 496 5252 671 5320; x_wconf 86' lang='lat' dir='ltr'><strong>pertingerent</strong></span> <span class='ocrx_word' id='word_1_553' title='bbox 688 5249 711 5304; x_wconf 86' lang='grc'>4.</span> <span class='ocrx_word' id='word_1_554' title='bbox 791 5251 816 5316; x_wconf 89' lang='lat' dir='ltr'><strong>o)</strong></span> <span class='ocrx_word' id='word_1_555' title='bbox 833 5253 941 5303; x_wconf 89' lang='lat' dir='ltr'><strong>iteratur</strong></span> <span class='ocrx_word' id='word_1_556' title='bbox 958 5247 983 5301; x_wconf 87' lang='grc'><strong>6.</strong></span> <span class='ocrx_word' id='word_1_557' title='bbox 1052 5247 1079 5317; x_wconf 85' lang='lat' dir='ltr'><strong>p)</strong></span> <span class='ocrx_word' id='word_1_558' title='bbox 1098 5251 1192 5300; x_wconf 83' lang='lat' dir='ltr'><strong>ieiunia</strong></span> <span class='ocrx_word' id='word_1_559' title='bbox 1210 5247 1235 5300; x_wconf 95' lang='grc'>6.</span> <span class='ocrx_word' id='word_1_560' title='bbox 1254 5247 1279 5298; x_wconf 80' lang='grc' dir='ltr'><strong>ι.</strong></span> <span class='ocrx_word' id='word_1_561' title='bbox 1349 5247 1376 5313; x_wconf 82' lang='lat' dir='ltr'><strong>q)</strong></span> <span class='ocrx_word' id='word_1_562' title='bbox 1394 5248 1514 5310; x_wconf 81' lang='lat' dir='ltr'><strong>solebant</strong></span> <span class='ocrx_word' id='word_1_563' title='bbox 1531 5244 1556 5296; x_wconf 81' lang='grc'>7.</span> <span class='ocrx_word' id='word_1_564' title='bbox 1626 5241 1650 5311; x_wconf 87' lang='grc' dir='ltr'><strong>ι)</strong></span> <span class='ocrx_word' id='word_1_565' title='bbox 1663 5244 1847 5296; x_wconf 79' lang='lat' dir='ltr'><strong>observationis</strong></span> <span class='ocrx_word' id='word_1_566' title='bbox 1855 5241 1881 5296; x_wconf 81' lang='grc'>3.</span> 
     </span>
     <span class='ocr_line' id='line_1_48' title="bbox 259 5327 1881 5405; baseline -0.006 -14"><span class='ocrx_word' id='word_1_567' title='bbox 259 5336 283 5405; x_wconf 90' lang='grc' dir='ltr'><strong>ι)</strong></span> <span class='ocrx_word' id='word_1_568' title='bbox 301 5337 489 5402; x_wconf 63' lang='lat' dir='ltr'><strong>delectasti),</strong></span> <span class='ocrx_word' id='word_1_569' title='bbox 508 5356 575 5390; x_wconf 81' lang='lat' dir='ltr'><strong>corr.</strong></span> <span class='ocrx_word' id='word_1_570' title='bbox 587 5355 656 5390; x_wconf 80' lang='lat' dir='ltr'><strong>mara</strong></span> <span class='ocrx_word' id='word_1_571' title='bbox 670 5339 714 5390; x_wconf 84' lang='lat' dir='ltr'><strong>alt</strong></span> <span class='ocrx_word' id='word_1_572' title='bbox 733 5340 862 5391; x_wconf 81' lang='lat' dir='ltr'><strong>defecatos</strong></span> <span class='ocrx_word' id='word_1_573' title='bbox 878 5336 909 5402; x_wconf 77' lang='lat'><strong>43</strong></span> <span class='ocrx_word' id='word_1_574' title='bbox 928 5337 1040 5390; x_wconf 76' lang='lat' dir='ltr'><strong>defessos</strong></span> <span class='ocrx_word' id='word_1_575' title='bbox 1058 5353 1160 5404; x_wconf 87' lang='lat' dir='ltr'><strong>quoque</strong></span> <span class='ocrx_word' id='word_1_576' title='bbox 1173 5333 1197 5387; x_wconf 82' lang='lat'><strong>7.</strong></span> <span class='ocrx_word' id='word_1_577' title='bbox 1267 5335 1289 5400; x_wconf 90' lang='lat' dir='ltr'><strong>t)</strong></span> <span class='ocrx_word' id='word_1_578' title='bbox 1307 5335 1399 5386; x_wconf 72' lang='lat' dir='ltr'><strong>ritimis</strong></span> <span class='ocrx_word' id='word_1_579' title='bbox 1411 5331 1440 5398; x_wconf 79' lang='lat'><strong>33</strong></span> <span class='ocrx_word' id='word_1_580' title='bbox 1458 5333 1552 5385; x_wconf 84' lang='lat' dir='ltr'><strong>annuis</strong></span> <span class='ocrx_word' id='word_1_581' title='bbox 1570 5330 1600 5395; x_wconf 74' lang='grc' dir='ltr'><strong>ἰς</strong></span> <span class='ocrx_word' id='word_1_582' title='bbox 1618 5331 1721 5383; x_wconf 85' lang='lat' dir='ltr'><strong>animus</strong></span> <span class='ocrx_word' id='word_1_583' title='bbox 1733 5331 1757 5384; x_wconf 94' lang='grc'>5.</span> <span class='ocrx_word' id='word_1_584' title='bbox 1769 5327 1795 5396; x_wconf 82' lang='grc'><strong>8,</strong></span> <span class='ocrx_word' id='word_1_585' title='bbox 1813 5347 1881 5382; x_wconf 83' lang='lat' dir='ltr'><strong>corr.</strong></span> 
     </span>
     <span class='ocr_line' id='line_1_49' title="bbox 258 5422 854 5489; baseline -0.002 -14"><span class='ocrx_word' id='word_1_586' title='bbox 258 5442 328 5476; x_wconf 81' lang='lat' dir='ltr'><strong>man.</strong></span> <span class='ocrx_word' id='word_1_587' title='bbox 347 5425 391 5476; x_wconf 83' lang='lat' dir='ltr'><strong>alt</strong></span> <span class='ocrx_word' id='word_1_588' title='bbox 410 5425 504 5477; x_wconf 84' lang='lat' dir='ltr'><strong>animis</strong></span> <span class='ocrx_word' id='word_1_589' title='bbox 521 5425 546 5478; x_wconf 92' lang='grc'>5.</span> <span class='ocrx_word' id='word_1_590' title='bbox 633 5424 661 5489; x_wconf 90' lang='lat' dir='ltr'><strong>u)</strong></span> <span class='ocrx_word' id='word_1_591' title='bbox 682 5426 774 5478; x_wconf 87' lang='lat' dir='ltr'><strong>iterare</strong></span> <span class='ocrx_word' id='word_1_592' title='bbox 792 5423 817 5477; x_wconf 94' lang='grc'>6.</span> <span class='ocrx_word' id='word_1_593' title='bbox 830 5422 854 5475; x_wconf 76' lang='lat' dir='ltr'><strong>l.</strong></span> 
     </span>
    </p>
   </div>
   <div class='ocr_carea' id='block_1_4' title="bbox 209 5588 1883 5774">
    <p class='ocr_par' dir='ltr' id='par_1_4' title="bbox 209 5588 1883 5774">
     <span class='ocr_line' id='line_1_50' title="bbox 363 5588 1883 5662; baseline -0.007 -12"><span class='ocrx_word' id='word_1_594' title='bbox 363 5596 407 5662; x_wconf 87' lang='grc'><strong>90)</strong></span> <span class='ocrx_word' id='word_1_595' title='bbox 430 5594 486 5661; x_wconf 74' lang='lat' dir='ltr'><strong>Ost.</strong></span> <span class='ocrx_word' id='word_1_596' title='bbox 507 5595 585 5648; x_wconf 78' lang='lat' dir='ltr'><strong>Gonc.</strong></span> <span class='ocrx_word' id='word_1_597' title='bbox 604 5595 718 5649; x_wconf 84' lang='lat' dir='ltr'><strong>Brocar.</strong></span> <span class='ocrx_word' id='word_1_598' title='bbox 736 5593 773 5647; x_wconf 86' lang='lat'><strong>11</strong></span> <span class='ocrx_word' id='word_1_599' title='bbox 787 5593 825 5658; x_wconf 85' lang='lat' dir='ltr'><strong>(a.</strong></span> <span class='ocrx_word' id='word_1_600' title='bbox 844 5595 915 5662; x_wconf 84' lang='grc'>663),</span> <span class='ocrx_word' id='word_1_601' title='bbox 932 5609 953 5648; x_wconf 90' lang='lat' dir='ltr'><strong>c.</strong></span> <span class='ocrx_word' id='word_1_602' title='bbox 968 5594 1009 5659; x_wconf 89' lang='grc'><strong>16,</strong></span> <span class='ocrx_word' id='word_1_603' title='bbox 1029 5592 1124 5646; x_wconf 67' lang='lat' dir='ltr'><strong>naret</strong></span> <span class='ocrx_word' id='word_1_604' title='bbox 1142 5591 1198 5658; x_wconf 84' lang='lat' dir='ltr'><strong>IX,</strong></span> <span class='ocrx_word' id='word_1_605' title='bbox 1222 5591 1269 5646; x_wconf 75' lang='lat' dir='ltr'><strong>col.</strong></span> <span class='ocrx_word' id='word_1_606' title='bbox 1289 5591 1347 5646; x_wconf 78' lang='lat' dir='ltr'><strong>rte.</strong></span> <span class='ocrx_word' id='word_1_607' title='bbox 1447 5590 1490 5657; x_wconf 85' lang='grc'><strong>91)</strong></span> <span class='ocrx_word' id='word_1_608' title='bbox 1510 5588 1566 5655; x_wconf 72' lang='lat' dir='ltr'><strong>Ost.</strong></span> <span class='ocrx_word' id='word_1_609' title='bbox 1594 5591 1616 5643; x_wconf 92' lang='lat' dir='ltr'><strong>l.</strong></span> <span class='ocrx_word' id='word_1_610' title='bbox 1636 5588 1755 5642; x_wconf 78' lang='lat' dir='ltr'><strong>Goriatlr.</strong></span> <span class='ocrx_word' id='word_1_611' title='bbox 1776 5589 1816 5654; x_wconf 88' lang='lat'><strong>11,</strong></span> <span class='ocrx_word' id='word_1_612' title='bbox 1835 5589 1883 5654; x_wconf 75' lang='lat'><strong>29,-</strong></span> 
     </span>
     <span class='ocr_line' id='line_1_51' title="bbox 209 5693 1328 5774; baseline -0.002 -22"><span class='ocrx_word' id='word_1_613' title='bbox 209 5723 234 5762; x_wconf 67' lang='grc' dir='ltr'><strong>ιο</strong></span> <span class='ocrx_word' id='word_1_614' title='bbox 260 5696 619 5774; x_wconf 71' lang='lat' dir='ltr'><strong>scaprap.491,lin.4.b.</strong></span> <span class='ocrx_word' id='word_1_615' title='bbox 706 5696 751 5765; x_wconf 76' lang='grc' dir='ltr'><strong>ιι)</strong></span> <span class='ocrx_word' id='word_1_616' title='bbox 771 5698 795 5750; x_wconf 90' lang='grc'>1.</span> <span class='ocrx_word' id='word_1_617' title='bbox 815 5694 934 5752; x_wconf 71' lang='lat' dir='ltr'><strong>Cariath.</strong></span> <span class='ocrx_word' id='word_1_618' title='bbox 954 5697 994 5764; x_wconf 78' lang='lat'><strong>14,</strong></span> <span class='ocrx_word' id='word_1_619' title='bbox 1011 5695 1054 5751; x_wconf 80' lang='lat'><strong>40.</strong></span> <span class='ocrx_word' id='word_1_620' title='bbox 1140 5693 1267 5764; x_wconf 80' lang='lat' dir='ltr'><strong>93)Oop.</strong></span> <span class='ocrx_word' id='word_1_621' title='bbox 1288 5695 1328 5750; x_wconf 85' lang='lat'><strong>11.</strong></span> 
     </span>
    </p>
   </div>
   <div class='ocr_carea' id='block_1_5' title="bbox 0 0 2295 6420">
    <p class='ocr_par' dir='ltr' id='par_1_5' title="bbox 0 0 2295 6420">
     <span class='ocr_line' id='line_1_52' title="bbox 0 0 2295 6420; baseline 0 0"><span class='ocrx_word' id='word_1_622' title='bbox 0 0 2295 6420; x_wconf 95' lang='lat' dir='ltr'><strong> </strong></span> 
     </span>
    </p>
   </div>
  </div>
 </body>
</html>
