4568 6420
403 433 462 492 504
616 427 859 482 WALAFltlllUS
881 428 924 482 llll
944 427 1112 482 EXORDllS
1132 428 1176 481 ET
1197 427 1445 482 INGREMENTIS
1464 427 1545 481 auu.
1565 427 1660 482 ECCL.
1680 429 1753 483 c.2b.
1767 428 1808 481 26.

403 599 535 678 bantur,
566 622 651 665 nuuc
676 623 693 666 e
718 610 847 666 contra⁰
876 603 975 686 lignei
1006 603 1193 667 sacerdotes
1223 604 1331 666 aureis
1362 608 1496 665 utuntur
1529 599 1705 664 calicibus’
1752 599 1911 664 Silvester
1941 622 2027 686 papa

402 706 569 769 constituit
601 699 842 771 ‘sarcrilioium76
876 708 987 772 altaris
1022 729 1088 771 non
1115 710 1149 771 in
1178 708 1296 785 sericO,
1326 728 1388 770 nou
1422 709 1455 770 in
1475 725 1593 790 ‚pauno
1625 705 1726 767 tincto
1758 704 1932 784 celebrari,
1965 705 2027 768 nisi

402 811 528 872 tentum
566 810 654 874 lineo
688 832 705 874 c
738 799 827 875 terre
856 817 1041 897 procreato,
1074 811 1157 875 sicut
1192 831 1310 895 corpus
1340 808 1480 873 dominis
1515 808 1590 872 lesu
1621 806 1741 870 Christi
1770 799 1858 870 sinn
1889 807 2025 871 sindone

401 910 543 975 munda'’
568 914 732 1000 sepultum
750 913 841 979 est⁸.’
877 915 997 979 Vestes
1014 916 1111 978 etiam
1136 914 1355 978 sacerdotales
1380 934 1438 998 per
1454 914 1653 977 incrementa
1677 910 1718 974 ad
1735 909 1842 988 euml,
1867 912 1921 996 qui
1939 931 2025 974 nuuc

403 1013 572 1094 habeturh,
597 1025 713 1082 auctae
738 1027 814 1082 sunt
837 1025 995 1082 ornatum.
1035 1019 1117 1082 Nam
1143 1017 1267 1104 primis¹
1292 1017 1493 1102 temporibus
1518 1016 1678 1080 communi
1703 1014 1891 1079 indumento
1915 1016 2026 1080 restiti
2067 1027 2079 1063 ⁵

402 1117 519 1182 missas
543 1120 697 1203 agebant,
722 1122 804 1186 sicut
828 1127 861 1185 et
883 1122 1042 1188 hactenus
1059 1122 1190 1207 quidam
1214 1122 1418 1186 orientalium
1438 1123 1548 1186 facere
1572 1120 1797 1205 perhibentur.
1838 1119 2026 1204 Stephanus

401 1227 511 1284 eutem
546 1214 702 1286 xxert
734 1222 839 1309 papa*
871 1227 1038 1289 constituit
1067 1217 1300 1290 ‘sacerdotesl9
1334 1231 1367 1289 et
1399 1225 1515 1288 levitas
1546 1223 1693 1288 restibus
1728 1224 1865 1287 sacratis
1897 1224 1930 1287 in
1964 1244 2027 1286 usu

404 1325 568 1389 cotidiano
591 1347 653 1391 uon
670 1328 727 1407 uti,
752 1328 814 1391 nisi
837 1328 870 1391 in
888 1326 1037 1392 ecclesia’
1054 1335 1194 1402 tantum;
1219 1334 1251 1392 et
1269 1327 1428 1392 Silvester
1451 1327 1623 1404 ordinavit,
1648 1316 1727 1389 ‘ut⁸⁰
1750 1325 1877 1390 diaconi
1902 1325 2026 1389 dalma-

406 1429 478 1492 ticis
504 1430 535 1493 iu
552 1431 692 1495 ecclesia
707 1439 879 1497 uterentur
902 1442 935 1498 ct
958 1433 1056 1520 pallio
1080 1433 1245 1496 linostimo
1264 1453 1376 1496 eorum
1394 1433 1468 1495 leva
1484 1428 1672 1515 tcgcretur.’
1709 1429 1751 1492 nt
1775 1430 1879 1514 primo
1896 1428 2026 1513 quidem

405 1531 590 1598 sacerdotes
619 1533 801 1598 dalmaticis
832 1541 908 1600 aute
940 1537 1120 1601 casularum
1152 1557 1245 1600 usum
1274 1534 1509 1610 induebantur,
1539 1541 1653 1617 postea
1677 1552 1770 1607 vcro,
1802 1553 1874 1595 cum
1905 1532 2024 1596 casulis
2055 1551 2080 1590 ro

405 1636 450 1698 uti
473 1637 672 1721 caepissent,
703 1637 893 1703 dalmaticas
927 1639 1117 1704 diaconibus
1148 1646 1391 1703 concesseruut.
1435 1637 1529 1722 lpsos
1559 1644 1668 1699 tamen
1698 1635 1872 1719 pontifices
1903 1635 1951 1698 eis
1981 1635 2027 1697 uti

404 1736 525 1802 debere
543 1759 583 1802 ex
601 1761 639 1804 eo
665 1741 787 1804 clarum
805 1749 865 1820 est,
891 1743 976 1827 quod
995 1741 1174 1828 Gregorius
1197 1744 1248 1807 vel
1274 1744 1327 1807 alii
1344 1742 1565 1806 Romanorum
1589 1739 1759 1824 praesules
1776 1739 1847 1802 aliis
1869 1739 2027 1824 episcopis

404 1861 514 1904 aarum
539 1863 634 1906 usum
659 1845 888 1929 permiserunt,
913 1846 986 1910 aliis
1002 1846 1252 1923 interdixerunt,
1276 1845 1332 1909 ubi
1355 1845 1556 1928 intellegitur
1579 1864 1644 1907 uon
1660 1842 1808 1906 omnibus
1832 1849 1909 1906 tuuc
1927 1841 2028 1906 fuisse

404 1964 612 2023 concessum,
637 1947 724 2032 quod
748 1969 832 2012 nunc
855 1969 959 2034 paene
991 1969 1103 2013 ornnes
1128 1950 1271 2035 episcopi
1302 1955 1335 2014 et
1363 1947 1510 2012 nonnulli
1541 1946 1807 2031 presbyterorum
1837 1945 1897 2010 sibi
1927 1946 2026 2009 licere

406 2048 605 2128 existimant,
629 2050 660 2113 id
684 2059 792 2115 estut
816 2052 876 2117 sub
909 2054 1023 2117 casula
1046 2052 1220 2116 dalmatico
1244 2052 1433 2140 sestiantur.
1480 2050 1645 2115 Statutum
1678 2057 1728 2113 est
1752 2057 1861 2113 autem
1886 2047 2023 2112 concilio
2055 2066 2079 2104 ιι

404 2145 645 2228 Bracarensiffl,
676 2175 716 2219 ue
752 2155 904 2219 sacerdos
941 2157 1011 2220 siue
1044 2156 1163 2221 οιιιιίο1
1197 2156 1342 2221 celebret
1377 2157 1518 2219 missam.
1575 2154 1781 2219 Addiderunt
1814 2154 1846 2216 in
1883 2152 2029 2216 vestibus

406 2257 506 2319 sacris
531 2257 585 2319 alii
610 2258 675 2321 alia
698 2259 750 2322 vel
780 2258 820 2321 ad
843 2259 1059 2324 imitationem
1083 2281 1209 2338 eorum,
1240 2260 1358 2344 quibus
1382 2265 1513 2323 veteres
1543 2259 1719 2322 utebantur
1749 2256 1946 2334 sacerdotes,
1976 2255 2030 2318 vel

405 2357 446 2422 ad
480 2361 636 2445 mysticae
665 2361 913 2446 significationis
946 2365 1205 2448 expressionem.
1259 2363 1343 2437 Quid
1379 2363 1463 2426 euim
1500 2363 1655 2447 singulam
1690 2360 1876 2446 designent,
1910 2359 2028 2445 quibus

406 2471 512 2525 rruncn
536 2463 672 2542 utimur,
706 2464 911 2550 aptioribus
935 2466 1055 2531 nostris
1085 2468 1164 2530 satis
1190 2467 1390 2552 expolitum⁰
1415 2457 1509 2530 est⁸².
1555 2466 1700 2530 Numero
1725 2471 1835 2529 autem
1860 2484 1919 2528 suo
1944 2464 2027 2527 anti-

408 2566 478 2648 quis
495 2565 702 2651 respondent,
727 2569 812 2652 quia,
837 2569 920 2633 sicut
937 2570 982 2634 ibi
999 2571 1117 2650 tunica,
1141 2571 1416 2656 superhumeralis
1438 2570 1536 2646 linea,
1560 2569 1839 2655 superhumerale,
1856 2569 2027 2648 rationale,
2056 2587 2082 2627 ao

406 2667 566 2750 balteum,
599 2671 779 2751 feminalia,
810 2673 924 2758 thyara
955 2675 1161 2752 straminea,
1191 2676 1237 2739 sic
1270 2675 1321 2739 hic
1345 2675 1534 2752 dalmatica,
1558 2673 1648 2752 alba,
1677 2671 1846 2758 mappula,
1877 2672 2028 2750 crarium,

411 2773 586 2856 cingulum,
617 2775 775 2852 sandalia,
806 2777 918 2841 casula
946 2784 978 2842 et
1007 2779 1159 2863 pallium;
1190 2778 1288 2854 unde,
1317 2779 1401 2842 sicut
1428 2777 1555 2841 illorum
1586 2783 1732 2841 extremo
1762 2775 1821 2838 soli
1844 2773 2028 2859 pontifices,

407 2875 452 2938 sic
477 2876 630 2940 istorumr
653 2879 766 2942 ultimo
791 2881 907 2943 summi
931 2887 1056 2954 tautum
1080 2888 1246 2966 pastores·
1269 2887 1412 2945 utuntur.

516 2981 580 3043 262.
625 2980 821 3046 Praemissis
845 2984 909 3064 his,
940 2995 1044 3070 quaeu
1067 2986 1107 3049 de
1138 2985 1249 3048 ordine
1278 2985 1399 3049 missae
1423 2983 1616 3048 videbantur
1647 2982 1798 3061 dicenda,
1828 2981 1869 3046 de
1894 2980 2027 3045 canoni·

411 3103 521 3147 carum
545 3086 675 3148 statutis
699 3085 863 3165 horarum,
895 3100 998 3173 quaev
1023 3087 1180 3153 Dominus
1203 3086 1339 3164 dederit,
1368 3086 1595 3170 adiungamus.
1642 3085 1818 3152 Sciendum
1843 3092 1895 3150 est
1927 3084 2028 3147 multa
2058 3106 2083 3146 ιι

409 3193 483 3272 post
507 3189 739 3253 revelationem
765 3193 928 3276 evangelii
951 3199 1098 3278 tempora
1121 3191 1287 3272 transisse,
1311 3199 1486 3275 antequam
1515 3190 1560 3254 ita
1583 3190 1807 3255 ordinarentur
1830 3187 2032 3272 quarundam

408 3309 468 3374 per
497 3290 581 3354 diem
619 3299 651 3357 et
681 3300 810 3358 noctem
842 3295 994 3360 horarum
1030 3296 1204 3376 solemnia,
1240 3296 1334 3359 sicuti
1368 3315 1453 3358 nunc
1488 3293 1661 3358 habentur.
1716 3292 1754 3355 ln
1784 3293 1889 3357 veteri
1921 3297 2031 3354 autem

409 3399 605 3462 testamento
623 3389 797 3481 Ιιιςίιιιιιε83
821 3398 978 3482 quasdam
996 3404 1102 3463 certas
1119 3399 1276 3463 orationis
1301 3398 1398 3461 horas
1421 3405 1457 3461 ut
1478 3405 1607 3484 tempus
1631 3397 1781 3460 matutini
1794 3389 1839 3460 ¹et
1853 3393 2031 3481 vespertini

409 3497 568 3574 sacrificii,
593 3505 625 3563 et
649 3500 732 3585 quod
749 3501 893 3566 Danihel
917 3492 1070 3586 legitur⁸4
1093 3507 1143 3564 ter
1164 3502 1197 3564 in
1221 3501 1273 3565 die
1296 3521 1382 3585 genu
1405 3501 1437 3564 in
1455 3501 1628 3565 orationew
1651 3500 1795 3579 flexisse,
1819 3520 1882 3562 uon
1907 3498 2031 3584 absque

409 3600 535 3665 ratione
565 3602 684 3668 secisse
716 3604 920 3670 credendusx
948 3612 1007 3669 est.
1061 3604 1099 3666 Iu
1128 3623 1212 3667 novo
1243 3615 1392 3688 quoquey
1426 3625 1488 3668 non
1522 3609 1646 3668 tantum
1680 3602 1808 3678 orandi,
1841 3601 1899 3666 sed
1933 3603 2031 3665 etiam
2059 3621 2086 3661 ιι

409 3724 518 3788 genua
546 3703 698 3769 flectendi
729 3709 861 3792 copiosa
897 3709 1127 3793 repperiuntur
1161 3709 1329 3793 exempla:
1360 3728 1434 3772 nam
1468 3707 1616 3772 dominus
1647 3707 1742 3771 Iesus
1773 3705 1923 3771 Christus
1954 3711 2031 3768 ante

410 3808 594 3892 passionem
619 3829 709 3871 suam
734 3810 907 3895 procidens
930 3811 963 3875 iu
986 3811 1102 3874 faciem
1128 3832 1219 3874 suam
1244 3810 1391 3874 adoravit
1414 3803 1585 3896 patremssl,
1608 3817 1640 3874 et
1662 3810 1848 3896 Stephanus
1871 3799 2032 3896 ‘positis86

409 3908 557 3994 genibus’
587 3933 645 3997 pro
677 3911 896 3998 lapidantibus
928 3915 1090 3988 exoravit;
1124 3914 1164 3978 de
1193 3913 1425 3978 Bartholomeo
1463 3916 1560 3979 etiam
1598 3916 1719 4000 legitur
1755 3915 1916 4000 apostolo,
1946 3910 2032 3998 quod

410 4015 534 4079 centies
558 4016 592 4079 in
615 4016 677 4096 die,
703 4018 827 4082 centies
852 4019 883 4082 in
908 4027 1003 4083 nocte
1027 4019 1156 4082 flexerit
1171 4029 1287 4102 genu¹.
1326 4019 1480 4092 Quamvis
1505 4024 1613 4081 autem
1633 4018 1885 4102 geniculationis
1907 4037 2030 4081 morem

409 4125 497 4182 tota*
521 4127 630 4183 servet
653 4121 805 4198 ecclesia,
828 4128 938 4186 tamen
962 4124 1138 4208 praecipue
1164 4123 1237 4186 huic
1262 4123 1352 4207 operi
1377 4121 1582 4186 Scottorumb
1607 4122 1728 4186 insistit
1751 4121 1869 4196 natiob,
1893 4141 2028 4205 quorum
2057 4141 2083 4180 rs

410 4223 503 4286 multi
525 4224 683 4308 pluribus,
709 4227 800 4289 multi
824 4227 1042 4313 paucioribus,
1073 4227 1130 4291 sed
1155 4232 1264 4290 tamen
1293 4227 1390 4289 certis
1415 4225 1540 4290 vicibus
1564 4232 1597 4287 et
1620 4225 1833 4290 dinumeratis
1856 4247 1916 4311 per
1945 4224 2032 4288 diem

411 4326 463 4392 vel
486 4335 615 4391 noctem
639 4350 726 4413 genu
750 4329 922 4395 flectentes
952 4353 1016 4396 nou
1041 4332 1145 4395 solum
1168 4353 1226 4416 pro
1249 4332 1395 4416 peccatis
1419 4331 1639 4415 deplorandis,
1664 4330 1721 4394 sed
1745 4331 1842 4394 etiam
1865 4351 1924 4415 prc
1949 4331 2032 4394 coti-

411 4429 527 4495 dianae
558 4430 740 4495 devotionis
777 4434 961 4518 expletione
995 4436 1136 4499 studium
1172 4435 1256 4500 istud
1287 4436 1496 4520 frequentare
1531 4435 1690 4500 videntur.
1748 4434 1873 4508 Quibus
1905 4441 2033 4498 autern⁰

1143 4537 1153 4562 Ι

513 4604 538 4668 e)
557 4612 645 4658 contra
663 4623 715 4658 non
739 4605 813 4670 (add.
832 4625 901 4658 osca.
921 4609 979 4674 alt.)
1003 4610 1096 4675 ligneis
1113 4609 1136 4660 5.
1240 4609 1264 4675 f)
1284 4611 1363 4662 nocui
1383 4609 1444 4661 aaa.
1463 4607 1539 4674 6—8,
1563 4609 1619 4660 Lib.
1633 4609 1729 4676 pontif.
1824 4608 1852 4676 g)
1873 4608 1962 4661 Onera
1979 4609 2031 4662 dea.

409 4691 436 4740 io
454 4687 531 4742 6-8.
629 4690 657 4750 Ιι)
678 4709 708 4744 sc
731 4709 781 4757 que
803 4710 874 4745 nuno
898 4695 1025 4746 habentor
1048 4712 1112 4746 corr.
1132 4713 1202 4747 orca.
1221 4697 1266 4747 alt.
1285 4695 1309 4746 5.
1409 4695 1428 4758 i)
1447 4696 1544 4762 primus
1562 4697 1587 4748 5.
1686 4692 1715 4759 k)
1734 4711 1781 4745 ons.
1800 4691 1825 4746 3.
1924 4693 1945 4758 l)
1964 4712 2032 4747 corr.
2058 4711 2085 4750 so

410 4777 524 4828 oratioue
542 4794 611 4828 moa.
630 4777 675 4829 aa.
694 4777 718 4830 5.
789 4782 825 4842 m)
845 4781 941 4848 sigulla
958 4781 1168 4833 commeauit.
1187 4783 1293 4850 cingula
1312 4782 1336 4833 5.
1407 4783 1434 4844 ιι)
1454 4784 1551 4834 utimur
1569 4797 1639 4833 nuuc
1658 4779 1682 4831 3.
1753 4779 1778 4844 ο)
1797 4782 1942 4848 expositum
1954 4779 2030 4832 3-5.

410 4863 437 4930 p)
458 4863 573 4915 balteum
591 4862 615 4915 d.
634 4864 658 4917 5.
736 4863 765 4932 q)
783 4867 907 4919 lammina
925 4866 949 4920 2.
963 4867 987 4920 4.
1002 4867 1025 4920 5.
1105 4865 1247 4932 r)'illorum
1265 4866 1289 4921 3.
1369 4868 1391 4936 s)
1411 4870 1460 4920 hiis
1478 4868 1540 4919 aad.
1561 4868 1585 4920 5.
1661 4853 1683 4929 8)
1699 4867 1780 4918 XXV.
1798 4867 1821 4918 3.
1893 4865 1923 4930 ιι)
1942 4884 1991 4918 ons.
2009 4865 2034 4918 2.

409 4950 436 5014 v)
454 4951 522 5016 quod
540 4949 564 5002 5.
659 4949 693 5015 ιι)
712 4954 853 5004 orationem
870 4951 894 5005 4.
994 4953 1021 5022 x)
1040 4956 1194 5007 credendum
1213 4954 1237 5006 3.
1329 4953 1358 5022 y)
1377 4962 1464 5007 autem
1482 4953 1506 5004 2.
1604 4953 1628 5016 a)
1648 4969 1733 5019 genna
1751 4950 1776 5005 2.
1794 4950 1818 5003 3.
1836 4951 1860 5004 5.
1953 4952 1979 5016 ιι)
1997 4960 2036 5004 tot

409 5038 504 5090 habeat
521 5037 545 5089 5.
633 5037 662 5102 b)
681 5045 792 5090 totorum
876 5044 940 5094 ratio
959 5059 972 5094 c
989 5050 1093 5094 correct.
1112 5059 1182 5094 mco.
1201 5043 1245 5092 alt.
1265 5041 1289 5092 5.
1377 5039 1401 5106 c)
1420 5058 1479 5092 cum
1496 5057 1624 5106 superma.
1642 5056 1712 5089 man.
1731 5039 1776 5090 ott.
1795 5036 1824 5102 43
1843 5055 1893 5104 qne
1912 5037 1936 5090 5.
2015 5047 2022 5060 ·

510 5193 556 5262 76)
576 5191 635 5246 Lib.
650 5191 747 5260 pectit⁸
760 5192 784 5258 I,
798 5209 828 5260 p.
843 5193 898 5260 171,
918 5193 980 5262 §35
1063 5192 1341 5258 nemausense.
1418 5193 1461 5258 78)
1481 5191 1580 5246 Potius
1599 5190 1747 5245 XXXIII.
1818 5187 1877 5260 ’79)
1896 5189 2033 5259 Isthmon·
2059 5210 2086 5250 ιι

409 5295 694 5364 5855155824.
764 5297 809 5361 80)
828 5295 898 5350 Ihid.
908 5313 935 5364 p.
948 5297 1004 5361 171,
1024 5297 1094 5365 535.
1165 5295 1210 5363 81)
1231 5293 1307 5348 coac.
1321 5295 1548 5362 Brocar.IV(o.
1561 5297 1632 5362 675),
1650 5311 1669 5348 c.
1684 5295 1708 5361 4,
1728 5294 1824 5348 Masei
1843 5293 1896 5362 XI,
1917 5294 2034 5348 cotlbl.

408 5401 452 5468 82)
472 5399 528 5466 Gsr.
547 5399 717 5468 Amatorius,
744 5399 786 5454 Dc
808 5401 943 5455 coelceiast
961 5400 1058 5468 officiis
1083 5400 1124 5454 tib.
1145 5399 1188 5453 II.
1211 5415 1232 5452 c.
1247 5400 1370 5466 16-26,
1389 5401 1405 5454 l.
1425 5418 1446 5454 c.
1461 5417 1492 5468 p.
1507 5401 1557 5454 168
1567 5415 1635 5467 sqq.,·
1660 5398 1811 5451 Hrabcnus
1834 5398 1965 5463 Maurus,
1989 5397 2034 5451 Dc

407 5502 578 5556 aetitaticac
595 5502 747 5556 clericorum
765 5501 807 5555 lib.
827 5503 850 5570 I,
869 5519 889 5557 c.
903 5505 1011 5570 14-23,
1030 5503 1092 5556 ibid.
1110 5520 1136 5571 p.
1152 5504 1202 5557 318
1212 5519 1264 5570 sqq.
1359 5504 1403 5568 83)
1424 5502 1481 5568 Csr.
1500 5503 1588 5558 Ecca
1609 5504 1650 5568 29,
1669 5503 1717 5564 lx·
1736 5501 1821 5556 Lavit.
1840 5503 1865 5564 9,
1885 5502 1933 5567 17;
1951 5501 2033 5554 Num.

407 5607 449 5668 28,
467 5605 551 5668 823,
571 5605 670 5658 Psalm.
688 5605 743 5670 140,
762 5605 792 5668 2;
809 5604 884 5660 Dan.
903 5606 928 5670 9,
946 5606 987 5659 21.
1076 5607 1122 5674 84)
1145 5605 1201 5670 Osr.
1221 5605 1400 5668 Dcn.6,10.
1489 5606 1533 5672 85)
1556 5604 1612 5670 Ofr.
1631 5605 1701 5658 Iaso.
1719 5604 1762 5668 22,
1779 5605 1821 5658 41.
1914 5605 1958 5668 88)
1976 5603 2034 5657 Act.

408 5713 497 5776 apost.
517 5707 540 5772 7,
560 5708 601 5762 59.
2063 5721 2089 5766 so
