4634 6436
452 445 512 506 144
705 440 823 496 Puera
842 440 890 495 ET
909 439 1123 496 recucurri
1137 435 1321 496 vuuurlca
1340 439 1578 509 (BERENGARII
1596 439 1637 508 1.).
1657 471 1689 482 -
1708 440 1757 494 Νι.
1769 439 1829 496 238.

369 623 429 678 888.
449 624 574 689 veniat¹;
605 627 635 680 et
657 624 694 691 si,
716 623 792 694 quod
813 623 902 688 absit,
924 622 1033 704 aliquid
1055 625 1160 680 malum
1182 625 1258 680 inter
1281 627 1376 695 partes
1400 624 1579 680 commissum
1600 625 1694 690 fuerit,
1722 625 1873 680 secundum
1896 623 1975 693 pacti
1995 622 2079 678 huius

448 709 547 767 seriem
571 711 720 766 emendare
742 713 772 766 et
795 709 934 764 iustitiam
957 727 1123 767 conservare
1145 712 1182 766 ad
1205 711 1325 766 invicem
1348 711 1537 781 repromittat,
1560 711 1758 782 cuiuscumque
1780 711 1874 782 gentis
1897 709 1943 764 sit.

555 806 613 889 (1.)
647 815 752 880 Quodsi
782 833 914 871 excursus
941 814 971 870 in
1000 815 1102 871 finibus
1125 816 1226 872 vestris
1242 816 1426 872 Venetiamm
1456 818 1562 871 factum
1590 815 1690 880 fuerit,
1721 833 1843 886 persona
1864 814 1940 884 ipsa,
1971 832 2027 883 que
2048 814 2079 868 in

448 898 543 970 capite
561 899 646 955 fuerit
663 900 699 954 ad
718 899 835 955 eandmn
853 898 991 954 malitiam
1009 899 1175 966 faciendam,
1193 901 1268 955 infra
1285 901 1434 971 sexaginta
1447 899 1506 955 dies
1527 899 1629 970 [parcit
1646 902 1754 956 vestrae
1772 899 1909 965 tradatur,
1928 901 1958 953 et
1976 897 2078 962 omnia,

447 1003 520 1054 quae
538 985 643 1040 fuerint
660 985 765 1051 ablata,
789 985 819 1039 in
837 985 954 1055 duplum
971 985 1168 1052 restituantur;
1192 986 1292 1056 quodsi
1310 987 1402 1056 ipsum
1421 986 1537 1057 duplum
1549 977 1632 1043 vobis¹
1648 1004 1705 1042 non
1723 984 1966 1056 composuerimus,
1985 987 2036 1040 aut
2054 984 2077 1038 si
2107 997 2120 1036 a

447 1089 593 1142 personam
617 1071 709 1142 ipsam
731 1071 830 1127 vestris
854 1070 984 1126 manibus
1009 1089 1066 1128 non
1091 1072 1247 1128 dederimus
1269 1072 1344 1127 infra
1364 1073 1513 1144 sexaginta
1536 1072 1630 1143 dissq,
1654 1084 1726 1143 prou
1745 1089 1914 1142 unaquaque
1931 1083 2079 1143 persona',

448 1175 521 1228 quae
539 1157 630 1228 ipsam
647 1157 807 1213 malitiomv
824 1157 1037 1228 perpetraverit,
1057 1157 1118 1214 auri
1137 1158 1239 1215 solidos
1257 1158 1453 1229 quingentosw
1472 1173 1700 1230 componamus&

555 1245 614 1331 (2.)
649 1253 686 1311 Et
708 1256 850 1322 uolumus,
885 1256 938 1310 uty
961 1273 1057 1311 omnes
1086 1255 1213 1312 homines
1237 1259 1359 1322 vesuos,
1395 1259 1546 1326 postquam
1575 1258 1689 1326 pactum
1719 1254 1845 1311 antenus
1873 1256 1980 1310 factum
2006 1253 2079 1309 fuit¹

447 1325 637 1414 Ravenw,
670 1341 719 1412 qui
746 1342 782 1397 ad
809 1359 860 1398 nos
889 1342 1053 1413 confugium
1079 1342 1221 1409 feceruut,
1257 1343 1280 1397 si
1309 1360 1356 1398 eos
1384 1341 1511 1398 invenire
1538 1342 1728 1412 potuerimus,
1763 1343 1799 1396 ad
1821 1345 1932 1413 partem
1955 1344 2078 1397 vestram

447 1427 631 1484 restituamus
640 1430 660 1485 ¹.
2097 1433 2122 1473 ¹⁰

555 1521 617 1609 (3.)
651 1530 787 1586 Similiter
810 1531 1009 1603 repromisistis
1032 1532 1121 1601 nobis,
1145 1537 1178 1588 ut
1199 1533 1327 1589 homines
1351 1533 1528 1600 christianos,
1551 1533 1601 1604 qui
1623 1533 1706 1590 liberi
1729 1533 1794 1600 sint,
1817 1533 1852 1588 de
1874 1535 2018 1602 potestate
2034 1531 2079 1586 vel

446 1617 553 1686 regncl’
572 1614 771 1672 dominationis
795 1619 889 1672 nostre
911 1615 1032 1671 scienter
1054 1633 1111 1672 non
1136 1633 1259 1672 emamus
1282 1635 1334 1672 nec
1353 1617 1546 1674 venundemus
1569 1635 1621 1673 neo
1640 1635 1690 1688 pro
1708 1616 1837 1688 quolibet
1855 1615 1969 1686 ingenio
1987 1617 2077 1671 traus-

447 1719 596 1773 ponamus,
621 1705 653 1757 ut
672 1701 870 1773 captivitatem
889 1702 1036 1772 patiantur
1052 1706 1121 1758 suro
1140 1721 1186 1760 ecs
1205 1722 1270 1758 suus
1289 1703 1418 1759 dominns
1436 1704 1550 1775 perdat;
1576 1703 1625 1759 sed
1645 1721 1736 1773 neque
1754 1703 1876 1774 aliquem
1896 1699 2079 1757 christianum

447 1788 552 1843 alicubi
571 1787 699 1858 qualibet
717 1787 862 1844 occasione
880 1792 1096 1858 transponamus
1115 1789 1152 1844 ad
1170 1789 1231 1853 hoc,
1249 1793 1282 1844 ut
1301 1793 1451 1860 propterea
1469 1789 1499 1843 in
1517 1791 1659 1860 potestate
1678 1805 1854 1859 paganorum
1871 1785 2012 1842 deveniat.
2042 1785 2078 1843 Et

446 1874 470 1930 si
488 1872 702 1940 invenerimusd,
722 1875 797 1944 quod
815 1873 935 1943 aliquis⁸
954 1891 1000 1930 ecs
1018 1873 1048 1927 in
1065 1874 1198 1929 ducatum
1215 1877 1342 1930 nostrum
1360 1874 1518 1941 adduxerit,
1537 1873 1626 1930 modis
1639 1874 1768 1931 omnibus
1784 1874 1820 1929 ad
1832 1876 1942 1944 partem
1954 1875 2076 1928 vestram
2095 1874 2119 1913 ¹⁵

447 1955 563 2011 reddere
591 1954 754 2020 debeamus,
783 1955 833 2024 qui
863 1954 926 2025 ipsa
953 1954 1095 2024 mancipia
1122 1954 1271 2011 adduxerit
1300 1955 1455 2010 christiana
1478 1955 1680 2021 venundanda,
1712 1958 1741 2010 et
1768 1953 1874 2020 omnia,
1902 1971 1957 2023 que
1984 1970 2078 2009 secum

450 2031 613 2114 habuerit,
637 2041 706 2111 ipse,
729 2041 779 2111 qni
801 2058 849 2097 eos
872 2040 1104 2112 adprehenderat,
1128 2040 1234 2098 habeat
1255 2059 1388 2098 concessa
1411 2041 1473 2097 sibi.

555 2134 617 2222 (4.)
650 2146 691 2202 De
711 2144 832 2215 captivis
847 2161 922 2210 vero,
945 2143 995 2214 qui
1013 2145 1122 2200 inventi
1142 2135 1265 2200 fuerintr
1284 2146 1314 2200 in
1330 2147 1478 2202 ducatibus
1494 2147 1614 2202 nostris:
1637 2147 1713 2217 ipsas
1728 2162 1871 2217 personas,
1894 2162 1950 2214 que
1966 2143 2078 2199 eosdem

449 2228 576 2299 captivos
594 2229 846 2300 transposuerints‚
871 2247 933 2284 cum
951 2228 1079 2284 omnibus
1102 2229 1184 2285 rebus
1203 2229 1273 2300 [ech]
1293 2230 1408 2286 familiis
1430 2232 1467 2287 ad
1485 2234 1594 2301 partem
1612 2234 1734 2287 vestram
1752 2230 1912 2294 reddamus;
1937 2232 1966 2285 et
1983 2227 2007 2282 si
2025 2230 2078 2284 hoc

447 2318 554 2371 factum
576 2334 633 2373 non
654 2317 750 2382 fuerit,
769 2319 838 2371 tunc
856 2315 974 2386 prebeat
991 2320 1196 2372 sacramentum
1217 2316 1301 2372 iudex
1319 2317 1374 2373 loci
1392 2317 1480 2384 illius,
1500 2317 1548 2372 ubi
1567 2317 1629 2388 ipsa
1647 2316 1790 2387 mancipia
1807 2315 1994 2386 requiruntur,
2013 2333 2077 2370 cum
2094 2313 2121 2353 ²⁰
2168 2347 2170 2354 ,

447 2402 584 2472 quinquol
603 2401 707 2467 electis,
726 2401 824 2471 quales
842 2419 907 2472 pars
925 2405 1019 2458 vestra
1037 2403 1162 2474 elegerit,
1180 2403 1256 2473 quod
1275 2421 1308 2459 ea
1326 2405 1469 2476 mancipia
1487 2405 1577 2460 illuc¹1
1595 2408 1727 2475 suscepta
1744 2421 1800 2460 non
1819 2401 1924 2459 fuerint
1942 2419 1993 2458 nec
2011 2401 2077 2457 inde

447 2488 628 2560 transposita.

556 2574 614 2662 (5.)
648 2583 685 2641 Et
707 2586 760 2641 hoc
783 2586 964 2656 spondemus,
988 2589 1033 2652 nt,
1060 2585 1229 2656 quicumque
1253 2591 1319 2658 post
1341 2589 1554 2644 renovationem
1576 2588 1660 2644 huius
1682 2588 1759 2658 pacti
1782 2589 1819 2642 ad
1840 2603 1892 2642 nos
1915 2584 2077 2656 confugium

448 2673 575 2739 fecerint,
599 2691 661 2729 cum
684 2672 813 2728 omnibus
835 2672 918 2728 rebus
942 2691 1038 2728 eorum
1061 2673 1137 2743 parti
1160 2677 1253 2730 vestre
1276 2674 1437 2730 reddantur.

556 2767 615 2854 (6.)
650 2776 679 2832 si
701 2779 798 2832 autem
819 2777 922 2847 aliquis
946 2795 1071 2833 scamera
1094 2778 1138 2832 vel
1161 2778 1231 2834 ostis
1254 2782 1305 2834 aut
1326 2779 1539 2849 qualiscumque
1561 2795 1682 2848 persona
1701 2795 1752 2847 per
1767 2778 1835 2832 fines
1852 2779 1964 2832 nostros
1980 2778 2079 2831 contra
2096 2772 2122 2811 ²⁵

449 2882 498 2919 vos
521 2864 557 2918 ad
576 2865 699 2919 vestram
721 2863 857 2920 lesionem
873 2864 918 2920 vel
941 2865 977 2918 ad
992 2866 1087 2919 vestra
1109 2865 1171 2919 loca
1187 2865 1282 2921 venire
1305 2865 1489 2936 temptaverit
1512 2868 1541 2920 et
1563 2865 1599 2919 ad
1619 2867 1745 2921 nostram
1761 2863 1922 2934 pervenerit
1937 2861 2078 2927 notitiam,

449 2969 513 3006 mox
538 2949 597 3005 sine
621 2950 717 3020 aliqua
740 2950 875 3006 tarditate
900 2949 979 3006 vobis
1002 2941 1219 3017 nunciabimus¹‚
1242 2952 1285 3006 ita
1307 2956 1339 3007 ut
1362 2969 1412 3022 per
1434 2969 1485 3008 nos
1508 2951 1615 3006 nullam
1637 2949 1767 3006 habeatis
1789 2950 1932 3006 lesionem.

558 3042 617 3128 (7.)
652 3050 689 3108 Et
711 3053 765 3109 hoc
787 3053 951 3119 statuimus,
980 3056 1024 3120 ut,
1051 3054 1284 3124 quandocumque
1308 3057 1473 3111 mandatum
1494 3054 1601 3110 domini
1623 3045 1711 3130 regis
1734 3043 1955 3128 Berengcriie
1976 3051 2079 3107 nobis¹¹

449 3141 536 3196 fuerit
558 3139 728 3205 nuntiatum,
752 3139 827 3194 inter
850 3141 1003 3210 utrasque⁰
1025 3143 1121 3210 partes
1140 3141 1177 3195 ad
1199 3145 1323 3197 vestrum
1347 3143 1479 3198 solatium
1502 3161 1565 3196 cum
1587 3140 1683 3195 navali
1699 3139 1824 3196 exercitu
1839 3142 1938 3195 contra
1960 3134 2078 3215 gentes

449 3228 619 3292 Sclavomm,
643 3224 772 3280 inimicos
795 3225 903 3282 scilicet
925 3208 1076 3282 nostros²
1099 3230 1271 3297 vestrosque,
1295 3229 1325 3283 in
1347 3247 1402 3299 qno
1425 3228 1607 3299 potuerimus,
1631 3227 1764 3283 solatium
1784 3229 1911 3297 prestare
1927 3225 2078 3281 debeamus
2096 3225 2123 3264 ³⁰

450 3315 557 3384 absque
579 3313 638 3367 ulla
662 3302 884 3369 excusatione.

558 3408 616 3489 (8.)
652 3414 820 3485 Spondimus
844 3415 938 3482 etiam,
962 3419 994 3470 ut
1016 3415 1146 3472 nullum1’
1169 3416 1354 3484 inimicorum,
1377 3417 1425 3486 qui
1448 3420 1548 3472 contra
1564 3433 1613 3471 vos
1629 3417 1792 3483 vestrasque
1815 3417 1910 3485 partes
1930 3417 1997 3470 sunt
2011 3415 2077 3469 vel‘¹

449 3503 567 3568 fuerint,
599 3519 663 3568 noe,
696 3501 746 3571 qui
773 3501 857 3556 modo
885 3501 1015 3568 [sumusf]
1047 3503 1091 3558 vel
1120 3503 1169 3572 qui
1198 3499 1272 3579 post
1302 3516 1360 3559 noa
1389 3501 1499 3574 erunt,
1529 3501 1702 3558 adiutorium
1729 3501 1765 3556 ad
1792 3504 1915 3558 vestram
1941 3499 2077 3557 lesionem

450 3589 608 3646 faciendam
630 3587 747 3659 prebere
770 3587 921 3643 debeamus
945 3588 996 3643 sub
1019 3589 1148 3658 quolibet
1169 3589 1300 3660 ingenio⁸
1323 3590 1397 3645 infra
1419 3583 1488 3646 11002
1510 3589 1634 3659 spatium
1657 3588 1743 3658 pacti.

557 3682 618 3767 (9.)
652 3690 701 3746 Siu
724 3691 830 3745 furtum
851 3690 927 3745 inter
949 3695 1045 3761 partes
1068 3692 1175 3748 factum
1197 3693 1291 3760 fuerit,
1314 3694 1345 3748 in
1367 3693 1555 3764 quadruplum
1577 3691 1753 3748 restituatur.
2095 3691 2121 3729 ³⁵

536 3783 619 3870 (10.)
652 3794 681 3849 Si
704 3792 778 3848 servi
800 3797 851 3849 aut
872 3794 974 3850 ancille
997 3795 1071 3850 infru
1093 3796 1147 3851 hoc
1169 3797 1292 3868 spatium
1314 3797 1390 3852 inter
1412 3800 1507 3868 partos
1530 3796 1722 3867 confugerint,
1751 3813 1814 3850 cum
1837 3793 1966 3850 omnibus
1986 3793 2078 3859 rebus,

449 3900 520 3953 quas
542 3880 697 3936 detulerint
719 3897 822 3946 secum,
845 3880 1006 3947 reddantur,
1030 3885 1060 3937 et
1078 3882 1170 3948 iudex,
1194 3884 1243 3953 qui
1264 3883 1341 3953 ipsos
1357 3881 1493 3954 fugitivos
1508 3882 1669 3948 reddiderit,
1693 3899 1744 3952 pro
1767 3897 1936 3951 unoquoque
1952 3881 2078 3951 singulos

450 3969 513 4024 auri
534 3967 628 4023 soldos
650 3965 777 4036 recipiat,
802 3966 862 4021 sic'
883 3971 980 4023 minen
1002 3971 1048 4034 ut,
1072 3968 1097 4023 si
1118 3969 1239 4039 amplius
1262 3959 1470 4039 [requiriturhl
1494 3988 1544 4040 per
1566 3971 1771 4024 sacramentum
1794 3968 1934 4038 ydoneum
1957 3966 2078 4022 dominis

451 4055 564 4111 illorum
591 4053 768 4108 satisfactum
796 4053 853 4108 fiat.
899 4053 928 4109 Si
950 4071 1016 4110 roro
1040 4054 1124 4109 iudex
1146 4055 1222 4125 ipsos
1245 4056 1380 4126 fugitivos
1404 4056 1559 4127 susceperit
1581 4059 1611 4112 et
1633 4072 1681 4111 eos
1703 4054 1851 4125 negaverit
1873 4054 1988 4109 reddere
2012 4052 2077 4119 [et'1

450 4140 551 4197 exinde
575 4138 686 4207 [aliud']
709 4139 872 4210 confugium
887 4140 1014 4206 fecerint,
1037 4159 1088 4211 pro
1105 4159 1275 4212 unoquoque
1297 4143 1418 4212 fugitivo
1437 4143 1498 4198 auri
1519 4143 1612 4198 soldos
1627 4141 1809 4212 septuaginta
1823 4142 1879 4196 duo
1892 4139 2078 4210 componat'.
2097 4143 2123 4182 ⁴⁰

537 4232 619 4321 (11.)
653 4240 690 4297 Et
712 4243 766 4298 hoc
788 4243 938 4298 statuimus
961 4244 996 4300 de
1019 4244 1160 4315 fugitivis,
1183 4245 1218 4300 de
1241 4245 1342 4314 quibus
1365 4249 1489 4312 constat,
1512 4247 1548 4300 ad
1569 4264 1640 4316 quos
1658 4245 1764 4300 iudices
1781 4245 1824 4300 vel
1847 4234 1972 4320 adque
1995 4244 2079 4300 loca⁸

450 4327 642 4400 confugerint:
667 4325 767 4396 quodsi
785 4326 901 4381 dubium
918 4326 1004 4383 fuerit
1021 4331 1050 4384 et
1068 4328 1250 4399 denegaverit
1271 4328 1355 4383 iudex
1372 4331 1415 4384 val
1435 4334 1534 4384 auctor
1552 4329 1606 4385 loci
1625 4329 1713 4394 illius,
1737 4327 1767 4382 in
1785 4346 1840 4398 quo
1859 4326 1940 4383 liberi
1959 4331 1988 4383 et
2005 4327 2078 4383 servi

450 4416 641 4486 requiruntur,
670 4417 738 4468 tunc
756 4413 893 4483 prebeant
911 4418 1115 4471 sacramentum
1133 4414 1279 4470 duodecim
1298 4415 1392 4481 electi,
1420 4413 1554 4485 quodibi
1575 4431 1626 4470 nec
1644 4414 1799 4484 suscepti¹⁸
1823 4413 1927 4469 fuerint
1945 4431 1997 4468 nec
2014 4413 2079 4469 illos

450 4502 575 4558 habeant
599 4517 651 4555 nec
677 4500 707 4555 in
732 4499 904 4556 couscientia
928 4501 1039 4557 illorum
1063 4501 1121 4557 sint
1144 4519 1196 4558 nec
1218 4501 1327 4572 aliquas
1352 4521 1394 4557 res
1418 4501 1528 4557 illorum
1553 4519 1646 4557 secum
1669 4500 1828 4556 habuerint.
1864 4499 1894 4555 Si
1912 4503 2007 4556 autem
2025 4500 2079 4555 hoc

451 4587 592 4644 distulerit
604 4587 703 4651 facere,
716 4589 781 4656 post
793 4585 933 4657 primam!
945 4591 974 4643 et
986 4588 1136 4643 secundam
1150 4587 1404 4644 asperationem
1417 4588 1559 4659 presentia
1570 4589 1684 4644 testium
1698 4591 1855 4658 peractam¹
1867 4605 1917 4658 per
1929 4586 2080 4642 iussionem
2097 4583 2122 4622 ⁴⁵

450 4674 569 4731 iudicis·
592 4672 635 4728 sui
660 4671 745 4729 liceat
769 4672 795 4728 ei
818 4672 966 4744 pignerare
989 4673 1131 4730 hominem
1154 4675 1189 4730 da
1213 4675 1273 4745 ipso
1297 4676 1370 4741 loco,
1402 4676 1450 4731 ubi
1469 4693 1553 4732 causa
1570 4674 1733 4746 requiritur,
1758 4673 1800 4730 ita
1818 4677 1914 4730 tamen
1933 4677 1965 4729 ut
1988 4673 2081 4743 ipsum

452 4763 556 4835 pignus
575 4765 641 4832 post
659 4763 753 4816 aotam
770 4760 909 4816 iustitiam
928 4761 995 4833 [int]
1013 4762 1124 4833 integro
1142 4762 1304 4818 reddaturb.

554 4951 577 5016 ιι)
596 4954 730 5021 perveniat
747 4953 822 5006 codd.
892 4953 913 5018 t)
933 4954 998 5021 parti
1079 4954 1132 5006 dios
1146 4962 1256 5021 propter
1274 4954 1485 5007 homoioteleuton
1502 4953 1557 5007 diss
1574 4971 1623 5006 orn.
1636 4953 1710 5006 codd.
1782 4953 1810 5017 u)
1828 4969 1873 5020 per
1888 4968 2042 5018 unaqueque
2055 4951 2080 5004 1.

451 5040 479 5103 v)
497 5056 605 5107 persona
621 5041 677 5108 ipsa
693 5037 833 5104 malitia13
851 5056 959 5107 persons
974 5041 1038 5108 ipsa,
1055 5057 1123 5106 quae
1137 5039 1299 5094 malitiam2.
1369 5041 1404 5105 vv)
1422 5042 1557 5110 quingenti
1576 5039 1599 5094 1.
1670 5042 1698 5107 x)
1715 5042 1842 5108 componi
1856 5039 1883 5103 13
1901 5046 2036 5106 componat
2053 5039 2078 5092 2.

451 5125 479 5193 y)
502 5127 539 5177 ita
556 5125 631 5177 codd.
727 5124 752 5191 ι)
774 5126 852 5178 fuerit
868 5143 935 5178 corr.
954 5127 1004 5179 fuit
1022 5126 1049 5192 1;
1077 5128 1155 5179 fucrit
1171 5125 1196 5178 2.
1291 5127 1318 5191 a)
1341 5129 1485 5181 restitutam
1505 5126 1528 5180 1.
1620 5125 1649 5194 b)
1670 5143 1780 5194 ragnum
1800 5125 1822 5177 l.
1913 5125 1939 5190 c)
1957 5133 1988 5178 ut
2004 5125 2078 5178 codd
2097 5121 2124 5161 ⁵⁰

452 5211 480 5276 d)
498 5213 673 5264 inveniremus
691 5210 714 5264 l.
803 5211 827 5278 a)
844 5212 942 5279 aliquid
960 5212 984 5264 1.
1072 5211 1097 5278 f)
1115 5221 1145 5266 ut
1162 5214 1225 5266 cdd.
1243 5214 1268 5266 2.
1356 5216 1384 5282 g)
1402 5217 1589 5282 transposuerit
1606 5214 1680 5267 codd.
1767 5213 1796 5278 h)
1816 5231 1865 5266 ona.
1883 5213 1973 5277 codd.,·
1995 5215 2080 5281 suppl.

451 5314 483 5349 cm
500 5296 575 5350 PHl.
640 5297 661 5362 1)
679 5298 868 5365 quinquaginta
885 5297 959 5350 codd.
1029 5298 1057 5363 1ι)
1075 5299 1149 5352 illum
1168 5299 1190 5352 1.
1255 5303 1274 5366 1)
1292 5303 1441 5354 nuntiamus
1460 5300 1483 5353 l.
1554 5301 1589 5366 m)
1608 5301 1743 5354 clarissimi
1761 5301 1867 5368 augusti
1885 5300 1926 5351 val
1945 5300 2079 5352 missorum

452 5385 508 5436 aius
527 5384 601 5436 nobis
620 5383 679 5436 PK.
732 5383 760 5450 ιι)
778 5385 852 5438 vobis
869 5384 944 5437 codd.
996 5385 1022 5451 o)
1040 5391 1188 5452 vacuasque
1207 5385 1281 5438 codd.
1335 5385 1363 5455 p)
1383 5387 1471 5439 nullus
1488 5387 1562 5438 codd.
1613 5386 1640 5452 q)
1660 5387 1701 5439 val
1719 5387 1764 5453 qui
1782 5384 1839 5436 PK.
1896 5387 1919 5449 r)
1938 5399 1988 5438 om.
2006 5386 2080 5438 codd

453 5469 476 5535 s)
494 5470 627 5536 ingenium
647 5469 669 5521 1.
738 5469 760 5537 t)
778 5471 825 5523 hos
844 5469 867 5522 l.
938 5469 966 5535 u)
985 5471 1011 5522 Si
1028 5470 1097 5522 euim
1108 5471 1168 5523 PK.
1230 5472 1257 5538 v)
1277 5471 1335 5525 sil.
1398 5471 1433 5539 vv)
1452 5481 1605 5540 componant
1616 5470 1640 5524 1.
1705 5470 1733 5537 ιι)
1751 5473 1800 5540 ipsi
1819 5473 1922 5540 fugitivi
1939 5472 2002 5524 add.
2021 5471 2079 5526 PK.

451 5552 498 5622 ι’)
516 5557 629 5623 suspecti
646 5557 721 5609 codd.
756 5554 785 5624 y)
803 5558 886 5625 prima
903 5564 929 5610 at
946 5557 1059 5610 secunda
1075 5557 1258 5612 contestatione
1271 5558 1296 5611 1.
1331 5558 1355 5624 ι)
1373 5566 1476 5626 peracta
1493 5559 1566 5612 codd
1601 5558 1629 5625 a)
1646 5559 1731 5611 iuditii
1748 5558 1823 5611 codd
1859 5559 1887 5624 b)
1904 5560 2042 5613 ιιᾱᾶοιιιιι
2056 5556 2079 5610 l.
2097 5563 2123 5604 ³⁵

557 5743 584 5812 1)
603 5743 638 5797 Α.
656 5743 732 5812 880.,·
755 5743 806 5810 cfr.
825 5741 921 5798 Facto
938 5743 956 5796 1.
969 5758 990 5798 c.
1004 5759 1036 5812 p.
1047 5744 1089 5800 69.
1193 5745 1221 5812 2)
1239 5743 1295 5811 Ost.
1312 5760 1399 5814 aspro
1412 5763 1443 5816 p.
1457 5746 1515 5814 132,
1534 5763 1562 5802 ιι.
1574 5747 1623 5810 81,·
1641 5743 1736 5800 aaron
1752 5745 1768 5799 l.
1780 5760 1801 5800 a
1816 5762 1846 5814 p.
1859 5744 1901 5800 75.
