4590 6428
424 446 465 508 52
527 393 533 408 ·
686 441 957 498 ADDITAMEN'I'A
975 442 1025 496 ΑΙ)
1042 441 1253 500 HLUDOWICI
1271 442 1321 496 PII
1340 442 1595 498 captiuncula.
1615 475 1647 482 -
1666 443 1714 497 Νι.
1728 445 1785 499 197.

344 625 403 680 833.
422 617 557 701 ligatum
581 624 614 681 et
637 618 670 682 in
694 619 798 696 caelo,
822 622 855 681 et
871 616 1098 703 quodcumque
1120 615 1278 682 solverint
1301 621 1553 702 superterram,
1576 618 1618 681 sit
1640 617 1782 682 solutum
1807 622 1840 680 et
1862 617 1895 680 in
1912 611 2045 680 caelo'1.

421 719 465 784 Et
488 721 521 784 in
545 729 665 807 quanto
689 723 756 787 siut
778 722 840 808 ipsi
862 721 1007 806 periculo
1032 721 1213 800 constituti,
1241 721 1268 784 si
1291 720 1406 784 ovibus
1430 718 1551 784 Christi
1574 720 1729 805 pabulum
1751 721 1838 784 vitae
1861 719 2046 785 ministrare

421 824 630 910 neglexerint
652 831 686 890 et
708 831 854 889 errantes
878 824 919 889 ad
942 827 1029 889 viam
1052 825 1200 890 veritatis
1223 823 1405 908 arguendo,
1433 824 1636 888 obsecrando
1660 809 1817 889 reducere
1840 845 1899 909 pro
1923 823 2046 889 viribus

421 948 486 992 non
510 926 703 1008 studuerint,
726 929 819 992 iuxta
839 927 920 992 illud
936 926 1175 1014 propheticum:
1202 916 1268 990 ‘Si2
1284 947 1349 990 non
1366 925 1629 1006 annuntiaveris’,
1652 927 1766 1013 inquit,
1789 927 1911 1013 ‘iniquo
1928 927 2046 1012 iniqui·

420 1036 521 1096 tatem
552 1052 644 1096 suam
673 1038 707 1096 et
733 1031 804 1117 ipse
834 1032 866 1095 in
894 1031 1064 1117 impietate
1092 1051 1151 1095 sua
1173 1036 1321 1094 mortuus
1344 1029 1460 1110 luerit,
1493 1031 1686 1116 sanguinem
1711 1030 1781 1094 eius
1805 1029 1846 1094 de
1869 1051 1967 1094 manu
1991 1037 2047 1095 tus
2077 1057 2089 1093 ι

419 1133 604 1220 requiram,
629 1139 662 1198 et
684 1135 786 1198 multe
808 1133 860 1198 his
885 1134 1005 1199 similia
1027 1133 1068 1198 ad
1091 1135 1317 1218 magisterium
1340 1135 1506 1219 pastorale
1530 1135 1734 1219 pertinentia,
1763 1154 1846 1220 quae
1869 1135 1902 1199 iu
1926 1133 2044 1198 divinis

420 1239 558 1324 sparsim
591 1238 809 1302 continentur.
859 1235 1066 1324 Quapropter
1095 1236 1217 1302 eisdem
1250 1237 1436 1323 pastoribus
1460 1235 1581 1301 Christi
1611 1258 1818 1324 summopere
1849 1237 2045 1302 studendum

420 1349 482 1422 est,
505 1347 541 1405 ut
564 1362 643 1427 erga
666 1347 775 1406 errata
798 1341 1058 1426 delinquentium
1081 1341 1336 1406 moderationem
1355 1339 1619 1405 discretissimam
1638 1346 1782 1420 teneant,
1805 1347 1843 1404 ut
1865 1341 1930 1405 sint
1952 1343 2046 1405 iuxta

418 1444 508 1510 besti
531 1443 684 1530 Gregorii
712 1443 877 1508 doetrinae
906 1443 1136 1509 documentum
1162 1445 1245 1509 bene
1274 1444 1448 1529 agentibus
1475 1465 1535 1530 per
1557 1443 1774 1508 humilitatem
1804 1445 1900 1522 socii,
1932 1449 2044 1509 contre

419 1547 665 1634 delinquentum
681 1568 759 1613 vero
782 1549 862 1613 vitia
885 1569 943 1634 per
966 1549 1072 1613 zelum
1096 1547 1239 1612 iustitiae
1263 1549 1380 1612 erecti:
1408 1547 1571 1632 quatinus,
1593 1547 1780 1633 posthabito
1797 1555 1928 1633 torpore
1944 1555 2043 1633 atque
2063 1574 2087 1612 ιο

418 1652 558 1737 segnitie
582 1652 634 1716 rel
657 1651 799 1716 humano
822 1650 934 1716 favore
958 1657 1015 1715 aut
1036 1649 1194 1715 mundiali
1216 1652 1342 1728 timore,
1371 1652 1418 1715 sic
1441 1659 1620 1716 exerceant
1644 1652 1858 1716 ministerium
1881 1671 1985 1728 suum,
2008 1656 2044 1715 ut

417 1761 459 1820 et·
476 1756 705 1841 praesentibus
736 1755 914 1820 salubriter
936 1755 1106 1819 consulant
1134 1761 1167 1818 et
1193 1754 1310 1819 tuturis
1339 1755 1404 1818 siut
1427 1754 1616 1840 exemplum
1645 1755 1769 1821 salutis.
1815 1755 1939 1819 Verum
1967 1755 2043 1839 quia

417 1860 450 1923 in
475 1879 554 1943 agro
571 1857 646 1936 Dei,
670 1859 724 1943 qui
748 1865 797 1921 est
820 1858 963 1923 ecclesis
979 1856 1110 1938 Christi,
1134 1857 1232 1921 noxia
1254 1875 1402 1941 quaeque
1425 1857 1583 1920 instinctu
1605 1857 1710 1921 hostis
1733 1858 1858 1942 antiqui
1881 1857 2042 1943 pullulare

416 1982 480 2025 uon
504 1961 651 2040 cessant,
676 1980 759 2046 quae
783 1980 919 2024 necesse
942 1967 1009 2040 est,
1032 1965 1067 2024 ut
1090 1958 1235 2023 adhibito
1260 1958 1387 2023 sarculo
1411 1960 1566 2045 pastorali
1589 1959 1746 2023 radicitus
1769 1961 1986 2046 extirpentur,
2009 1966 2042 2025 et

415 2071 551 2151 propter
572 2064 752 2130 malevolos
776 2082 939 2148 quosque,
967 2061 1022 2146 qui
1046 2061 1129 2126 bene
1152 2066 1226 2125 acta
1248 2067 1306 2125 out
1328 2061 1513 2147 intelligere
1535 2062 1651 2126 nolunt
1674 2070 1730 2126 aut
1753 2061 1912 2126 malevole
1934 2063 2040 2127 iuten-
2061 2089 2085 2128 ιι

418 2169 507 2233 tione
530 2167 638 2255 potius
661 2166 859 2251 intelligere,
884 2185 980 2250 quam
1004 2164 1108 2249 ipsam
1132 2163 1304 2227 veritatem
1329 2162 1533 2228 delectantur
1555 2166 1726 2251 amplecti,
1756 2171 1886 2252 oportet
1908 2165 2042 2230 eosdem

415 2276 578 2357 pastores,
601 2257 656 2349 ut,
677 2268 947 2356 quandocumque
971 2266 1012 2334 de
1035 2269 1182 2352 generali
1206 2268 1346 2332 utilitate
1369 2269 1422 2332 vel
1446 2268 1578 2355 publica
1600 2270 1796 2335 coercitione
1819 2269 1985 2356 quippiam
2008 2269 2041 2333 iu

415 2372 630 2439 conventibus
667 2372 735 2436 suis
770 2371 991 2452 decreverint,
1028 2370 1061 2436 id
1091 2372 1186 2436 iuxta
1216 2391 1341 2435 morem
1373 2372 1633 2437 ecclesiasticum
1664 2372 1793 2458 scriptis
1824 2373 2040 2437 committant:

414 2476 568 2544 videlicet
597 2483 634 2540 ut
662 2476 802 2561 posteris
833 2495 963 2539 omnem
993 2473 1241 2560 ambiguitatem
1272 2480 1306 2538 et
1334 2475 1539 2539 occasionem
1569 2477 1653 2540 iuste
1682 2475 1874 2540 detrahendi
1904 2477 1955 2540 vel
1988 2497 2040 2540 re-

413 2578 638 2667 prehendendi
660 2578 791 2663 penitus
814 2583 993 2663 amputent.
1601 2561 1609 2596 '⁰
2058 2603 2084 2643 so

521 2682 662 2748 Proinde
686 2688 799 2746 notum
824 2701 897 2746 esse
920 2679 1146 2746 necessarium
1168 2678 1321 2743 duximus
1344 2680 1494 2745 omnibus
1517 2681 1591 2746 filiis
1622 2688 1756 2750 sanctae
1780 2681 1844 2746 Dei
1867 2682 2040 2762 ecclesiae,

412 2787 642 2873 praesentibus
678 2785 804 2850 scilicet
837 2791 872 2848 et
904 2783 1041 2864 futuris,
1076 2783 1218 2868 qualiter
1251 2804 1311 2848 nos
1347 2784 1495 2870 episcopi
1530 2795 1649 2870 super·
1682 2785 1817 2871 imperio
1853 2784 1974 2850 domini
2007 2793 2041 2850 et

411 2889 639 2974 gloriosissimi
666 2887 812 2952 Lotharii
844 2887 1051 2973 imperatoris
1085 2887 1251 2951 constituti
1284 2908 1368 2950 anno
1403 2889 1637 2952 iucarnationis
1667 2884 1789 2954 domini
1816 2889 1894 2954 Iesu
1918 2888 2039 2955 Christi

412 2990 694 3058 DCCCXXXIII.
727 2989 903 3056 indictione
927 2989 1004 3056 XII.
1041 3010 1127 3054 anuo
1160 2989 1321 3074 siquidem
1353 2990 1501 3056 eiusdem
1539 2992 1695 3078 principis
1728 2993 1831 3078 primo
1863 2992 1896 3057 in
1927 3013 2039 3058 mense

411 3096 565 3160 videlicet
588 3093 721 3159 Octobri
749 3092 842 3181 apud¹
860 3093 1097 3179 Compendium
1120 3095 1278 3180 palatium
1307 3094 1506 3178 generaliter
1528 3097 1740 3160 convenimus
1770 3102 1804 3161 et
1825 3101 2038 3161 memoratum
2057 3119 2081 3160 ιι

411 3199 591 3285 principem
616 3197 781 3262 humiliter
804 3196 995 3262 audivimus.
1041 3197 1085 3263 stt
1106 3195 1167 3262 hoc
1190 3197 1321 3282 quidem
1349 3199 1397 3262 illi
1424 3199 1494 3262 sive
1518 3199 1728 3284 optimatibus
1751 3199 1839 3263 illius
1868 3219 1928 3264 seu
1951 3200 2038 3264 omui

410 3301 619 3386 generalitati
641 3301 764 3388 populi,
787 3321 871 3386 quae
896 3299 1038 3386 undique
1061 3301 1139 3366 illuc
1162 3302 1379 3381 confluxerat,
1402 3302 1613 3366 manifestare
1633 3304 1725 3367 iuxta
1745 3302 2037 3367 iniunctnmuobis

410 3405 625 3470 ministerium
649 3405 846 3485 curarimus,
876 3404 981 3490 qualis
1011 3405 1052 3468 sit
1074 3405 1168 3490 vigor
1195 3412 1228 3470 et
1255 3412 1402 3491 potestas
1432 3407 1501 3470 sive
1529 3405 1747 3471 ministerium
1777 3405 1981 3470 sacerdotale
2004 3413 2038 3471 et

386 3591 389 3599 Δ
410 3508 497 3593 quali
520 3513 685 3573 mereatur
704 3506 853 3572 damnari
877 3507 1050 3586 sententis,
1074 3507 1130 3600 qui
1144 3508 1276 3571 monitis
1292 3507 1550 3573 sacerdotalibus
1567 3507 1699 3573 obedire
1715 3508 1868 3573 noluerit.
1906 3507 2036 3572 Deinde

409 3617 476 3675 tam
499 3618 679 3677 memorato
703 3610 857 3697 principi,
885 3630 982 3696 quam
1011 3620 1127 3674 cuncto
1151 3610 1222 3675 eius
1244 3611 1364 3696 populo
1387 3611 1580 3676 denuntiare
1606 3610 1804 3690 studuimus,
1836 3619 1874 3676 ut
1896 3610 2036 3676 Domino
2055 3637 2080 3675 ιιι

409 3713 619 3779 devotissime
643 3714 775 3800 placere
802 3712 972 3779 studerent
995 3720 1042 3792 et,
1069 3714 1243 3799 inquibus
1267 3734 1341 3778 eum
1365 3713 1585 3793 offenderant,
1616 3715 1746 3800 placare
1769 3734 1835 3779 non
1858 3714 2036 3780 differrent.

408 3815 607 3884 Examinata
635 3818 756 3903 quippe
789 3824 864 3894 sunt
894 3816 1013 3897 multa,
1047 3836 1132 3903 quae
1160 3838 1220 3903 per
1246 3818 1482 3903 negligentiam
1511 3817 1545 3881 in
1572 3816 1634 3882 hoo
1660 3819 1796 3902 imperio
1821 3820 2036 3904 contigerunt,

408 3939 492 4003 quae
517 3919 559 3984 ad
582 3920 772 3985 scandalum
796 3921 956 3986 ecclesiae
980 3928 1013 3985 st
1037 3922 1164 3986 ruinam
1186 3922 1299 4008 populi
1321 3923 1375 3986 vel
1397 3923 1489 4007 regni
1512 3923 1679 3987 interitum
1703 3923 1887 3988 manifestis
1909 3923 2036 3987 indiciis

408 4023 629 4109 pertinebant:
665 4045 749 4109 quae
780 4044 916 4090 necesse
947 4031 1033 4105 erat,
1065 4033 1102 4090 ut
1132 4026 1195 4090 cito
1224 4027 1465 4111 corrigerentur
1492 4031 1525 4090 et
1555 4027 1589 4090 in
1615 4026 1724 4090 futuro
1752 4026 1902 4091 omnibus
1930 4025 2035 4091 modis

407 4126 598 4192 vitarentur.
762 4195 764 4198 ,
2054 4151 2079 4192 ιι

517 4231 606 4296 Inter
635 4237 746 4296 cetera
778 4232 877 4296 etiam
902 4238 1187 4297 commemoratum
1214 4239 1265 4297 est
1294 4254 1314 4296 a
1342 4232 1436 4297 nobis
1465 4238 1498 4297 et
1525 4231 1675 4296 omuibus
1704 4231 1959 4296 admemoriam
1983 4253 2035 4296 re·

407 4331 556 4415 ductum,
587 4334 728 4420 qualiter
750 4333 862 4400 Deusb
890 4354 1026 4421 regnum
1053 4335 1140 4400 istud
1167 4357 1228 4422 per
1250 4334 1564 4400 administrationem
1588 4335 1695 4400 bonae
1718 4335 1898 4400 memoriae
1920 4333 2035 4399 Karoli

406 4438 679 4524 praestantissimi
713 4439 919 4525 imperatoris
953 4445 988 4505 et
1020 4460 1079 4525 per
1110 4439 1402 4525 praedecessorum
1436 4459 1567 4504 suorum
1600 4439 1746 4503 laborem
1780 4438 1974 4524 pacificum⁰
2002 4445 2035 4502 et
2159 4441 2161 4445 ’

406 4540 534 4604 unitum
564 4546 663 4626 atque
696 4539 851 4606 nobiliter
879 4540 1052 4609 dilatatum
1081 4542 1180 4608 tuerit
1210 4549 1244 4608 et
1271 4542 1402 4607 domiuo
1425 4543 1602 4609 Ludewioo
1630 4543 1817 4627 imperatori
1847 4564 1867 4606 a
1892 4540 1965 4606 Deo
1993 4541 2033 4606 sd

406 4645 585 4730 regendum
620 4644 681 4711 sub
716 4667 836 4731 magna
870 4667 953 4732 pace
988 4648 1196 4711 commissum
1225 4646 1433 4733 Dominoque
1467 4651 1660 4732 protegente
1698 4644 1758 4709 sub
1795 4645 1912 4711 eedem
1941 4666 2033 4732 pace,
2051 4671 2077 4709 so

299 4757 301 4764 ’
406 4747 561 4834 quamdiu
590 4747 676 4814 idem
704 4741 856 4835 princeps
878 4749 952 4815 Deo
982 4750 1107 4816 studuit
1135 4758 1170 4816 et
1196 4751 1343 4836 paternis
1367 4751 1528 4837 exemplis
1552 4751 1601 4815 uti
1624 4771 1662 4814 ac
1685 4749 1844 4814 bonorum
1868 4749 2033 4813 hominum

406 4853 553 4918 consiliis
577 4854 786 4939 acquiescere
810 4854 944 4936 curavit,
969 4861 1198 4921 conservatum
1219 4857 1387 4936 manserit,
1411 4861 1444 4920 et
1460 4853 1622 4940 quomodo
1643 4853 1675 4916 iu
1692 4873 1850 4939 processu
1865 4851 2032 4937 temporis,

405 4958 490 5021 sicut
512 4956 663 5022 omnibus
687 4958 896 5022 manifestum
920 4965 1006 5040 erat,
1034 4979 1093 5044 per
1116 4960 1186 5024 eius
1210 4958 1494 5046 improvidentiam
1517 4959 1570 5022 vel
1593 4957 1828 5043 negligentiam
1850 4958 1883 5022 iu
1906 4963 2031 5021 tantam

405 5061 531 5126 venerit
552 5061 764 5147 ignominiam
787 5067 821 5126 et
836 5062 1007 5142 uilitatem,
1030 5069 1066 5126 ut
1085 5084 1150 5128 uon
1172 5063 1276 5128 solum
1294 5063 1406 5128 amicis
1421 5063 1456 5127 in
1471 5061 1677 5141 moestitiam,
1701 5059 1760 5125 sed
1777 5060 1874 5125 etism
1890 5059 2031 5123 inimicis

405 5163 532 5229 venerit
562 5161 594 5227 iu
615 5163 831 5231 derisionem.
877 5164 944 5231 Sed
967 5167 1043 5251 quia
1070 5166 1157 5232 idom
1184 5169 1336 5255 princeps
1363 5168 1575 5233 ministerium
1603 5166 1677 5236 sibi,
1696 5165 1902 5229 commissum
1926 5163 2030 5249 negli-
2048 5188 2074 5227 ιι

404 5273 521 5351 genter
543 5267 733 5332 tractaverit
756 5273 790 5332 et
811 5269 928 5349 multa,
951 5289 1035 5355 quse
1058 5269 1130 5335 Deo
1155 5277 1188 5336 et
1208 5270 1396 5336 hominibus
1420 5270 1652 5357 displicebant,
1675 5275 1709 5334 et
1730 5268 1846 5334 fecerit
1867 5275 1901 5333 et
1922 5268 2031 5332 facere

404 5369 598 5454 compulerit
627 5368 678 5434 vel
711 5369 779 5434 fieri
809 5371 993 5458 permiserit
1023 5380 1057 5439 et
1092 5375 1126 5438 in
1157 5375 1269 5441 multis
1301 5374 1451 5440 nefandis
1482 5375 1624 5440 consiliis
1653 5372 1762 5438 Deum
1793 5371 1971 5437 irritaverit
1999 5376 2032 5435 et

505 5558 532 5623 a)
550 5560 599 5613 sub
617 5576 685 5612 corr.
703 5559 786 5612 Perta.
873 5559 902 5626 b)
920 5563 958 5612 ita
976 5561 1068 5624 sima·
1090 5567 1178 5619 cho
1197 5566 1340 5633 oorripmd
1428 5565 1453 5631 c)
1473 5567 1636 5634 pacificatum
1647 5565 1764 5632 fortasse
1782 5563 1925 5630 corrigend.

506 5730 532 5798 ι)
551 5729 652 5786 maa.
673 5729 713 5798 rs,
729 5731 769 5784 rs.
780 5731 819 5784 19.
926 5733 954 5798 2)
974 5732 1066 5788 macr.
1084 5735 1164 5802 ars.
