4590 6428
413 438 454 498 50
676 430 945 486 ADDI'I'AMENTA
965 431 1013 485 ΑΙ)
1032 429 1242 486 HbUDOWlCl
1262 430 1309 483 PIl
1328 430 1582 486 carrucatam.
1603 461 1634 470 -
1655 430 1703 486 Νι.
1717 432 1774 485 196.

335 617 395 671 829.
413 605 535 670 lortare
559 610 593 670 et
616 610 687 671 esto
708 604 757 667 vir
779 605 872 669 sortis
896 611 929 668 et
951 604 1098 682 observa,
1121 611 1158 668 ιιι
1180 604 1343 669 custodias
1368 610 1526 691 precepta
1542 604 1662 669 domini
1676 602 1740 669 Dei
1758 603 1816 680 tui,
1838 608 1875 667 ut
1890 602 2038 668 ambules

413 709 446 772 in
469 709 530 772 riis
558 708 628 774 eius
657 714 690 774 et
719 707 884 774 custodias
915 707 1117 771 ceremonias
1147 706 1218 771 eius
1247 712 1280 770 et
1306 706 1426 771 iudicia
1450 707 1518 772 eius
1544 716 1577 773 et
1608 712 1764 794 precepta
1787 710 1821 770 et
1844 703 2040 783 testimonia,

416 811 499 876 sicut
522 811 681 897 scriptum
705 819 757 876 est
779 811 812 875 in
835 811 909 896 lege
930 807 1062 895 Moysi’;
1086 809 1174 874 etin
1197 810 1279 875 libro
1302 810 1589 897 Paralipomenon:
1619 801 1716 875 ‘Tn97
1738 816 1849 874 autern
1874 807 2040 897 Salomon,

412 915 458 980 lili
485 915 546 995 mi,
577 916 659 980 scito
681 915 790 980 Deum
819 916 921 1001 patris
950 915 997 978 tui
1024 919 1057 978 el
1081 915 1167 978 servi
1191 915 1221 978 ei
1245 907 1340 980 cbrde
1364 915 1511 1000 perfecto
1536 921 1569 980 et
1591 914 1698 979 animo
1722 908 1924 977 voluntario?
1968 909 2039 973 Ad-

413 1017 539 1085 tendite
562 1018 659 1083 etiam
683 1016 838 1098 Tobiam,
869 1017 909 1083 de
933 1037 997 1102 quo
1021 1018 1157 1102 legitur,
1187 1017 1291 1102 quod,
1320 1039 1393 1082 cum
1416 1018 1524 1084 lactus
1546 1025 1637 1083 esset
1660 1019 1723 1098 vir,
1751 1015 1881 1102 accepit
1902 1035 2039 1080 uxorem
2070 1039 2082 1078 s

415 1123 544 1188 Annam
568 1145 611 1187 ex
634 1123 722 1187 tribu
746 1145 806 1188 sua
829 1131 862 1188 et
884 1121 999 1208 genuit
1022 1142 1064 1186 ex
1087 1142 1127 1186 ea
1150 1121 1252 1186 filiurn
1276 1143 1395 1188 nornen
1419 1143 1513 1187 suurn
1536 1122 1697 1207 inponens
1721 1122 1763 1196 ai;
1803 1139 1900 1204 quern
1924 1117 1966 1182 ab
1989 1119 2039 1182 in-

414 1227 516 1291 fantia
550 1225 666 1292 timere
696 1225 804 1290 Deum
835 1224 946 1290 docuit
977 1231 1010 1289 et
1040 1225 1206 1290 abstinere
1237 1224 1278 1290 ab
1312 1227 1398 1290 omni
1432 1230 1579 1311 peccato.
1632 1223 1716 1289 Item
1744 1222 1831 1287 idern
1859 1220 2040 1306 adloquens

415 1329 555 1394 eundem
585 1329 685 1394 lilium
715 1350 826 1394 snum:
862 1320 1088 1408 ιΟιιιιιιιιιιι’98,
1119 1329 1238 1414 inquit,
1268 1329 1394 1394 ‘diebus
1419 1330 1505 1394 vitae
1530 1333 1606 1392 tuae
1630 1325 1715 1391 habe
1737 1325 1846 1390 Deum
1874 1324 1908 1388 in
1931 1329 2039 1388 mente

415 1439 449 1498 et
476 1453 570 1512 case,
602 1454 644 1497 ne
673 1430 847 1518 aliquando
874 1439 1009 1519 peccato
1038 1433 1226 1498 consentias
1255 1439 1289 1498 et
1314 1434 1535 1518 pretermittas
1560 1437 1722 1527 precepta
1742 1428 1808 1496 Dei
1831 1427 1942 1493 nostri.
1987 1426 2039 1492 Ex

416 1535 598 1600 substantia
625 1540 682 1598 tua
710 1534 763 1599 fac
792 1535 1003 1620 elimosynam
1035 1541 1069 1598 et
1096 1534 1163 1598 noli
1192 1541 1343 1601 avertere
1370 1534 1488 1600 faciem
1518 1541 1607 1599 tuam
1631 1533 1673 1598 ab
1696 1533 1763 1596 ullo
1786 1552 1942 1617 paupere.
1987 1529 2041 1596 Ita
2060 1555 2084 1594 ro

416 1638 502 1704 enirn
524 1638 595 1718 fiet,
624 1643 660 1702 ut
682 1658 742 1702 nec
765 1659 786 1702 a
807 1643 840 1703 te
863 1643 1031 1702 avertatur
1053 1637 1154 1702 facies
1177 1637 1319 1704 Domini.
1365 1637 1535 1712 Quomodo
1559 1637 1720 1723 potueris,
1750 1636 1796 1700 ita
1819 1642 1890 1700 esto
1914 1635 2039 1700 miseri-

415 1737 508 1822 cors’,
532 1747 566 1807 et
589 1747 708 1806 cetera.
747 1739 831 1806 Item
849 1740 946 1826 paulo
964 1745 1052 1826 post:
1077 1732 1275 1805 ‘Adtende99
1297 1741 1367 1821 tibi,
1389 1742 1445 1822 fili,
1469 1741 1511 1806 ab
1534 1741 1622 1806 omni
1641 1738 1856 1804 fornicatione
1881 1745 1915 1803 et
1930 1744 2042 1824 preter

414 1865 551 1910 uxorem
579 1849 671 1909 tuam
697 1865 903 1931 nequaquam
926 1842 1065 1929 paciaris
1090 1844 1211 1907 crimen
1235 1845 1329 1910 scire.
1376 1844 1571 1931 Superbiam
1594 1865 1771 1929 numquam
1798 1843 1832 1907 in
1855 1850 1911 1907 tuo
1942 1863 2041 1907 sensu

414 1956 472 2013 aut
498 1949 532 2013 in
560 1955 615 2012 tuo
645 1948 743 2013 corda
772 1946 931 2012 dominari
958 1947 1144 2033 permittas;
1176 1946 1209 2010 in
1231 1948 1304 2034 ipsa
1326 1949 1412 2013 enirn
1436 1947 1563 2012 initium
1588 1947 1726 2032 sumpsit
1750 1946 1854 2010 omnis
1878 1943 2040 2031 perditio!

415 2051 459 2116 Et
480 2051 567 2116 idern
591 2072 656 2115 non
678 2055 754 2136 post
776 2050 929 2115 multum:
960 2043 1206 2116 ‘Consilium1⁰0
1229 2073 1401 2139 sempera
1424 2053 1572 2139 sapiente
1596 2051 1759 2138 perquire,
1783 2049 1870 2114 omni
1892 2055 2040 2135 tempore
2061 2072 2084 2111 rs

415 2154 555 2220 benedic
576 2152 705 2218 Deumd
734 2160 768 2218 et
797 2160 874 2240 pete
903 2152 945 2218 ab
975 2175 1028 2232 eo,
1064 2160 1099 2218 ut
1121 2154 1190 2218 vias
1221 2161 1295 2219 tuas
1321 2154 1441 2241 dirigat
1470 2161 1504 2220 et
1532 2156 1640 2220 onmia
1664 2153 1801 2219 consilia
1831 2160 1886 2217 tua
1913 2151 2041 2238 inipso

415 2255 649 2344 permaneant’
694 2257 779 2322 Item
804 2255 904 2322 idem:
936 2249 1086 2321 ‘Audite1
1113 2279 1206 2342 ergo,
1229 2258 1287 2323 filii
1310 2260 1389 2340 mei,
1417 2265 1543 2346 patrem
1567 2266 1727 2339 vestrum,
1757 2257 1876 2322 servite
1900 2255 2042 2321 Domino

415 2362 449 2425 iu
472 2361 630 2426 veritate⁰
659 2367 693 2425 et
719 2361 885 2447 inquirite,
916 2368 953 2424 ut
975 2360 1118 2440 faciatis,
1143 2383 1225 2447 quae
1250 2368 1325 2426 sunt
1349 2362 1470 2449 placita
1492 2363 1554 2444 illi,
1584 2370 1618 2427 et
1640 2362 1713 2426 filiis
1737 2360 1856 2425 vestris
1879 2359 2041 2440 mandate,

415 2472 452 2529 ut
473 2463 595 2528 faciant
617 2464 814 2529 institisset
837 2464 1055 2548 elemosynas,
1079 2469 1113 2528 et
1135 2470 1171 2528 nt
1194 2465 1259 2528 siut
1280 2486 1444 2530 memores
1460 2464 1523 2530 Dei
1548 2463 1884 2530 etbenedicantenm
1905 2462 2042 2526 inomni
2140 2481 2142 2486 ’

416 2574 563 2653 tempore
586 2568 619 2633 in
644 2569 780 2634 veritate
805 2568 894 2634 etin
918 2573 985 2632 tota
1009 2568 1130 2633 virtute
1153 2567 1232 2636 sua’
2059 2587 2085 2626 ac

525 2686 607 2772 (61.)
642 2686 740 2773 capr
760 2686 818 2753 vl.
852 2677 936 2750 His²
964 2687 1114 2751 omnibus
1144 2689 1312 2774 prelibatis
1340 2690 1540 2754 notescimus
1565 2688 1675 2770 robis,
1705 2689 1792 2773 quod
1815 2709 1871 2768 ea,
1902 2706 1985 2772 quae
2008 2687 2041 2751 in

416 2791 565 2877 capitulis
588 2791 707 2855 vestris
731 2789 827 2854 nobis
850 2790 1021 2855 tractanda
1044 2791 1267 2872 commisistis,
1298 2793 1425 2857 scilicet
1447 2785 1571 2878 ‘quid‘3
1594 2814 1614 2856 a
1637 2791 1839 2878 principibus
1863 2795 1896 2855 et
1919 2790 2041 2876 reliquo

415 2894 536 2980 populo
560 2893 612 2958 rel
635 2894 691 2973 ita,
714 2899 751 2958 ut
766 2892 876 2958 divina
891 2895 1069 2958 auctoritas
1086 2893 1215 2972 doceat,
1236 2901 1293 2958 aut
1311 2895 1408 2959 aliter
1424 2902 1584 2976 teneatur,
1609 2896 1662 2959 rel
1678 2893 1777 2980 quidb
1799 2892 1875 2957 inde
1891 2915 1933 2958 ex
1949 2899 2042 2979 parte

416 3003 473 3062 aut
487 3016 530 3060 ex
546 3001 615 3090 tcto
632 2995 801 3061 dimissum
818 2998 870 3077 sit,
890 3004 926 3060 ιιι
945 3017 1008 3060 non
1024 2989 1218 3075 teneatur'3‚
1242 2997 1393 3076 latemur,
1417 2997 1493 3082 quia
1511 3000 1544 3063 in
1560 2999 1610 3062 bis
1627 2997 1788 3083 capitulis,
1812 3017 1874 3081 que
1891 2998 2042 3082 superius

418 3101 640 3178 continentur,
663 3109 812 3164 necnonss
834 3100 867 3164 in
890 3100 956 3180 bis,
983 3120 1068 3184 quae
1091 3101 1257 3185 praesenti
1280 3121 1365 3165 anno
1389 3102 1551 3166 conscribi
1574 3108 1609 3166 et
1629 3122 1688 3186 per
1710 3101 1827 3166 missos
1851 3106 1978 3165 vestros
2002 3102 2043 3165 ob
2062 3121 2087 3162 ιι

417 3203 496 3267 vitia
519 3201 762 3287 comprimenda
787 3222 847 3286 per
874 3203 1043 3287 imperium
1067 3208 1212 3266 vestrum
1235 3195 1441 3268 ιιιιιιιιιειιιῦ4
1465 3206 1568 3269 multa
1591 3205 1814 3269 demonstrata
1841 3209 1931 3283 sunt,
1959 3223 2044 3288 quae

418 3326 439 3370 a
459 3304 644 3392 pastoribus
668 3306 880 3371 ecclesiarum
904 3316 937 3370 et
960 3326 980 3370 a
1002 3304 1201 3391 principibus
1230 3311 1264 3370 et
1291 3305 1459 3393 areliquo
1482 3308 1603 3394 populo
1627 3308 1786 3371 hactenus
1808 3307 1962 3392 neglecta
1984 3327 2042 3370 ex-

417 3409 551 3490 titerint,
575 3415 608 3473 et
631 3409 736 3488 aliter,
761 3429 857 3494 quarn
880 3407 990 3473 divina
1013 3409 1192 3474 auctoritas
1216 3430 1251 3473 se
1275 3409 1407 3491 habeat,
1431 3411 1465 3475 in
1488 3413 1539 3476 hie
1563 3433 1619 3476 eos
1643 3411 1751 3496 egisse
1775 3414 1809 3474 et
1831 3430 1930 3495 agere
1952 3408 2043 3473 novi-

419 3536 503 3580 mus.
550 3512 615 3578 Sed
638 3515 665 3578 ei
688 3513 770 3578 baec
794 3518 907 3577 nostra
929 3512 1138 3578 sacerdotalis
1162 3511 1340 3578 admonitio
1363 3515 1517 3581 effectum
1539 3514 1612 3580 Deo
1636 3520 1794 3600 operante
1816 3535 1876 3598 per
1897 3519 2042 3578 vestrum

418 3618 539 3683 bonurn
563 3616 705 3682 studium
729 3616 848 3681 abhinc
872 3615 1063 3696 obtinuerit,
1086 3616 1264 3698 credimus,
1289 3617 1375 3702 quod
1399 3619 1509 3698 multa,
1532 3639 1616 3705 quae
1640 3639 1660 3682 a
1683 3617 1794 3681 multia
1817 3617 1923 3696 aliter,
1946 3635 2044 3701 qnam
2062 3639 2088 3680 ιο
2131 3694 2138 3704 .

418 3719 528 3785 divina
550 3720 728 3785 auctoritas
759 3719 953 3799 schabest,
982 3719 1116 3784 dimissa
1140 3725 1231 3800 sunt,
1260 3740 1344 3804 quae
1368 3742 1433 3785 non
1457 3720 1670 3802 tenebantur,
1701 3719 1915 3804 corrigentur.
1959 3717 2044 3782 Nam

418 3829 452 3888 et
480 3822 575 3903 illud,
605 3821 692 3909 quod
720 3823 754 3886 in
784 3820 906 3886 eisdem
934 3823 1084 3907 capitulis
1114 3823 1312 3904 continetur,
1340 3829 1376 3887 nt
1398 3824 1608 3889 manifestum
1630 3823 1740 3903 fieret,
1771 3843 1855 3908 quae
1884 3843 1984 3888 causa
2010 3821 2044 3886 id

418 3927 580 4008 effecerit,
613 3932 650 3991 ut
679 3925 868 3992 sacerdotes
896 3934 930 3992 et
952 3927 1113 4012 principes
1141 3934 1274 3991 arecto
1298 3928 1429 3993 tramite
1453 3920 1672 4009 deviassentl,
1708 3927 1855 4012 exceptis
1877 3925 2045 4012 premissis

419 4029 579 4116 capitulis,
602 4030 635 4093 in
660 4029 789 4115 quibus,
812 4030 897 4094 sicut
920 4030 1071 4111 diximus,
1094 4031 1197 4095 multa
1219 4031 1490 4117 neglegebantur,
1514 4032 1703 4118 specialiter
1722 4051 1823 4096 unum
1839 4029 2045 4095 obstaculum

419 4156 462 4200 ex
490 4134 592 4198 multo
621 4140 767 4219 ternpore
795 4135 860 4198 iarn
890 4134 1065 4198 inolevisse
1093 4135 1321 4220 cognovimns,
1354 4135 1387 4200 id
1416 4142 1482 4216 est,
1516 4136 1592 4221 quia
1621 4145 1653 4200 et
1679 4135 1867 4221 principalia
1897 4138 2044 4219 potestas
2063 4156 2089 4196 ιι

418 4237 560 4303 dirersis
590 4236 819 4301 occasionibus
850 4237 1142 4303 intervenientibus
1173 4259 1285 4318 secus,
1313 4261 1410 4325 quam
1438 4241 1616 4305 auctoritas
1644 4239 1756 4304 divina
1784 4236 1980 4317 schabest,
2011 4237 2044 4301 in

419 4362 535 4407 causas
560 4341 801 4406 ecclesiasticas
823 4341 1010 4427 prosiluerit
1038 4348 1071 4408 et
1095 4341 1284 4408 sacerdotes
1310 4344 1429 4428 partim
1452 4344 1679 4427 neglegentia,
1708 4342 1827 4429 partim
1849 4340 2043 4426 ignorantia,

418 4445 536 4531 partim
559 4443 738 4530 cupiditate
761 4445 794 4508 in
818 4444 1020 4509 secularibus
1044 4445 1185 4530 negotiis
1209 4451 1243 4510 et
1265 4445 1539 4511 sollicitudinibus
1559 4446 1655 4527 ultra,
1679 4465 1777 4531 quarn
1793 4444 1984 4522 debuerant,
2009 4463 2045 4507 se

419 4549 667 4635 occupaverint;
693 4556 727 4614 et
749 4548 811 4613 hac
835 4549 1008 4614 occasione
1032 4549 1139 4629 aliter,
1161 4569 1258 4635 qnam
1274 4549 1386 4615 divina
1402 4550 1578 4614 auctoritas
1595 4548 1719 4630 doceat,
1742 4550 1775 4614 in
1791 4555 1930 4636 utraque
1952 4558 2044 4638 parte

419 4658 527 4718 actum
551 4653 701 4717 extitisse
725 4651 858 4717 dubium
882 4673 948 4716 nou
971 4657 1031 4718 est.
1074 4651 1140 4717 Sed
1155 4653 1242 4739 quia,
1264 4652 1338 4718 Dec
1361 4653 1549 4734 miserante,
1572 4653 1871 4738 aprogenitoribus
1896 4661 1930 4720 et
1951 4654 2043 4740 geni·
2062 4677 2088 4716 ιι

419 4764 491 4822 tore
515 4763 624 4822 vestro
648 4762 682 4821 et
704 4756 831 4821 avobis
853 4757 956 4822 multa
972 4763 1119 4822 correcta
1133 4755 1367 4842 gratulamurl,
1392 4756 1420 4821 si
1436 4777 1487 4836 ea,
1510 4775 1594 4841 qnae
1611 4754 1833 4836 admonemus,
1855 4778 2045 4843 prospemm

420 4881 609 4926 successum
633 4859 822 4938 habuerint,
853 4858 1030 4942 credimus,
1053 4860 1137 4946 quod
1161 4859 1204 4924 ad
1226 4860 1436 4945 perfectionis
1462 4865 1581 4924 statum
1606 4859 1739 4924 vestral
1762 4861 1898 4925 intentio
1921 4867 2045 4926 nostra·
2123 4908 2126 4916 ·

419 4963 494 5051 que¹
519 4963 651 5028 devotio
674 4963 747 5028 Deo
775 4969 968 5049 cooperante
992 4963 1186 5050 pervenirek
1212 4965 1326 5049 possit.
1372 4964 1624 5043 Verumtamen,
1654 4963 1729 5049 qnia
1752 4963 1901 5028 novimus
1925 4968 2045 5028 statum

522 5153 549 5218 d)
568 5154 623 5205 Deo
643 5150 665 5203 1.
735 5151 761 5216 a)
780 5153 893 5205 bonitate
911 5151 935 5204 1.
1006 5152 1107 5221 liquis
1126 5153 1149 5206 1.
1219 5152 1248 5222 g)
1267 5170 1367 5206 necnon
1445 5155 1573 5221 direxistis
1594 5171 1642 5206 οιιι.
1663 5153 1685 5205 1.
1757 5153 1785 5218 h)
1802 5155 2004 5223 gratulabantur
2023 5153 2046 5206 1.

419 5236 438 5305 i)
457 5245 593 5306 rastraque
614 5237 636 5290 1.
724 5236 751 5302 ι)
771 5239 919 5305 pervincere
938 5238 961 5292 1.
2064 5253 2089 5294 ιι

522 5407 566 5475 97)
587 5410 609 5463 1.
628 5405 750 5474 Paralia.
768 5406 810 5475 28,
824 5408 848 5461 9.
945 5409 989 5476 98)
1010 5408 1071 5464 Τοι.
1089 5408 1115 5476 4,
1129 5409 1206 5464 6-8.
1302 5409 1347 5477 99)
1366 5407 1564 5478 ludensis.
1575 5411 1616 5465 14.
1714 5411 1776 5478 100)
1794 5409 1897 5465 Ibidem
1911 5411 1937 5478 t,
1951 5411 1993 5466 19.
2004 5412 2046 5466 20.

422 5511 448 5579 1)
467 5508 572 5564 Ibidem
590 5509 740 5576 ll,10.ll.
845 5509 873 5577 2)
894 5511 970 5566 Coae.
989 5512 1077 5566 Poris.
1095 5511 1136 5566 lab.
1150 5511 1207 5580 111,
1225 5528 1247 5566 c.
1259 5512 1302 5580 26,
1322 5511 1418 5566 Manet
1431 5511 1513 5579 XIV,
1531 5512 1828 5581 ool.603aq.=00ac.
1846 5513 1974 5583 Δφιιιρι.
1988 5513 2047 5582 836,

414 5627 482 5681 para
496 5612 554 5681 HL
572 5628 595 5667 c.
609 5611 650 5666 ιι.
661 5611 702 5679 lb,
720 5611 738 5666 ι.
749 5627 770 5666 c.
788 5614 837 5670 col.
849 5613 900 5670 692
916 5629 953 5682 ια.
1039 5615 1068 5684 3)
1087 5613 1342 5672 &cesaream
1358 5617 1474 5685 mles,
1492 5617 1753 5686 reproperata.
1841 5618 1868 5688 4)
1889 5616 1945 5686 ιιι.
1963 5633 2050 5689 aspra

418 5717 739 5786 sacracramenta.
828 5720 856 5788 5)
875 5718 932 5786 ιιι.
951 5719 1093 5777 marcar
1112 5721 1227 5791 saliit,
1246 5720 1559 5792 capraemortem.
