4560 6426
387 443 632 499 carrucarum
652 443 779 500 REGUM
797 445 818 498 F
820 445 981 500 usnemu
999 445 1261 502 OCOIDEN'I'ALIS
1280 445 1429 516 (KAROLI
1441 445 1488 516 ΙΙ).
1506 475 1538 485 -
1558 445 1606 500 Nr.
1618 444 1677 499 273.
1780 448 1842 510 327

220 625 330 684 manet
353 617 471 683 caritas
492 617 555 682 Dei
577 619 610 682 iu
633 618 694 685 eo.’
740 619 784 684 ut
806 620 861 705 qui
884 641 948 684 non
971 620 1072 686 habet
1101 621 1185 686 hauc
1209 622 1392 700 caritatem,
1421 620 1550 686 etiamsi
1578 619 1620 684 ad
1651 619 1842 704 martyrium
1861 621 1921 678 864.

221 729 254 786 et
277 721 318 786 ad
341 722 449 806 iguem
474 742 509 786 se
533 721 730 802 tradideris,
754 724 824 788 sine
847 723 911 786 ista
931 723 1068 788 caritate
1092 725 1317 789 remissionem
1343 732 1551 810 peccatorum
1567 743 1698 787 suorum
1723 722 1843 788 habere

221 845 285 889 ιιοιι
308 825 441 910 poterit,
474 831 508 890 et
530 826 717 891 nullatenus
750 828 783 891 in
806 845 941 912 reguum
965 827 1030 892 Dei
1052 828 1201 907 intrabit,
1231 829 1307 914 quia
1336 849 1394 916 pro
1417 827 1490 892 Deo
1515 847 1592 892 suos
1617 826 1767 892 denarios
1791 825 1843 890 vel

222 949 313 993 suam
339 949 509 1006 annonam,
533 951 617 1014 quae
641 952 661 995 a
682 930 756 998 Deo
781 933 917 1018 accepit,
942 930 1020 996 dare
1044 952 1107 996 uon
1132 932 1289 1010 indurat¹,
1322 953 1394 997 cum
1417 931 1510 996 Deus
1539 931 1684 1016 seipsum
1709 936 1742 994 et
1765 950 1842 994 san-

189 1033 353 1117 sguinem
377 1053 471 1098 suum
495 1054 554 1120 pro
579 1055 617 1098 eo
647 1034 680 1099 in
711 1055 804 1099 cruce
834 1036 935 1100 clavis
965 1040 998 1100 et
1026 1036 1141 1100 lancea
1171 1037 1347 1101 transfixus
1371 1036 1463 1102 fudit.
1510 1034 1553 1099 Et
1577 1035 1654 1120 quia
1676 1034 1841 1099 hominum

220 1137 369 1222 ingenia,
400 1139 457 1223 qui
485 1137 594 1203 Deum
622 1159 688 1203 nou
717 1139 849 1217 timent,
876 1138 1007 1204 diabolo
1038 1139 1197 1205 suadente
1231 1141 1333 1205 multa
1361 1140 1469 1204 malaa
1496 1140 1703 1224 excogitant,
1733 1145 1844 1224 potest

220 1240 304 1321 fleri,
331 1247 385 1323 ut,
418 1241 473 1326 qui
503 1241 587 1305 tales
618 1241 768 1306 homines
798 1242 922 1307 liberos
953 1243 1167 1323 necessitate,
1203 1250 1240 1306 ut
1272 1242 1431 1321 diximus,
1467 1249 1605 1328 cogente
1641 1243 1674 1306 in
1710 1243 1842 1307 servosb

220 1346 413 1433 suscipiunt,
442 1347 476 1410 in
499 1346 621 1411 alteras
644 1354 755 1433 partes
787 1347 859 1410 illos
888 1346 1084 1432 dispendant
1107 1355 1140 1412 et
1164 1347 1316 1412 vendant.
1374 1347 1556 1433 Propterea
1579 1367 1644 1410 uuo
1667 1367 1740 1411 cum
1764 1368 1841 1412 cou-

220 1469 318 1513 sensu
341 1454 391 1513 etc
415 1447 559 1513 fidelium
575 1456 760 1515 nostrorum
776 1450 925 1514 consilio⁰
949 1451 1187 1531 constituimus,
1212 1451 1296 1536 quod
1321 1451 1353 1514 iu
1370 1451 1513 1536 antiquis
1529 1450 1658 1536 legibus
1675 1449 1843 1514 decretum

177 1583 201 1623 ro
219 1543 449 1633 invenimus29,
472 1559 518 1633 ut,
543 1555 569 1618 si
593 1554 778 1619 huiusmodi
801 1575 957 1640 personas
980 1554 1081 1640 aliqui
1108 1563 1165 1620 aut
1188 1555 1229 1621 ad
1253 1561 1429 1620 extraneas
1452 1561 1568 1639 gentes
1592 1561 1649 1618 aut
1672 1555 1712 1619 ad
1737 1561 1841 1619 traus-

219 1659 343 1722 marina
365 1659 438 1722 loca
461 1657 638 1723 transferre
666 1665 724 1723 aut
747 1659 935 1724 venundare
959 1660 1253 1745 praesumpserint,
1282 1660 1369 1744 ipse,
1401 1659 1456 1743 qui
1486 1658 1547 1722 hoc
1578 1664 1690 1724 eontra
1718 1664 1843 1723 statuta

219 1762 496 1849 praesumpserit,
528 1763 792 1828 constitutionem
823 1762 905 1848 regii
931 1762 1030 1827 banni
1053 1770 1238 1848 componat.
1289 1762 1332 1826 Et
1356 1763 1383 1826 si
1406 1761 1482 1826 talis
1506 1762 1604 1826 homo
1627 1769 1726 1828 autea
1747 1763 1842 1842 liber,

218 1887 322 1951 usque
345 1865 421 1930 dum
445 1866 477 1929 iu
501 1865 558 1930 tali
582 1865 716 1929 servitio
740 1866 849 1941 fuerit,
873 1865 914 1930 de
937 1865 1042 1931 libera
1057 1867 1180 1932 femina
1202 1867 1287 1931 filios
1304 1866 1464 1947 habuerit,
1489 1867 1553 1952 ipsi
1576 1866 1634 1932 filii
1649 1867 1744 1930 liberi
1767 1887 1841 1952 per-

218 1975 384 2048 maneant,
416 1969 501 2034 sicut
529 1969 562 2033 iu
593 1968 741 2054 praefato
766 1968 891 2033 XXIX.
920 1970 1064 2055 capitulo
1085 1968 1166 2034 ΙΙΙᾺἱ
1193 1969 1267 2034 libri
1298 1971 1514 2056 capitulorum
1545 1970 1774 2034 decessorum⁰
1803 1991 1842 2033 ac

178 2105 201 2144 a
219 2075 461 2161 progenitorum
487 2080 669 2137 nostrorum
692 2073 833 2138 habetur
856 2072 907 2138 ‘de
918 2065 946 2111 17
968 2094 1025 2152 eo,
1055 2073 1109 2158 qui
1133 2095 1168 2138 se
1193 2073 1264 2137 loco
1287 2073 1385 2138 wadii
1413 2075 1445 2137 in
1475 2074 1610 2138 alterius
1641 2079 1840 2160 potestatem

219 2175 446 2254 commiserit’;
470 2178 562 2242 salva
585 2178 816 2242 constitutione
841 2178 923 2262 legis
946 2167 1153 2242 Romanae2³
1177 2177 1210 2240 iu
1234 2178 1296 2258 eis,
1322 2179 1376 2263 qui
1401 2177 1579 2242 secundum
1604 2178 1694 2243 illam
1717 2177 1841 2240 vivunt.

327 2285 377 2347 35.
412 2280 475 2345 Ει4
497 2282 603 2345 sciant
636 2282 772 2347 comites
796 2283 915 2362 nostri,
943 2272 1068 2367 ‘quia30
1097 2301 1154 2368 per
1184 2283 1329 2368 singulos
1360 2283 1531 2354 comitatus
1560 2267 1678 2346 missos
1711 2288 1841 2345 nostros

218 2387 426 2472 dirigemusss,
450 2387 506 2471 qui
531 2379 754 2471 specialiter31
781 2385 845 2450 deh
868 2385 949 2461 hiel,
979 2406 1062 2470 quae
1086 2406 1171 2450 nunc
1195 2387 1439 2462 constituimus,
1464 2386 1643 2470 inquirant,
1668 2375 1837 2470 qualiter3¹

217 2491 249 2554 lu
274 2491 325 2554 his
350 2496 492 2554 nostram
515 2488 691 2554 iussionem
715 2489 895 2575 adimplere
919 2487 1136 2564 certaverint',
1169 2490 1252 2553 siout
1282 2491 1314 2554 iu
1339 2489 1483 2555 secundo
1507 2489 1589 2554 libro
1614 2487 1842 2575 capitulorum¹

175 2593 447 2661 mdceessorum⁰
474 2615 513 2658 ac
535 2595 779 2679 progenitorum
814 2601 995 2658 nostrorum
1026 2595 1222 2672 continetur,
1253 2594 1395 2680 capitulo
1411 2592 1544 2667 XVIII;
1579 2597 1623 2656 ‘ct
1646 2592 1840 2677 quicumque

216 2699 398 2784 neglegens
422 2696 497 2762 iude
528 2698 680 2762 inventus
710 2698 822 2778 luerit,
852 2698 1106 2783 praecipiemus,
1134 2708 1171 2762 ut
1200 2705 1276 2763 aute
1305 2704 1447 2762 nostram
1478 2697 1696 2784 praesentiam
1730 2697 1840 2762 venire

216 2802 368 2868 iubeatur
392 2809 425 2867 et
453 2802 612 2868 rationem
642 2801 789 2881 reddatl‘,
817 2800 945 2866 utrumk
974 2801 1051 2880 boc,
1076 2801 1161 2889 quod
1190 2803 1359 2880 iussimus,
1383 2801 1491 2866 lacere
1520 2800 1662 2864 uoluerit
1692 2805 1748 2862 aut
1775 2820 1839 2862 non

215 2907 356 2992 potuerit
378 2912 453 2980 aut,
489 2907 516 2970 si
545 2907 657 2992 aliqua
686 2929 720 2972 re
743 2906 977 2993 praepediente
1009 2906 1041 2970 id
1070 2907 1179 2972 faeere
1208 2928 1272 2971 uon
1299 2906 1420 2992 potuit,
1455 2926 1510 2969 cur
1538 2903 1631 2968 uobis
1654 2905 1755 2990 ipsam
1780 2905 1839 2968 im·

215 3011 468 3096 possibilitatem
498 3009 539 3074 ad
563 3018 692 3096 tempus
723 3031 786 3074 uon
817 3010 1029 3074 adnuntiavit.
1077 3008 1179 3086 Quia,
1207 3011 1234 3074 si
1262 3011 1332 3096 ipse
1363 3009 1426 3074 hoc
1458 3029 1524 3072 nou
1548 3009 1651 3073 voluit
1682 3014 1738 3072 aut
1762 3029 1840 3072 suae

171 3147 196 3184 a
215 3115 446 3199 neglegentiae
471 3113 586 3179 causa¹
611 3135 673 3178 uon
696 3114 813 3200 potuit,
838 3134 896 3177 nos
920 3114 1019 3177 talem
1042 3113 1189 3178 inveniro
1213 3114 1376 3192 volumus,
1402 3114 1456 3197 qui
1480 3112 1552 3192 hoc,
1576 3111 1662 3196 quod
1678 3111 1839 3190 iubemus,

216 3238 347 3282 servare
371 3217 451 3282 velit
473 3223 558 3281 aut¹¹¹
580 3215 705 3302 possit?

322 3323 373 3385 36.
409 3312 649 3401 ‘voluntarla
672 3319 730 3400 ut’,
761 3321 845 3384 sicut
876 3321 908 3383 in
939 3320 1083 3385 secundo
1112 3321 1195 3386 libro
1224 3321 1442 3406 capitulorum
1472 3319 1682 3386 decessorum
1705 3340 1743 3382 ac
1767 3340 1840 3406 pro-

213 3425 397 3509 genitorum
424 3431 606 3490 nostrorum
630 3426 833 3502 continetur,
866 3424 1007 3509 capitulo
1031 3423 1156 3504 XXIV,
1192 3425 1284 3490 ‘haec
1308 3425 1467 3511 capitula,
1500 3445 1584 3509 quae
1607 3445 1692 3489 nuuc
1716 3430 1749 3486 et
1776 3424 1840 3486 alio

215 3535 361 3615 tempore
394 3529 545 3594 consultu
575 3527 720 3593 fidelium
749 3534 933 3592 nostrorum
961 3551 980 3592 a
1009 3528 1102 3594 uobis
1129 3530 1306 3594 constituta
1330 3536 1421 3610 sunt,
1452 3551 1471 3594 a
1500 3528 1695 3594 cancellario
1728 3533 1839 3592 nostro

170 3634 451 3720 coarchiepiscopi
475 3639 508 3698 et
532 3633 667 3698 comites
691 3642 823 3698 eorum⁰
855 3631 896 3696 de
928 3634 1066 3719 propriis
1101 3634 1288 3698 civitatibus
1322 3632 1417 3698 modo
1455 3640 1511 3698 aut
1542 3655 1601 3720 per
1630 3653 1665 3696 se
1696 3637 1753 3696 aut
1782 3652 1841 3717 per

213 3757 290 3802 suos
314 3739 431 3802 missos
447 3739 625 3823 accipiant;
650 3744 682 3802 et
697 3737 919 3820 unusquisque
944 3757 1110 3823 persuum
1128 3737 1301 3802 dioecesim
1319 3737 1440 3812 ceteris
1457 3737 1629 3822 episcopis,
1653 3735 1839 3818 abbatibus,

213 3842 385 3906 comitibus
410 3848 488 3906 aute
511 3841 584 3904 aliis
600 3838 750 3904 fidelibus
767 3839 887 3904 nostris
912 3861 953 3904 ea
969 3841 1141 3906 transcribi
1158 3841 1290 3920 iaciant,
1315 3848 1348 3904 et
1372 3841 1404 3904 iu
1422 3841 1489 3906 suis
1506 3839 1713 3904 comitatibus
1730 3859 1838 3903 coram

212 3946 362 4010 omnibus
386 3945 564 4030 relegante,
587 3951 623 4009 ut
646 3945 771 4009 cunctis
795 3951 907 4009 nostra
937 3945 1096 4009 ordinatio
1120 3952 1153 4010 et
1171 3947 1323 4010 voluutas
1347 3953 1426 4010 uota
1449 3945 1518 4008 ficri
1542 3945 1654 4030 possit.
1700 3941 1837 4008 Oauoel·

213 4049 313 4113 larius
341 4055 450 4113 autem
481 4055 595 4112 noster
621 4049 754 4112 nomina
783 4049 1010 4134 episcoporum
1043 4055 1075 4112 et
1108 4049 1275 4128 comitum,
1301 4049 1356 4134 qui
1391 4070 1431 4114 ea
1460 4049 1610 4134 accipere
1641 4049 1838 4120 curaverint,

169 4191 193 4226 ³,
214 4159 314 4232 notet,
339 4159 372 4216 et
395 4175 435 4218 ea
458 4152 500 4216 ad
523 4159 668 4216 nostram
692 4153 841 4216 notitiam
865 4152 1020 4239 parserat,
1046 4159 1083 4217 ut
1105 4152 1213 4216 nullus
1237 4152 1317 4216 hocr
1341 4153 1603 4238 praetermittere
1626 4149 1836 4238 praesumat.'

319 4259 371 4323 37.
406 4255 466 4320 Et·
497 4258 650 4340 quoniam
678 4255 919 4321 fidelesuostri
944 4257 1088 4336 inistis,
1112 4258 1212 4341 quaet
1240 4256 1272 4320 iu
1301 4256 1454 4343 Sequana
1485 4247 1611 4330 fiunt33,
1643 4263 1677 4320 et
1707 4256 1740 4318 in
1763 4254 1836 4318 aliis

211 4359 364 4447 operibus
387 4359 540 4424 laborant
563 4367 597 4424 et
620 4350 866 4445 heribergum34²
889 4367 1054 4438 nostrum,
1084 4358 1171 4443 quod
1194 4362 1373 4446 praeterito
1396 4383 1481 4425 anuo
1504 4360 1556 4424 hic
1579 4360 1648 4424 fieri
1672 4360 1836 4436 iussimus,

212 4465 383 4529 homiues¹¹
409 4464 450 4529 de
481 4465 540 4528 illa
567 4470 659 4550 parte
687 4462 860 4550 Sequanae
888 4465 921 4526 in
950 4465 1029 4528 istas
1060 4471 1171 4549 partes
1202 4465 1372 4529 venientes
1402 4470 1455 4528 etv
1478 4462 1518 4528 de
1542 4464 1611 4527 istis
1635 4463 1781 4548 partibus
1804 4462 1835 4525 in

210 4569 283 4633 illas
305 4575 414 4654 partes
438 4574 554 4633 euntes
578 4566 813 4632 destruxerunt
836 4590 897 4654 per
917 4568 1135 4650 occasionem,
1160 4569 1234 4654 quia
1251 4570 1284 4633 iu
1300 4569 1355 4634 illo
1373 4575 1485 4634 contra
1501 4567 1666 4634 debitamv
1682 4587 1834 4631 reveren-

166 4807 192 4844 to
313 4785 340 4854 y)
358 4787 464 4839 tradidit
483 4785 506 4838 l.
593 4786 618 4850 z)
638 4785 740 4851 Euplic.
759 4787 784 4838 5.
870 4787 896 4850 ιι)
914 4804 961 4838 om.
981 4785 1005 4839 6.
1099 4787 1125 4850 b)
1145 4785 1261 4838 servoli.
1355 4785 1380 4850 c)
1399 4804 1447 4837 orn.
1465 4785 1490 4838 3.
1577 4786 1604 4850 d)
1623 4786 1706 4852 quarti
1724 4782 1748 4836 3.
1766 4783 1791 4836 4.
1810 4783 1833 4836 6.

209 4872 233 4938 ο)
252 4875 474 4942 praedecessorum
487 4872 512 4926 2.
526 4871 550 4926 3.
638 4875 661 4938 l)
681 4875 753 4925 Haec
767 4875 883 4941 capitula
895 4876 992 4940 ubique
1010 4891 1056 4941 per
1067 4890 1176 4940 reguum
1189 4874 1319 4940 vulganda
1336 4881 1362 4924 ct
1375 4869 1426 4938 [da]
1445 4874 1645 4924 contemtoribus
1657 4881 1833 4941 preceptorum

208 4961 280 5010 rubr.
298 4961 325 5011 ιἰι
343 4960 367 5013 6.
437 4962 465 5028 g)
485 4961 618 5027 dirigimus
636 4959 660 5012 6.
736 4960 764 5025 h)
784 4979 830 5011 om.
851 4958 875 5012 4.
946 4963 965 5022 i)
983 4969 1127 5012 nostrorum
1146 4960 1208 5009 odd.
1227 4959 1250 5010 6.
1326 4958 1356 5023 k)
1375 4960 1532 5011 redditumm
1551 4957 1575 5010 4.
1650 4960 1669 5023 Ι)
1687 4975 1790 5010 οιιιιιιιιιιι
1809 4959 1833 5009 6.

208 5047 245 5112 m)
264 5055 290 5099 ot
306 5046 331 5099 4.
350 5047 374 5098 6.
478 5049 506 5112 n)
525 5051 547 5099 A
566 5047 719 5099 cancellario
742 5049 828 5114 palatii
853 5049 899 5099 hec
923 5049 1039 5115 capitula
1062 5047 1212 5113 accipienda
1235 5063 1280 5114 par
1298 5047 1490 5112 archiepiscopos
1508 5054 1534 5097 at
1551 5045 1656 5098 comites
1673 5047 1745 5096 rubr.
1764 5047 1791 5096 la
1810 5045 1833 5096 6.

208 5137 234 5198 ο)
252 5136 332 5186 nostri
349 5133 374 5186 3.
473 5134 501 5201 p)
519 5141 546 5186 et
562 5132 587 5186 3.
599 5133 624 5186 4.
643 5133 667 5186 6.
766 5133 793 5201 q)
811 5133 941 5202 leguntii.
1040 5133 1061 5198 r)
1080 5134 1143 5186 haec
1163 5133 1185 5184 1.
1284 5133 1306 5198 s)
1324 5134 1399 5197 Quod
1422 5133 1509 5184 nullus
1533 5133 1721 5184 transeuntium
1739 5134 1834 5183 audere

165 5239 191 5278 ιι
209 5223 300 5274 debeat
317 5223 344 5272 in
363 5223 497 5288 heribergo
515 5222 586 5290 ragio
604 5223 681 5274 Pistis
699 5229 845 5274 colustructc
864 5238 968 5273 manare
987 5222 1058 5272 rubr.
1076 5222 1105 5272 ιἰι
1117 5219 1141 5273 6.
1213 5219 1234 5284 t)
1253 5219 1297 5287 qui
1315 5219 1340 5270 2.
1353 5216 1378 5271 3.
1449 5217 1478 5286 ιι)
1496 5228 1522 5270 et
1539 5218 1639 5271 addb.
1709 5217 1736 5285 v)
1750 5237 1797 5270 om.
1807 5217 1832 5272 6.

312 5419 357 5488 29)
383 5418 437 5486 Osr.
462 5417 531 5473 Neo.
547 5418 681 5472 Valentia.
695 5417 752 5473 ΠΙ.
777 5418 817 5472 tit.
833 5417 891 5482 XI,
912 5420 940 5485 1,
964 5418 981 5471 l.
994 5433 1031 5484 o.,·
1053 5415 1113 5470 Leo:
1130 5417 1209 5484 Anat.
1233 5421 1257 5470 ct
1272 5415 1372 5470 Wm'a.
1384 5431 1405 5474 c,
1418 5415 1461 5482 40,
1479 5412 1539 5468 LL.
1556 5414 1585 5482 V,
1606 5431 1635 5484 p.
1648 5411 1709 5478 132·
1732 5413 1833 5467 Weber·

207 5525 224 5579 l.
236 5539 256 5577 r.
277 5523 337 5590 11²,
351 5540 379 5592 p.
392 5527 422 5582 b.-
444 5524 578 5578 Brrmrsrr
595 5525 611 5577 1.
624 5539 647 5577 c.
661 5523 708 5588 Π,
726 5539 755 5592 p.
769 5524 828 5579 478.
918 5524 962 5590 30)
981 5524 1078 5592 Αιιιᾳι.
1093 5521 1139 5589 ΙΙ,
1161 5538 1182 5575 c.
1197 5523 1238 5589 18,
1257 5521 1273 5574 l.
1287 5535 1310 5576 r.
1324 5537 1352 5588 p.
1366 5520 1430 5586 418,
1446 5519 1525 5573 miss
1537 5519 1611 5573 rerba
1628 5519 1672 5572 bic
1684 5519 1832 5587 pardlispsr

206 5633 312 5682 mutato
329 5634 399 5683 srrrst.
487 5629 531 5694 31)
549 5627 701 5696 diligenter
719 5627 864 5694 inquirant
882 5625 1003 5695 qualiter
1024 5625 1139 5679 comites
1158 5626 1256 5694 Arsa.
1274 5625 1290 5678 l.
1304 5641 1325 5679 c.
1419 5624 1463 5690 38)
1481 5624 1552 5677 Ibid.
1571 5640 1592 5677 c.
1603 5625 1646 5690 24,
1664 5624 1679 5677 l.
1692 5639 1713 5676 c.
1729 5641 1758 5692 p.
1770 5625 1829 5676 419.

207 5733 251 5800 33)
271 5731 323 5798 Csr.
339 5749 422 5800 srcpra
434 5749 462 5800 p.
476 5734 535 5801 311,
553 5748 574 5786 c.
587 5733 611 5786 2.
630 5736 653 5784 et
668 5730 785 5798 praefat.
880 5731 924 5798 34)
944 5727 1001 5793 Cfr.
1017 5727 1050 5781 Η
1053 5727 1107 5782 lud.
1121 5727 1161 5781 ΙΙ.
1183 5727 1247 5796 Cap.
1266 5728 1335 5796 Pop.
1355 5729 1415 5794 866,
1432 5744 1517 5796 supro
1531 5744 1559 5796 p.
1573 5727 1615 5794 67,
1634 5745 1656 5780 c.
1670 5728 1693 5781 l.
