4590 6420
399 430 644 486 currruulum
664 431 792 486 REGUM
812 429 995 484 Fatucluu
1014 431 1278 487 oceluuuuauls
1296 432 1447 498 (Kartum
1460 432 1518 500 lll).
1538 463 1571 472 -
1590 433 1638 487 Νι.
1651 433 1710 488 290.
1804 437 1863 499 381

348 607 379 672 8.
414 605 537 671 Omnes
561 613 626 671 tam
651 605 775 686 elerici,
799 627 895 692 quam
922 607 997 672 laiei
1022 606 1229 694 supradictae
1252 606 1411 673 eeclesiae
1434 613 1579 674 nostram
1604 606 1763 674 adeunte·
1787 607 1864 672 sub·
1883 614 1943 668 990.

242 710 412 773 limitatam
443 710 602 774 luetuoeie
632 710 767 774 vocibus
796 710 1022 790 innotuerunt,
1056 708 1233 796 quodiam
1261 719 1461 777 memoratus
1492 711 1669 777 Hilduinus
1698 733 1770 777 eum
1801 713 1867 776 auia

241 812 458 900 praedonibus
480 813 565 878 bona
589 814 717 878 illorum
741 813 875 899 diripuit
896 833 1090 898 omnemque
1113 814 1242 878 illorum
1258 814 1447 880 facultatem
1471 823 1504 881 et
1527 816 1765 902 supellectilem
1790 815 1864 880 abe-

241 919 316 983 tulit
344 917 504 1004 nihilque¹
533 918 596 983 illie
625 920 795 999 remansit,
826 919 912 984 uude
937 920 1054 984 saltem
1083 918 1144 984 eibi
1179 920 1283 983 vietus
1312 919 1542 985 uulfieientiam
1571 919 1781 992 adhiberent;
1808 918 1865 983 ed-

209 1021 357 1088 edentes
382 1023 480 1087 etiam
505 1023 537 1086 in
561 1022 730 1110 precibus,
760 1029 796 1086 ut
819 1031 929 1087 vestro
958 1023 1091 1087 oonsilio
1121 1022 1410 1109 adiungeretur,
1439 1045 1481 1088 ne
1504 1024 1643 1111 amplius
1666 1024 1810 1110 praedae
1835 1030 1868 1086 et

241 1127 415 1215 direptioni
444 1133 611 1213 paterent,
642 1127 700 1193 aed
731 1126 796 1191 illie
827 1127 867 1192 ad
900 1126 1114 1192 ordinandum
1150 1127 1301 1192 daremus
1331 1127 1517 1214 pontificem
1547 1127 1739 1206 Richerum‚
1769 1148 1867 1213 quem

240 1231 443 1296 concorditer
466 1231 648 1318 elegerunt.
695 1231 745 1296 De
770 1231 887 1317 quibus
911 1229 1065 1294 videlieet
1087 1230 1237 1294 omnibus
1259 1230 1313 1294 hie
1337 1231 1540 1317 capitulatim
1564 1231 1697 1296 insertis
1720 1240 1865 1295 vestrum

241 1356 413 1423 precamur
435 1337 646 1422 pontificium,
670 1343 706 1400 ut
729 1341 861 1423 propter
885 1334 992 1398 Deum
1017 1341 1050 1399 et
1073 1334 1233 1412 debitam,
1265 1355 1361 1419 quam
1386 1334 1480 1398 nobie
1503 1335 1641 1420 polliciti
1665 1336 1761 1415 aetia,
1784 1335 1865 1399 fide·

240 1440 366 1504 litatem
390 1461 448 1526 pro
473 1441 596 1506 viribus
620 1440 740 1505 exinde
764 1440 939 1519 adiuvetis,
971 1445 1008 1504 ut
1036 1447 1147 1503 noster
1168 1439 1272 1503 honor
1295 1440 1328 1503 in
1352 1438 1536 1504 huiusmodi
1562 1440 1703 1524 negotiis
1727 1439 1866 1525 amplius

199 1575 224 1614 ιο
241 1563 304 1607 non
329 1542 500 1607 decrescat
517 1552 555 1619 et
579 1551 683 1608 status
708 1550 842 1608 sanetae
866 1542 929 1607 Dei
955 1543 1116 1607 ecelesiae
1140 1543 1335 1607 stabiliatur.

345 1717 365 1785 ι)
385 1719 448 1768 mur
468 1718 491 1769 r.
