4568 6434
337 427 607 482 Anulunuuu'rn
627 427 675 481 ΑΙ)
693 426 938 482 utplurimum
958 391 1088 483 RueUM
1107 429 1292 486 tenuclae
1311 429 1541 486 onfflnuauls.
1561 461 1594 470 —
1613 432 1662 486 Nr.
1674 431 1734 486 249.
1789 434 1850 497 189

333 599 394 686 (9.)
427 600 507 666 Des
529 601 756 666 infantibus
779 600 995 687 obpressis.
1045 602 1082 667 Si
1105 603 1176 688 quis
1200 602 1358 667 infantem
1382 624 1476 668 suum
1499 605 1630 670 incaute
1654 605 1853 691 oppresserit
1869 613 1929 668 852.

225 709 282 768 aut
304 705 575 769 vestimentorum
604 704 747 788 pondere
776 704 984 769 suffocaverit
1010 711 1086 790 post
1114 705 1308 791 baptismah,
1340 707 1506 791 proximos
1530 706 1590 771 XL
1614 707 1684 773 dies
1707 707 1854 793 peniteat

226 808 258 871 in
273 828 359 892 pane
379 812 412 871 et
432 827 517 892 aqua
537 813 571 871 et
590 806 733 871 oleribus
755 815 854 892 atque
876 808 1098 894 leguminibus
1122 816 1155 874 et
1175 831 1194 874 a
1215 809 1381 900 coniugio¹
1402 831 1438 874 se
1463 810 1643 885 abstineat;
1668 817 1785 897 postea
1800 809 1853 874 Ill

226 932 328 976 annos
358 911 392 974 in
419 911 600 995 penitentia
628 909 762 994 exigat¹¹
789 932 847 994 per
875 912 1038 996 legitimas
1068 912 1168 977 ferias
1198 919 1232 977 et
1253 911 1306 975 HI
1329 912 1605 997 quadragesimas.
1651 912 1695 978 Et
1723 915 1750 978 si
1777 917 1853 977 ante

195 1014 426 1099 abaptismum
456 1013 659 1098 oppresserit
688 1013 862 1094 infantem,
896 1015 1064 1099 proximos
1093 1014 1163 1079 dies
1186 1014 1261 1095 XL,
1294 1021 1330 1079 ut
1359 1036 1473 1101 supra;
1507 1023 1625 1102 postea
1651 1037 1729 1081 vero
1758 1016 1852 1100 quin-

226 1117 404 1202 quennium
428 1117 572 1201 expleat.

334 1236 415 1322 (10.)
455 1235 512 1300 De
547 1234 783 1303 adulterio¹.
840 1235 873 1299 si
906 1237 977 1321 quis
1010 1237 1200 1302 incestorum
1236 1237 1363 1302 occulte
1405 1238 1593 1303 conmiserit
1625 1245 1659 1302 et
1692 1238 1854 1304 sacerdoti

226 1339 352 1403 occulte
376 1337 616 1404 confessionem
640 1340 755 1422 egerit,
779 1337 941 1402 indicetur
963 1340 993 1403 ei
1017 1339 1196 1404 remedium
1220 1342 1420 1417 canonicum,
1444 1341 1529 1425 quod
1553 1342 1663 1406 subire
1687 1340 1854 1421 debuerat,

227 1443 253 1505 si
281 1441 351 1505 eius
378 1441 505 1506 lacinus
535 1441 701 1527 publicum
725 1442 858 1516 fuisset;
888 1464 1001 1507 verum
1025 1435 1101 1528 quia
1123 1445 1205 1508 latet
1228 1447 1447 1524 commissum,
1471 1446 1565 1509 detur
1589 1446 1620 1509 ei
1644 1467 1663 1509 a
1685 1445 1854 1510 sacerdote

184 1568 209 1606 ro
228 1545 414 1622 consilinm,
448 1551 484 1608 ut
514 1545 611 1608 saluti
645 1545 774 1609 animae
806 1566 885 1610 suae
918 1567 977 1630 per
1005 1547 1163 1610 occultam
1188 1549 1402 1633 penitentiam
1425 1548 1617 1634 prospiciat;
1650 1547 1712 1612 hoo
1743 1555 1792 1612 est
1819 1539 1880 1612 ut'

228 1648 389 1712 veraciter
408 1669 450 1712 ex
467 1647 564 1712 corde
586 1649 733 1733 peniteat
755 1669 791 1712 se
814 1649 956 1732 graviter
972 1648 1149 1733 deliquisse
1173 1656 1207 1713 et
1223 1672 1283 1736 per
1299 1652 1421 1715 ieiunia
1445 1656 1478 1715 et
1499 1651 1694 1714 elemosinas
1711 1651 1853 1736 vigilias-

227 1772 290 1836 que
313 1757 412 1836 atque
433 1773 493 1837 per
515 1772 624 1816 saeras
648 1753 812 1816 orationes
836 1773 909 1816 cum
930 1753 1072 1816 lacrimis
1095 1774 1130 1817 se
1150 1774 1291 1840 purgare
1316 1753 1490 1819 contendat
1514 1755 1614 1818 etsie
1637 1775 1673 1818 se
1698 1753 1739 1817 ad
1763 1775 1854 1840 spem

227 1856 343 1919 veniae
366 1874 424 1940 per
446 1855 700 1920 misericordiam
725 1855 788 1918 Dei
811 1855 984 1941 pervenire
1008 1856 1160 1921 confidat.

336 1975 417 2061 (11.)
451 1976 533 2040 De¹¹
555 1975 793 2041 homocidio.
841 1977 874 2041 si
898 1982 1051 2062 quattuor
1074 1979 1126 2042 vel
1145 1978 1191 2042 V⁰
1216 1999 1274 2042 seu
1299 1978 1397 2042 etiam
1421 1978 1531 2064 plures
1555 1983 1669 2041 contra
1691 1969 1854 2041 hominem

187 2103 211 2142 ιι
230 2100 329 2144 ιιιιιιιιι
353 2079 451 2143 rixati
474 2079 595 2144 fuerint
624 2085 658 2144 et
680 2080 721 2143 ab
745 2080 792 2144 eis
816 2080 1029 2144 vulneratus»
1052 2087 1197 2146 mortuus
1221 2081 1336 2162 fuerit,
1367 2082 1563 2167 quicumque
1588 2100 1699 2144 eorum
1723 2081 1854 2166 plagam

228 2183 446 2269 inposuisset,
473 2181 656 2247 'seeundum
684 2189 806 2247 statuta
834 2175 1030 2248 οιιιοιιιιιιι47
1061 2190 1097 2248 ut
1128 2184 1290 2248 homicida
1317 2184 1494 2263 iudicetur,
1527 2190 1581 2248 etq
1601 2182 1668 2247 VII
1697 2204 1855 2247 annorum

146 2273 150 2282 ¹
228 2287 460 2373 penitentiamr
483 2286 611 2366 subeat,
634 2285 695 2350 boc
718 2293 783 2351 est:
811 2289 976 2372 proximos
993 2287 1061 2352 dies
1078 2287 1139 2352 XL
1161 2289 1312 2374 peniteat
1333 2289 1367 2351 in
1382 2309 1467 2374 pane
1484 2293 1517 2352 et
1532 2307 1617 2371 aqua
1633 2292 1665 2350 et
1680 2287 1855 2372 legumini-

228 2389 289 2454 bus
318 2395 351 2453 et
374 2389 533 2469 oleribus,
564 2389 729 2454 abstineat
759 2411 794 2454 se
823 2389 864 2454 ab
888 2411 991 2456 uxore
1016 2397 1049 2455 et
1071 2392 1223 2476 ingressu
1247 2391 1402 2468 ecclesie,
1432 2391 1550 2454 deinde
1574 2388 1645 2453 111·
1667 2410 1771 2453 annos
1795 2389 1853 2453 ab·

229 2493 351 2558 stineat
374 2512 410 2556 ae
434 2513 454 2555 a
476 2512 591 2572 carne,
614 2493 705 2572 vino,
736 2493 874 2559 medone
898 2501 931 2557 et
953 2495 1078 2559 eervisa
1099 2495 1251 2575 mellita‘,
1279 2495 1427 2580 exeeptis
1450 2494 1543 2558 festis
1566 2493 1682 2557 diebus
1706 2499 1740 2558 et
1762 2493 1855 2576 gravi

186 2617 212 2657 ao
229 2596 431 2675 infirmitate,
465 2596 629 2680 reliquos¹¹
658 2602 786 2660 autemr
814 2603 965 2681 quattuor
986 2597 1061 2661 lIlv
1089 2599 1245 2684 legitimis
1276 2598 1365 2662 feriis
1397 2597 1429 2661 in
1461 2596 1597 2681 singulis
1621 2594 1856 2659 ebdomadibus
1893 2655 1898 2664 .

230 2706 264 2765 et
292 2698 371 2762 111¹
400 2697 658 2783 quadragesimis
691 2699 725 2762 in
757 2700 850 2763 annis
884 2699 1021 2784 singulis
1052 2719 1072 2762 a
1102 2721 1198 2764 earne
1229 2707 1356 2764 tantum
1387 2699 1561 2763 abstineat.
1618 2697 1768 2783 Albgis¹,
1802 2697 1857 2780 qui

229 2823 366 2868 uxorem
389 2801 534 2865 Patricbi
563 2802 694 2888 publice
723 2802 875 2867 auferens
905 2801 947 2867 ad
978 2810 1144 2868 extremos
1175 2805 1257 2868 fines
1286 2803 1378 2887 regni
1408 2801 1501 2866 duxit
1530 2801 1562 2864 in
1592 2800 1726 2865 rudemr
1749 2799 1856 2864 adbuc

230 2905 499 2971 christianitatem
523 2906 630 2989 gentis
652 2896 912 2970 maraensium⁴⁸
935 2912 968 2970 et
991 2906 1126 2970 crimine
1150 2905 1304 2972 adulterii
1327 2906 1502 2970 eeclesiam
1520 2903 1642 2968 Christi
1665 2904 1855 2982 diffamavit,

230 3009 391 3074 communi
430 3009 565 3073 oonsilio
602 3008 825 3086 decernimus,
865 3016 901 3073 ut
931 3009 1022 3073 iussu
1063 3009 1149 3093 regis
1182 3009 1215 3072 in
1246 3009 1381 3074 exilium
1410 3009 1530 3073 missus
1564 3009 1657 3071 iuxta
1688 3027 1856 3071 sacrorum

186 3133 391 3177 oecononum
414 3102 572 3176 statuta*9
592 3112 807 3197 penitentiam
831 3115 971 3198 pleniter
993 3120 1079 3198 agat,
1102 3113 1135 3178 id
1158 3122 1224 3178 est:
1254 3112 1307 3177 III
1330 3135 1433 3178 annos
1457 3135 1530 3178 oum
1554 3132 1638 3198 pane
1663 3117 1695 3175 et
1718 3132 1803 3197 aqua
1826 3119 1859 3176 et

229 3216 451 3300 leguminibus
486 3220 584 3300 atque
613 3214 796 3296 holeribus,
835 3217 984 3302 exceptis
1011 3217 1176 3302 precipuis
1206 3217 1456 3297 festivitatibus,
1488 3221 1522 3280 et
1547 3221 1662 3301 postea
1683 3213 1732 3278 IV
1755 3235 1858 3279 annos

229 3318 311 3382 alios
339 3339 400 3403 per
427 3319 573 3403 singulas
602 3316 802 3384 ebdomadas
822 3318 875 3382 III
897 3318 966 3384 dies
994 3320 1143 3385 similiter
1165 3319 1332 3384 abstineat
1354 3327 1387 3384 et
1407 3318 1458 3383 ΙΙΙ
1481 3318 1765 3404 quadragesimas,
1797 3318 1859 3382 nisi

229 3421 425 3486 infirmitatis
453 3422 553 3485 nimia
579 3422 642 3487 hoo
667 3422 759 3487 illum
782 3423 956 3509 prohibeat
982 3425 1029 3487 ita
1052 3424 1192 3509 inplere,
1227 3427 1264 3488 et
1289 3422 1439 3508 deposito
1463 3422 1596 3487 militari
1619 3422 1750 3507 cingulo
1773 3421 1859 3485 omni

229 3531 376 3610 ternpore
403 3525 490 3589 vitae
512 3519 641 3609 absque
672 3526 823 3610 coniugio
852 3533 1055 3612 permaneat.
1101 3526 1151 3589 De
1174 3525 1334 3606 Battone,
1369 3527 1423 3612 qui
1454 3531 1628 3589 accusatur
1655 3524 1803 3589 homines
1829 3522 1858 3586 V

186 3651 212 3690 sc
231 3627 404 3708 occidisse,
434 3626 650 3692 iudicavimus
675 3649 750 3693 eum
773 3634 806 3693 et
831 3650 851 3693 a
873 3630 1023 3714 coningio
1055 3650 1091 3694 se
1119 3629 1284 3694 abstinere
1308 3633 1341 3692 et
1364 3649 1466 3713 usque
1489 3627 1531 3692 ad
1553 3626 1651 3693 duem
1667 3629 1755 3691 vitae
1779 3645 1859 3690 suae

229 3719 262 3794 in
285 3731 470 3816 penitentia
497 3751 721 3816 perseverare.

340 3848 422 3936 (12.)
457 3849 514 3915 De
531 3851 781 3917 concubinis.
818 3850 943 3925 Quodsi
957 3851 1114 3937 quislibet
1129 3851 1345 3917 concubinam
1358 3850 1520 3931 habuerit,
1537 3872 1621 3937 quae
1637 3870 1702 3914 non
1713 3848 1859 3934 legitime

231 3952 294 4018 luit
310 3952 517 4038 desponsata,
542 3960 575 4018 et
594 3959 710 4039 postea
726 3954 955 4041 desponsatam
974 3955 1055 4020 ritae
1071 3956 1215 4040 puellam
1231 3955 1364 4020 duxerit
1380 3954 1508 4019 abiecta
1525 3952 1715 4032 concubina,
1738 3949 1860 4016 habeat

232 4056 335 4136 illam,
366 4076 463 4140 quam
494 4056 641 4142 legitime
670 4056 894 4144 desponsavit.
938 4057 991 4122 Do
1019 4058 1082 4123 hoo
1104 4057 1173 4124 Leo
1203 4078 1289 4144 papa
1319 4057 1352 4120 in
1379 4056 1521 4121 decretis
1550 4057 1618 4121 suis
1641 4056 1688 4120 ita
1710 4054 1861 4119 diffinivit

190 4184 215 4224 ss
234 4158 361 4224 dicens:
397 4151 589 4224 ‘Dubium50
616 4181 681 4224 non
709 4168 761 4225 est
792 4180 864 4225 eam
896 4160 1064 4225 mulierem
1092 4183 1158 4225 non
1187 4160 1353 4246 pertinere
1382 4157 1422 4222 ad
1451 4158 1709 4236 matrimonium,
1739 4158 1773 4222 in
1796 4177 1861 4242 qua

233 4262 369 4328 docetur
397 4263 545 4348 nuptiale
574 4284 640 4327 non
668 4264 769 4328 fuisse
797 4263 1007 4348 mysterium
1042 4269 1179 4350 paterno
1208 4263 1340 4328 arbitrio
1365 4261 1441 4324 viris
1465 4262 1595 4326 iunctae
1619 4266 1732 4326 carent
1754 4260 1860 4344 eulpa,

234 4366 262 4430 si
283 4367 449 4446 mulieres,
473 4386 536 4451 que
557 4367 669 4431 aviris
685 4365 900 4448 habebantur,
922 4367 955 4431 in
980 4369 1184 4432 matrimonio
1208 4389 1272 4432 non
1296 4367 1438 4448 fuerunt,
1463 4367 1538 4451 quia
1560 4364 1650 4430 aliud
1673 4371 1724 4430 est
1747 4369 1861 4449 nupta,

234 4468 321 4533 aliud
346 4467 546 4534 concubina.'

336 4685 366 4753 g)
384 4684 524 4736 Rubi-icam
542 4701 590 4736 orn.
610 4683 721 4746 Soliab.,·
738 4686 857 4754 Capitnlo
868 4689 888 4738 1.
907 4685 980 4738 ncbr.
997 4688 1026 4738 in
1043 4685 1135 4738 Barnd.
1149 4705 1178 4752 p.
1191 4683 1235 4739 62.
1321 4684 1351 4749 h)
1372 4685 1530 4752 baptismum
1548 4685 1640 4736 chb.
1657 4701 1684 4750 p.
1696 4681 1744 4747 62,
1766 4682 1862 4742 Palas,

192 4788 218 4826 uo
235 4769 330 4822 aaran
444 4770 464 4837 i)
491 4772 601 4838 coniuge
624 4769 716 4822 Bomt.
734 4789 763 4838 p.
781 4771 827 4836 62,
854 4774 955 4838 Paua,
982 4773 1077 4826 aaran
1188 4772 1217 4838 lr)
1244 4779 1371 4840 expurgat
1397 4773 1425 4824 ia
1451 4789 1534 4840 marg.
1643 4771 1663 4836 l)
1692 4769 1863 4824 deridendum

233 4867 301 4910 erae:
324 4859 364 4909 Do
383 4859 489 4910 incestu.
604 4856 640 4922 m)
658 4859 779 4910 inhonest
796 4860 824 4910 in
841 4877 924 4925 marg.
1037 4859 1066 4925 ιι)
1084 4860 1204 4927 Capitulo
1223 4861 1256 4911 ll.
1273 4860 1345 4910 rubr.
1363 4859 1392 4910 ia
1409 4858 1501 4910 Bamb.
1515 4877 1544 4925 p.
1557 4856 1599 4911 62.
1703 4855 1729 4920 ο)
1746 4856 1862 4907 homines

234 4944 296 4995 cdd.
315 4943 411 4996 aaran
521 4941 549 5010 p)
568 4950 594 4994 ot
611 4943 673 4994 add.
694 4943 789 4995 sazau.
898 4944 925 5010 q)
946 4963 995 4997 om.
1013 4963 1048 5010 a,
1072 4944 1168 4997 Saliae.
1278 4944 1301 5010 r)
1320 4962 1369 4996 om.
1388 4944 1480 4996 Bomb.
1493 4962 1524 5010 p.
1536 4941 1578 5002 62.
1681 4940 1705 5008 s)
1723 4960 1775 4994 uno
1793 4957 1863 4992 anno

236 5028 331 5080 Saliae.
410 5027 432 5093 t)
450 5029 566 5080 similiter
583 5028 685 5079 duobus
703 5030 871 5093 sequentibus
890 5030 952 5082 aad.
972 5029 1067 5083 sacen.
1147 5029 1175 5096 u)
1194 5031 1310 5095 Reliquis
1327 5030 1420 5082 cht.
1437 5048 1462 5096 p.
1476 5027 1523 5094 62,
1542 5028 1637 5082 aaran.
1712 5026 1740 5095 v)
1758 5037 1810 5079 tres
1828 5028 1863 5077 le

235 5116 337 5182 gilimer
354 5115 431 5166 serias
449 5113 540 5167 Bamb.
558 5133 585 5182 p.
598 5112 641 5178 62,
659 5114 756 5167 aaran
850 5117 884 5182 w)
902 5125 953 5170 tres
971 5119 1100 5186 legitimas
1117 5118 1330 5184 quadragesimas
1348 5115 1443 5168 soree.
1539 5115 1568 5182 x)
1586 5115 1678 5182 Albgis
1695 5115 1797 5180 reliquo
1814 5130 1863 5164 om·

195 5213 219 5252 ιι
237 5200 328 5252 Bonvb.
345 5218 372 5267 p.
384 5198 428 5264 62,
445 5200 540 5253 Satist.
629 5199 656 5268 y)
675 5201 755 5254 inour's
772 5203 800 5253 io
816 5219 900 5270 marg.

338 5393 384 5462 47)
405 5393 460 5462 ίΥι.
481 5394 560 5450 Cone.
579 5394 713 5451 Elrbcn't..
736 5411 759 5450 e.
777 5397 809 5466 5,
836 5397 931 5451 Morari
948 5397 991 5465 Π,
1014 5398 1060 5451 col.
1077 5398 1103 5452 6.
1210 5398 1256 5465 48)
1276 5397 1300 5452 Ι.
1318 5412 1339 5452 c.
1358 5395 1543 5452 Mortuerum.
1647 5397 1693 5464 49)
1712 5395 1765 5462 Gt'r.
1785 5395 1864 5452 (lone.

237 5499 337 5568 Aaoyr.
354 5513 375 5551 e.
389 5499 430 5566 19,
451 5497 546 5552 Maeni
564 5498 606 5566 ΙΙ,
623 5498 670 5554 ccl.
683 5500 751 5565 526;
778 5498 882 5554 Poscit.
903 5500 1014 5556 Hubert.
1033 5515 1054 5554 e.
1068 5501 1093 5568 9,
1117 5499 1351 5568 Wcaaeracbleben,
1370 5499 1600 5568 Buasovdnunycn
1613 5516 1642 5568 p.
1655 5501 1714 5554 318.
1733 5531 1765 5540 -
1785 5499 1864 5555 (bne.

237 5601 311 5670 Moy.
329 5601 389 5666 841,
406 5616 493 5670 supra
506 5618 535 5670 p.
549 5602 607 5669 181,
626 5617 648 5656 e.
660 5601 703 5656 20.
721 5601 773 5656 aab
787 5602 850 5669 fine.
954 5604 999 5673 50)
1017 5603 1118 5658 mone
1133 5619 1174 5672 ep.
1192 5603 1229 5657 od
1248 5603 1361 5670 Rustic,
1380 5603 1478 5656 Marsi
1492 5603 1539 5670 VI,
1563 5603 1610 5659 ool.
1623 5603 1682 5672 402,
1702 5601 1782 5670 Jafft,
1801 5601 1864 5670 Ray.

233 5704 335 5772 ponus.
354 5704 394 5772 1¹,
417 5720 461 5762 or·
477 5705 536 5762 544
