4560 6426
368 393 614 495 caplruuaura
634 439 760 494 REGUM
778 439 964 496 FRANCIAE
983 439 1246 496 oceluunuauls
1266 439 1413 508 (KAROLI
1426 440 1472 510 11).
1493 471 1523 480 -
1543 442 1591 498 Nr.
1602 443 1662 498 276.
1680 442 1740 498 277.
1805 445 1860 507 341

244 614 417 702 episcopis,
442 614 468 677 si
485 619 615 678 vestrae
630 614 835 679 unanimitati
859 613 977 701 planet,
1002 622 1037 679 ut
1053 616 1083 678 in
1101 615 1259 680 obtentul
1283 617 1383 701 regni,
1406 615 1492 682 unde
1510 638 1568 680 vos
1585 617 1626 682 ad
1643 617 1732 680 illum
1749 621 1864 702 sponte
1883 621 1943 675 872.

245 717 443 783 convenistis
475 725 508 782 et
530 738 588 780 vos
612 718 642 782 oi
668 717 937 800 commendastis,
968 719 1160 783 sacerdotali
1185 719 1364 784 ministerio
1388 727 1463 784 anto
1486 721 1588 785 altare
1612 720 1672 784 lroo
1696 727 1869 788 coronetur

245 829 278 886 et
311 843 404 886 sacra
443 821 597 885 unctione
633 820 786 886 Domino¹
823 828 1039 886 consecretur.
1105 822 1228 898 Quodsi
1264 824 1357 887 robis
1393 826 1517 909 placet,
1560 826 1697 911 propriis
1734 825 1868 888 vocibus

246 935 435 991 consonate.

215 1059 226 1095 s
352 1029 400 1094 Et
427 1029 463 1094 in
498 1029 567 1094 boo
597 1030 931 1096 conclamantibus
964 1032 1144 1097 omnibus
1177 1031 1280 1097 dixit
1315 1031 1415 1096 idem
1449 1032 1678 1118 opiscopus:
1721 1031 1867 1118 Agamus

242 1154 319 1217 ergo
344 1133 539 1198 unanimiter
561 1130 634 1197 Deo
656 1133 777 1217 gratias
800 1132 1030 1198 decantantes:
1055 1136 1112 1210 ‘Te
1133 1134 1240 1200 Deum
1263 1133 1454 1200 laudamus.l

349 1235 603 1302 Benedictiones
627 1257 727 1323 super
750 1258 862 1321 regom
888 1236 1044 1302 Karolum
1071 1276 1110 1284 -
1134 1277 1171 1284 -
1198 1275 1236 1283 -
1263 1238 1303 1302 nd
1327 1247 1494 1304 aeternnm
1518 1241 1691 1324 perveniat
1714 1238 1866 1304 haeredi-

242 1348 354 1406 tatem.
399 1340 463 1404 Per
487 1340 661 1406 Dominum
686 1340 759 1422 (cfr.
783 1341 872 1422 infra
896 1362 945 1408 nr.
966 1345 1054 1420 302).

345 1531 373 1595 k)
390 1532 428 1582 ito
445 1531 474 1592 2ς
493 1533 625 1585 obtentum
645 1533 733 1592 Pertzr
751 1534 896 1584 obediontia
916 1532 1014 1584 1.:·t.4.
1101 1535 1121 1598 7)
1140 1537 1195 1586 lleo
1214 1533 1238 1586 2.

854 1797 1261 1804 --—·-——————-.-.——.-.-

202 2128 226 2166 n
311 2062 409 2169 277.
458 2057 1046 2172 SAORAMENTA
1078 2061 1298 2171 APUD
1343 2060 1800 2172 GUNDULFI·

726 2211 1059 2326 VILLAM
1105 2215 1380 2326 FACTA.

914 2397 1196 2497 &imma

351 2571 525 2652 Praebent
546 2593 745 2654 sacramenta
767 2591 801 2654 bi
824 2590 899 2654 libri
916 2591 1037 2670 partim
1059 2591 1211 2672 impressi,
1230 2593 1351 2672 partim
1366 2590 1590 2669 merareseripti:
1624 2589 1654 2672 1)
1671 2587 1867 2664 Sirrnondns,

246 2691 353 2757 Caroli
380 2690 470 2756 Calvi
496 2691 642 2773 Uopibda
669 2715 702 2774 p.
718 2697 791 2760 386.
837 2693 871 2780 2)
891 2693 990 2762 Vatia.
1019 2716 1081 2776 rep.
1109 2695 1222 2766 atrise
1240 2699 1299 2761 291
1331 2694 1384 2776 sol.
1406 2697 1494 2762 12'2'.
1541 2694 1575 2774 3)
1595 2693 1747 2760 l'allieell.
1774 2693 1808 2759 0.
1829 2697 1866 2756 lb

202 2797 366 2881 rescidit.
404 2796 439 2880 4)
459 2795 654 2864 Varianam
675 2797 731 2878 (ol.
749 2803 837 2862 146⁹.
876 2799 910 2881 5)
929 2797 1133 2878 RPatoao,
1156 2799 1214 2866 SS.
1231 2803 1345 2864 cottam
1364 2801 1486 2879 paee.
1524 2798 1559 2880 6)
1582 2797 1757 2875 Baronins,
1779 2799 1867 2861 Aen.

242 2900 407 2968 ecclesiast.
429 2899 473 2964 od
493 2921 523 2965 a.
540 2902 612 2977 873,
635 2900 734 2965 codiee
756 2902 796 2964 A.
813 2901 989 2983 Arrprastini
1009 2901 1157 2968 ‹nllribita

350 3004 391 3070 In
414 3003 556 3068 omnibns
578 3003 732 3066 codicibus
750 3006 926 3084 praemissa
948 3009 993 3066 est
1013 3005 1142 3071 rubrica
1164 3004 1255 3090 infra
1278 3028 1313 3086 p.
1331 3008 1403 3070 342.
1425 3004 1518 3070 edita.
1566 3006 1704 3086 eraenm
1730 3003 1870 3065 convenit

242 3107 354 3171 relatio
374 3107 445 3185 illa,
467 3127 560 3186 qaam
582 3105 703 3170 ealribat
724 3106 922 3172 Hinemaras
944 3109 980 3172 ia
1002 3110 1089 3172 Ana.
1111 3108 1237 3176 Berlin.
1259 3109 1303 3172 ad
1324 3131 1352 3172 a.
1371 3111 1449 3186 872,
1479 3107 1525 3174 erl.
1544 3107 1649 3174 Waita
1666 3127 1701 3190 p.
1723 3110 1869 3187 titiano„-

245 3209 457 3274 Hludowicus
482 3257 541 3274 ...
563 3209 649 3297 apud
666 3210 834 3276 Trientum
853 3234 924 3278 eum
941 3211 1138 3298 Ingelberga
1159 3213 1306 3299 loquens.
1331 3219 1456 3298 partem
1472 3213 1563 3297 regni
1579 3211 1745 3277 Hlotharii
1771 3230 1867 3295 quam

201 3320 357 3382 incontra
385 3313 541 3377 Karolum
577 3316 717 3401 accepit,
745 3317 906 3400 neglectis
938 3318 1151 3381 sacramentis
1183 3318 1269 3381 inter
1300 3337 1356 3380 eos
1380 3317 1501 3402 pactis,
1534 3317 1603 3380 sine
1637 3335 1801 3379 consensu
1831 3333 1869 3375 ao

244 3417 443 3481 conscientia
467 3417 631 3482 hominum
663 3420 825 3505 quondam
849 3420 1024 3495 Illotbarii,
1048 3422 1101 3506 qui
1127 3443 1162 3486 sc
1186 3421 1232 3484 illi
1256 3421 1583 3498 commendaverunt,
1609 3419 1690 3483 clam
1719 3416 1867 3481 reddidit.

243 3519 339 3584 Unde
374 3521 538 3605 utrimque
576 3530 782 3586 sacramenta
818 3523 976 3608 prioribus
1011 3525 1223 3588 sacramentis
1258 3543 1342 3610 quae
1373 3545 1445 3588 cum
1480 3524 1579 3588 fratre
1610 3544 1668 3587 suo
1702 3522 1870 3608 pepigerat

245 3623 372 3688 diversa
395 3631 428 3688 et
451 3623 590 3688 adversa
612 3626 698 3689 inter
721 3647 778 3690 eos
802 3635 877 3692 sunt
899 3629 986 3693 tacte
1012 3680 1069 3694 ...
1093 3629 1235 3693 Karalus
1267 3639 1373 3693 autom
1405 3628 1445 3693 ad
1468 3627 1691 3714 Burgundiam
1717 3626 1756 3690 nd
1781 3624 1870 3688 Gon·

247 3727 457 3794 dulli-villam
488 3729 644 3814 placitum
676 3730 719 3793 ibi
751 3739 849 3796 antea
881 3732 1065 3798 condictum
1101 3734 1290 3806 habiturus,
1330 3733 1489 3799 Kalendis
1523 3731 1729 3818 Septembris
1759 3750 1868 3792 revor-

203 3867 228 3905 2,
247 3833 333 3899 titur.
380 3831 444 3895 Ubi
469 3833 705 3919 aliquantisper
733 3835 940 3914 immoratus,
971 3840 1004 3898 ct
1034 3857 1116 3922 quac
1149 3835 1208 3900 sibi
1234 3835 1303 3899 vise
1333 3835 1423 3898 lucre
1447 3834 1632 3922 dispositis,
1741 3831 1781 3896 nd
1806 3833 1867 3894 Ar-

246 3937 409 4001 duennam
433 3937 538 4022 petiit.
1672 3923 1673 3926 ¹

353 4040 570 4105 Inramontam
594 4042 745 4123 ‘perarate
774 4043 911 4108 ananiam
932 4042 1093 4123 fidelirrm',
1119 4042 1202 4122 qnod
1227 4043 1261 4104 in
1289 4041 1421 4105 editione
1450 4040 1626 4106 Pitboeona
1652 4045 1681 4102 ot
1703 4039 1870 4104 sociandam

245 4143 334 4208 illam
356 4143 444 4226 apnd
465 4143 638 4209 Balesium
659 4150 687 4206 et
712 4147 752 4214 G.
769 4145 813 4212 Η.
830 4144 924 4211 Perta
945 4148 1173 4209 sacranrmttmn
1197 4146 1347 4209 laieornm
1375 4145 1582 4226 sirlrseqnitar,
1610 4145 1651 4208 nb
1677 4144 1756 4208 ortis
1777 4143 1871 4207 listins

246 4249 412 4310 cononatus
439 4249 650 4328 scpmrondnm
680 4255 735 4317 est.
784 4249 867 4314 Nam
895 4253 1024 4330 praeter·
1052 4251 1267 4343 asertoritotem
1297 4249 1394 4312 venires
1426 4248 1464 4316 P.
1482 4247 1618 4324 Hiberi,
1646 4249 1701 4328 pri
1728 4248 1782 4310 boe
1808 4248 1872 4310 toea

204 4388 230 4428 ω
246 4349 354 4426 edidit,
387 4350 468 4414 nibil
494 4357 553 4431 rst,
588 4352 670 4432 qaod
702 4353 809 4436 probet
840 4373 944 4417 onrrres
975 4353 1081 4434 fidelos
1114 4353 1231 4418 Karoli
1260 4355 1314 4416 boe
1340 4372 1426 4418 anno
1454 4357 1482 4413 ot
1511 4354 1544 4416 in
1573 4351 1628 4416 boc
1658 4351 1776 4436 placito
1806 4352 1872 4432 rupi

243 4455 335 4536 {idem
357 4474 421 4518 esse
446 4457 611 4535 pollicitos.
666 4455 827 4521 Dionntnr
852 4459 958 4539 polites
980 4459 1020 4522 in
1040 4458 1243 4539 inscriptione
1264 4457 1357 4542 insin
1379 4457 1463 4520 edita
1486 4475 1550 4520 non
1573 4455 1802 4537 professionem
1824 4455 1872 4516 rel

246 4563 476 4622 sacramentnm
498 4561 695 4639 praestitisse
718 4561 783 4623 nisi
811 4562 946 4645 episcopi
973 4567 1001 4624 ct
1029 4562 1104 4625 laici
1131 4562 1222 4625 77777777
1253 4561 1405 4624 attentione
1432 4559 1589 4642 pancratis
1619 4558 1788 4622 immncnti
1810 4579 1872 4621 errr-

245 4663 335 4726 niam
355 4662 496 4743 firloliam
514 4662 615 4747 santra
662 4664 803 4740 Accedit,
831 4666 927 4746 arant,
959 4687 1027 4729 mern
1050 4669 1078 4726 et
1106 4666 1242 4746 rpisorpi
1271 4670 1299 4727 et
1327 4664 1402 4726 laici
1424 4663 1547 4727 Karoia
1568 4662 1727 4726 ‹retintores
1749 4681 1781 4722 sc
1798 4663 1872 4746 sorr

240 4767 440 4847 promittant,
463 4771 507 4829 ‘nt
528 4787 666 4847 rcpnnm,
688 4769 771 4848 enred
785 4766 873 4831 Ilens
888 4769 1016 4832 donarent
1038 4769 1085 4831 oet
1106 4767 1323 4844 (inconscii,
1345 4767 1457 4830 babere
1479 4769 1506 4827 et
1522 4765 1701 4828 obtinerent
1717 4766 1872 4828 continere

204 4903 228 4942 ³,
241 4869 361 4952 possit',
385 4871 418 4932 in
440 4871 791 4950 Ι(1777777777,7777777777777777
812 4872 849 4934 dc
871 4892 966 4952 rcpno
984 4871 1099 4956 fretrnn
1121 4871 1213 4934 nialla
1229 4871 1322 4933 storbo
1343 4872 1435 4951 fiant,
1459 4874 1487 4931 ot
1509 4869 1591 4948 arrad
1611 4867 1666 4931 boc
1689 4867 1732 4932 ad
1747 4867 1872 4932 verbnm

245 4975 395 5037 emiseritit
424 4995 492 5036 mens
519 4974 590 5052 illo,
625 4975 707 5056 qarod
738 4997 768 5039 a.
793 4978 865 5041 876.
896 4977 1032 5058 episomri
1069 4977 1102 5040 in
1134 4975 1263 5056 synodis
1297 4973 1447 5057 Papiensi
1482 4978 1510 5035 et
1539 4972 1764 5052 Pontiaononsi
1795 4970 1871 5055 (cfr.

245 5098 295 5144 nr.
313 5081 385 5146 220.
410 5080 488 5161 279)
510 5077 684 5142 ediderant.
733 5079 870 5144 Tandem
885 5080 1114 5163 respiciendam
1136 5083 1189 5152 ost,
1212 5100 1273 5159 qno
1288 5077 1374 5140 tinulo
1389 5078 1600 5141 irmamantnm
1616 5075 1704 5138 nobis
1720 5075 1871 5140 traditam

245 5182 297 5246 sit.
335 5179 544 5246 Desideratus·
564 5183 647 5246 mrim
665 5183 720 5246 boe
743 5184 807 5246 toro
834 5184 922 5264 oprad
940 5183 1141 5248 Sirnrondnm
1160 5186 1189 5244 ot
1212 5182 1400 5258 Bononiam,
1424 5181 1480 5261 etri
1501 5184 1628 5260 atonem
1650 5179 1777 5242 ririnirno
1800 5179 1872 5240 ‘odi-

246 5287 360 5350 tionem
376 5285 581 5350 Pitbocanam
596 5288 799 5369 oaccpcron-t,'
824 5292 859 5350 ot
873 5287 949 5350 dicit
966 5289 1006 5353 G.
1023 5287 1064 5352 Π.
1077 5284 1171 5350 Per-tr
1185 5285 1259 5369 (cfr.
1278 5283 1370 5368 infra
1392 5289 1455 5348 not.
1471 5283 1530 5366 d.).
1577 5282 1619 5350 In
1634 5281 1787 5346 codicibns
1802 5303 1873 5346 omo

204 5423 230 5462 40
248 5393 278 5454 2.
294 5395 324 5453 4.
343 5393 414 5470 post
438 5388 621 5470 dormientem
646 5390 860 5454 Uerrisiacenso
882 5413 913 5455 a.
930 5392 1003 5466 873,
1026 5390 1062 5451 in
1085 5392 1113 5454 3.
1148 5394 1219 5468 post
1234 5387 1395 5468 epistotam
1417 5385 1576 5468 qrrcrndenr
1600 5385 1753 5453 Iabannis
1772 5406 1874 5466 papoe

248 5497 403 5556 sarmatam
421 5492 578 5572 praeeedit
595 5493 756 5575 Synodnm
772 5492 1028 5576 Prmtiponensem
1051 5495 1125 5576 (cfr.
1147 5491 1285 5572 proesat.
1308 5490 1350 5554 nd
1369 5511 1419 5554 nr.
1437 5494 1525 5568 279).
1573 5489 1692 5571 eribres
1713 5489 1750 5550 de
1770 5490 1874 5552 oasrsis

246 5597 390 5680 pererrato
412 5597 622 5660 iuramentum
646 5615 710 5658 rron
732 5617 800 5660 erem
823 5596 1013 5676 deoplacito
1033 5595 1295 5676 eoninnpendnm,
1317 5594 1371 5658 sed
1388 5613 1468 5675 pars
1490 5594 1611 5676 Spnorli
1634 5591 1873 5674 Pontiqmensis

244 5699 421 5780 putandam
445 5703 498 5762 ost.
1374 5697 1430 5778 (B.
1459 5697 1506 5774 II,
1520 5700 1599 5774 aaa·
1620 5696 1658 5761 P.
1676 5699 1765 5778 517.)
