4590 6428
511 425 776 481 ADDITAMENTA
797 425 844 479 AD
863 423 1073 478 HLUDOWICI
1093 423 1142 477 PII
1160 423 1415 478 CAPITULARIA.
1434 455 1467 463 —
1485 424 1534 480 Nr.
1547 427 1606 480 196.
1831 429 1872 488 27

245 601 305 666 XI
307 601 342 679 V,
375 600 432 666 eol.
456 604 519 666 592
541 602 618 682 sp),
658 599 792 665 mutatis
829 602 934 662 tamen
966 596 1156 678 parenstam
1189 598 1290 662 verbis
1322 597 1421 662 linins
1456 597 1621 664 relationis
1656 595 1791 662 indolem
1822 597 1873 661 in·
1892 605 1951 660 829.

247 705 442 783 dimittas,
472 726 543 770 erem
565 705 695 769 dieatm
716 701 821 785 (infra
843 722 868 764 c.
886 703 958 784 55).·
991 722 1095 786 panea
1122 700 1163 765 de
1193 702 1320 778 multis,
1352 722 1436 786 quae
1460 704 1492 766 in
1515 703 1635 766 nostris
1658 702 1875 766 conventibus

247 817 343 894 gesta
366 814 451 888 sunt,
474 813 691 894 excerpentes
714 806 747 870 in
769 826 869 870 unum
893 805 1072 890 redigendo
1096 807 1263 870 succincte
1280 811 1312 870 et
1327 806 1499 871 ordinatim
1515 807 1752 872 adnotavimus.
1787 804 1876 870 Hinc

247 913 343 976 etiarn
371 911 575 994 eollipendnm
602 911 727 974 ridetnr
748 910 831 973 borae
851 908 1035 974 relationem
1060 929 1125 974 non
1151 909 1189 974 de
1212 910 1392 974 Parisiensi
1414 914 1540 974 tontum
1562 914 1728 987 conanda,
1761 908 1817 973 scel
1838 909 1876 972 de

216 1015 324 1079 italiis
345 1035 466 1096 qnoque
487 1014 591 1078 tribus
613 1035 677 1078 esse
699 1018 877 1096 eaeerptom
899 1011 973 1094 (cfr.
997 1014 1092 1077 etiem
1108 1012 1226 1094 Hefele,
1249 1012 1577 1094 Concilienyesebiclite
1591 1011 1675 1091 11⁷²,
1692 1034 1729 1094 p.
1743 1015 1783 1077 72
1798 1015 1879 1096 eq.):

247 1119 390 1182 maetme
412 1139 489 1182 soree
510 1116 676 1182 relationis
691 1137 775 1197 pars
791 1137 863 1180 enm
878 1115 1115 1180 Poris-tensibns
1130 1116 1304 1179 mnonibns
1318 1117 1494 1194 ommordat,
1517 1117 1574 1197 qni
1588 1137 1680 1198 saepe
1695 1116 1877 1192 abbreviati,

247 1243 324 1286 roro
346 1226 471 1286 tantum
491 1219 667 1302 ponlnlnm
687 1220 805 1284 mutati
832 1219 879 1283 oet
897 1220 1017 1300 praemis
1042 1221 1144 1284 acerbis
1165 1221 1269 1298 ancti,
1297 1221 1457 1284 interdum
1478 1222 1574 1284 etiam
1595 1220 1804 1303 neglegentias
1826 1221 1877 1284 de-

248 1327 360 1406 scripti
389 1330 420 1388 et
447 1326 586 1409 emweptr'
612 1324 685 1408 (cfr.
717 1325 807 1406 infra
829 1346 855 1390 e.
871 1327 901 1387 t.
914 1329 944 1388 4.
958 1327 988 1388 6.
1002 1326 1059 1407 at)
1086 1329 1251 1405 armarent.
1300 1324 1461 1406 Qimertom
1490 1345 1568 1388 sane
1589 1324 1688 1390 linias
1714 1324 1879 1389 relationis

249 1427 392 1509 capitula
424 1427 550 1508 frustra
583 1429 619 1492 in
652 1428 890 1492 Porisiensibns
928 1427 1100 1491 canonibus
1136 1428 1360 1508 requirantur,
1399 1429 1506 1509 capita
1539 1427 1658 1493 scilieet
1682 1433 1731 1492 11.
1758 1431 1804 1494 12.
1830 1431 1878 1492 13.

204 1560 231 1598 ιο
249 1531 340 1612 infra
361 1553 383 1594 a
405 1553 453 1596 me
474 1537 656 1608 numerata,
692 1529 811 1594 etalio
833 1529 906 1612 (cfr.
929 1551 954 1594 e.
970 1533 1011 1594 56
1031 1533 1112 1614 sqq.)
1133 1536 1317 1614 arpnneento
1338 1533 1464 1613 qnidam
1485 1532 1620 1611 similia,
1650 1533 1752 1597 verbis
1773 1538 1878 1597 omem

250 1659 271 1700 a
288 1635 466 1700 Perismnsi
487 1635 617 1700 caecilio
639 1636 763 1699 diversa
785 1639 870 1698 snnt.
911 1633 999 1699 Haec
1021 1641 1127 1699 antem
1149 1634 1293 1717 capitula
1316 1657 1355 1699 en
1376 1635 1452 1700 aliis
1473 1637 1612 1700 eiusdem
1633 1637 1714 1701 anni
1736 1635 1878 1702 conciliis

251 1739 368 1804 bansta
389 1761 454 1804 esse
465 1739 665 1821 putaverim:
688 1737 836 1821 bpnmnr
857 1739 940 1803 enim
963 1740 1089 1803 omnino
1111 1744 1319 1804 ommentanea
1341 1741 1435 1804 etiam
1458 1742 1495 1804 in
1510 1741 1697 1822 nestorianis
1711 1740 1879 1804 cniusdam

249 1843 363 1926 mnndi
384 1844 583 1926 Aonisgroni
612 1843 729 1907 seilicet
756 1863 842 1906 anno
864 1845 938 1908 836⁸.
964 1842 1091 1907 baldac
1120 1843 1293 1908 canonibus
1320 1843 1451 1927 (Menai
1472 1844 1531 1908 XI
1533 1844 1568 1922 V,
1597 1844 1652 1909 col.
1676 1847 1879 1929 ott—734),

250 1968 333 2029 qnae
352 1949 525 2012 nmeimm
546 1948 582 2011 in
597 1952 726 2027 portem
748 1951 777 2010 et
798 1945 897 2010 luins
918 1945 1116 2011 Parisiensis
1138 1947 1264 2012 eoncilii
1286 1953 1316 2012 et
1337 1948 1475 2013 aliornm
1497 1943 1582 2013 anno
1605 1951 1678 2015 829.
1701 1949 1880 2014 babdmnm

206 2079 231 2120 rs
250 2072 385 2116 conones
405 2052 523 2116 deam
543 2052 689 2116 ammisse
710 2051 843 2115 meletnr.
890 2050 979 2115 Haec
1000 2073 1122 2134 qnoqne
1143 2052 1254 2117 relatio
1276 2053 1313 2116 in
1335 2057 1488 2117 conventa
1510 2051 1735 2118 Wormatiensi
1756 2053 1880 2118 tradita

250 2177 316 2220 esse
340 2156 449 2220 baberi
474 2161 591 2237 potest:
623 2159 794 2220 recnrrnnt
819 2155 902 2219 enim
929 2156 966 2219 in
993 2157 1095 2236 eapite
1117 2159 1168 2221 30.
1196 2156 1289 2221 amba
1315 2154 1372 2219 illa
1400 2155 1438 2219 de
1465 2157 1611 2236 ‘presenti
1627 2155 1757 2238 placito'
1783 2157 1879 2235 dieto,

250 2280 334 2340 qnae
353 2279 370 2322 e
392 2258 630 2324 Porisiensrbns
650 2258 825 2324 canonibus
846 2260 979 2340 repetm
1000 2265 1085 2326 sunt.

359 2377 510 2460 &panta
536 2399 604 2445 vere
625 2380 790 2444 ‘snceinete
811 2385 841 2444 et
862 2379 1043 2443 ordinatim’
1067 2385 1108 2460 (e.
1126 2379 1182 2460 55)
1203 2381 1333 2444 redacto
1354 2383 1383 2442 et
1406 2380 1441 2442 in
1456 2377 1569 2459 plnres
1583 2383 1696 2459 partes
1721 2379 1758 2442 in
1779 2379 1882 2443 ocelim

254 2482 401 2546 (lotione
423 2483 527 2547 divisa
549 2488 642 2562 sant;
663 2485 700 2548 in
722 2482 798 2546 aliis
819 2482 977 2547 codicibus
999 2483 1143 2564 torritula
1162 2485 1268 2548 manno
1284 2487 1442 2564 perpetue
1457 2503 1660 2548 nnmerornm
1674 2483 1755 2546 serie
1769 2483 1881 2547 inmte

203 2612 232 2653 ao
250 2592 347 2665 snnt;
374 2607 473 2668 qrmre
501 2607 554 2670 epo
580 2588 706 2669 quinem
731 2607 879 2652 nnnreros
894 2593 1065 2668 perpetuos
1085 2589 1179 2652 nneis
1200 2587 1339 2652 inclusos
1360 2586 1527 2667 capitalis,
1556 2590 1594 2649 nt
1614 2585 1728 2650 nielins
1749 2585 1882 2669 allepori

245 2691 383 2772 possint,
406 2689 529 2755 addim.
1390 2689 1449 2772 (B.
1464 2690 1565 2768 deest;
1587 2688 1626 2754 P.
1642 2688 1671 2766 I,
1688 2691 1777 2768 332.)

251 2945 522 3034 Rescriptum·
551 2949 871 3015 consultationis
902 2950 988 3014 sive
1018 2949 1291 3014 exortationis
1318 2947 1598 3034 episcoporum
1627 2947 1674 3013 ad
1703 2948 1881 3015 domnum

770 3051 1048 3119 Hludowieum
1075 3054 1365 3140 imperatorem.

357 3143 526 3255 Domino1
561 3191 824 3277 prestantissima
855 3197 889 3256 et
917 3192 1048 3278 pietatis
1076 3191 1182 3277 gratia
1206 3191 1333 3277 predito
1355 3190 1553 3255 Hluduwico
1577 3190 1760 3256 orthodoxo
1783 3196 1881 3276 atque

205 3318 232 3358 es
253 3293 466 3358 invictissimo
490 3300 640 3380 augusto.

357 3397 426 3462 Nos
449 3397 561 3462 famuli
586 3398 701 3479 vestri,
732 3398 880 3482 quamvis
909 3397 1052 3484 indigni,
1082 3404 1192 3462 tamen
1220 3398 1365 3484 episcopi
1388 3397 1460 3465 Deo
1485 3398 1652 3462 humiliter
1673 3405 1784 3484 grates
1807 3420 1882 3485 per·

252 3501 409 3565 solvimus
441 3502 578 3586 eiusque
608 3503 790 3567 inmensam
823 3503 981 3587 pietatem
1012 3507 1047 3566 et
1076 3502 1312 3588 benignitatem
1347 3502 1579 3567 conlaudamus
1603 3509 1636 3567 et
1666 3502 1883 3588 predicamus,

254 3605 309 3690 qui
334 3625 391 3669 vos
414 3605 498 3671 adeo
525 3608 559 3670 in
586 3608 637 3672 sui
659 3627 802 3672 amorem
824 3605 1071 3672 devotissimum
1094 3606 1251 3671 famulum
1275 3626 1370 3671 suum
1392 3605 1530 3690 flagrare
1554 3604 1646 3685 facit,
1679 3613 1717 3670 ut
1740 3605 1782 3672 de
1806 3627 1882 3692 pro·

254 3707 344 3772 fectu
374 3715 407 3774 et
436 3709 639 3776 exaltatione
668 3717 802 3774 sanctae
832 3729 911 3774 suae
936 3709 1096 3775 ecclesiae
1126 3710 1350 3775 indesinenter
1374 3708 1554 3794 cogitetisb‚
1585 3728 1739 3795 eamque,
1768 3714 1882 3795 utpote

209 3834 237 3873 eo
256 3817 394 3878 matrem
425 3813 621 3898 spiritalem,
656 3813 741 3877 sieut
770 3812 878 3878 fidelis
909 3819 943 3876 et
970 3812 1109 3878 dilectus
1137 3813 1222 3878 filius
1251 3813 1421 3898 spiritalis,
1459 3811 1500 3876 ad
1528 3813 1667 3877 meliora
1697 3818 1730 3877 et
1758 3813 1885 3899 potiora

257 3935 387 4002 semper
409 3915 589 4001 provehere
614 3916 784 3981 studeatis.
821 3915 906 3982 Nam
931 3937 1003 3980 cum
1027 3938 1137 3982 mucro
1162 3916 1289 3982 divinus
1313 3917 1484 4003 imperium
1503 3916 1595 3981 vobis
1619 3915 1773 3982 divinitus
1797 3939 1883 3982 com·

256 4017 391 4082 missum
419 4019 556 4083 interius
585 4020 799 4104 exteriusque
829 4020 946 4084 merito
974 4025 1102 4084 nostrae
1132 4021 1314 4104 iniquitatis
1337 4019 1524 4084 multifariis
1547 4025 1704 4084 attereret
1726 4019 1884 4096 cladibus,

256 4119 436 4206 prudenter
456 4121 767 4202 animadvertentes,
790 4123 876 4207 quod
892 4121 976 4187 haec
991 4124 1120 4187 nonnisi
1136 4124 1222 4189 iusto
1239 4124 1352 4188 iuditio
1368 4124 1431 4189 Dei
1448 4124 1629 4204 evenirent,
1652 4124 1739 4188 illico
1756 4123 1884 4210 seriptis

258 4225 446 4289 serenitatis
469 4216 619 4290 vestrae2
651 4246 735 4290 anno
766 4226 944 4312 praeterito
974 4232 1108 4292 cunctos
1137 4227 1371 4292 aecclesiarum
1401 4235 1550 4312 pastores
1579 4226 1807 4307 admonuistis,
1839 4231 1885 4305 ut,

210 4355 237 4396 ss
258 4327 335 4412 quia
362 4328 535 4394 constabat
563 4350 619 4394 eos
650 4329 873 4416 speculatores
897 4328 1030 4394 Domini
1059 4330 1204 4395 existere
1238 4337 1272 4394 et
1300 4329 1443 4416 gladium
1467 4329 1610 4394 divinum
1634 4335 1885 4416 superterram,

258 4431 291 4496 id
323 4439 373 4497 est
402 4453 501 4518 super
529 4441 717 4519 peccatores
740 4433 866 4514 Deum,
897 4435 1055 4520 grassari,
1091 4434 1297 4499 meminerint
1328 4433 1562 4520 speculationis
1593 4455 1672 4499 suae
1700 4439 1734 4498 et
1763 4432 1885 4496 ieiunio

257 4534 407 4600 triduano
429 4537 471 4600 ab
494 4537 646 4601 omnibus
669 4537 868 4622 generaliter
890 4543 1023 4623 peracto
1046 4539 1271 4623 unusquisque
1300 4539 1334 4602 in
1358 4537 1503 4622 quolibet
1527 4538 1639 4603 ordine
1662 4536 1788 4623 positus
1811 4535 1885 4599 dili-

258 4645 376 4724 genter
391 4640 626 4705 eonscientiam
642 4660 736 4703 suam
751 4641 940 4704 conveniret
961 4648 1004 4718 et,
1025 4641 1083 4706 ubi
1099 4663 1134 4706 se
1150 4640 1259 4705 Deum
1275 4641 1451 4706 offendisse
1468 4641 1700 4726 cognoscebat,
1723 4645 1886 4704 maturato

257 4765 319 4830 per
340 4744 563 4829 poenitentiae
587 4743 844 4809 satisfactionem
868 4745 1031 4829 corrigere
1057 4767 1123 4810 non
1145 4745 1302 4810 differret.
1341 4745 1381 4809 In
1404 4744 1523 4830 quibus
1547 4745 1644 4810 etiarn
1667 4743 1813 4829 apicibus
1835 4743 1886 4806 in-

212 4873 240 4912 m
259 4868 371 4913 serere
394 4847 487 4912 vobis
518 4848 658 4934 placuit,
691 4855 742 4929 ut,
775 4849 802 4914 si
825 4848 917 4914 Deus
947 4869 1063 4935 pacem
1090 4833 1234 4935 undique
1264 4855 1298 4914 et
1325 4850 1426 4914 otium
1450 4849 1541 4915 vobis
1565 4849 1737 4931 tribueret,
1769 4847 1803 4912 iu
1825 4846 1887 4911 hoe

258 4952 416 5038 placitum
440 4958 584 5017 vestrum
608 4954 762 5038 generale
787 4972 978 5018 consumere
1002 4953 1206 5034 voluissetis,
1238 4959 1274 5017 ut
1297 4955 1451 5039 primum,
1479 4953 1632 5038 quiequid
1662 4953 1695 5016 in
1717 4951 1824 5032 vobis,
1854 4949 1887 5014 id
1944 5039 1947 5046 ⁴

258 5062 311 5121 est
343 5055 377 5121 in
406 5077 549 5143 persona
582 5063 616 5122 et
645 5057 825 5122 ministerio
853 5063 978 5139 vestro,
1015 5057 1243 5143 corrigendum
1280 5057 1498 5136 inveniretur,
1522 5053 1671 5120 ¹Domino
1707 5054 1887 5120 auxiliante

259 5159 478 5244 corrigeretis,
501 5159 632 5242 deinde,
656 5153 872 5247 quicumque3
894 5161 927 5224 in
950 5161 1099 5226 omnibus
1123 5161 1288 5226 ordinibus
1313 5161 1442 5246 imperii
1462 5161 1563 5226 vestri
1579 5159 1652 5225 Deo
1669 5150 1887 5246 displiceretl,

365 5351 391 5416 a)
411 5351 548 5419 Inscriptio
566 5369 580 5404 e
597 5351 671 5403 codd.
686 5348 761 5404 1-4.
850 5352 877 5411 bt
896 5352 947 5404 Hic
958 5354 1024 5420 fietis
1041 5363 1077 5405 eet
1094 5354 1149 5406 coel.
1167 5351 1192 5404 4.

212 5537 241 5576 ss
365 5523 391 5589 1)
411 5519 488 5575 Cone.
507 5521 598 5576 Paris.
616 5520 679 5574 libri
696 5520 765 5574 tatii
779 5522 925 5590 praescire,
945 5539 1015 5590 enne
1031 5528 1120 5577 antea
1137 5523 1174 5577 od
1188 5522 1379 5578 Hludowieum
1397 5528 1421 5577 et
1436 5521 1615 5576 Hlotbarinm
1632 5521 1698 5577 data
1716 5528 1767 5590 αις
1793 5523 1889 5578 Monet

262 5623 313 5678 Xl
319 5623 350 5692 V,
375 5625 423 5678 col.
440 5625 492 5679 592
508 5641 545 5693 ag.
659 5626 686 5691 2)
714 5624 798 5680 Nobis
824 5642 880 5680 non
906 5626 1007 5680 morito
1032 5633 1110 5694 sant,·
1139 5628 1187 5694 cfr.
1205 5644 1289 5696 snpra
1307 5644 1337 5698 p.
1351 5629 1375 5682 1.
1389 5625 1586 5696 mactationem
1602 5625 1639 5679 ml
1657 5625 1827 5694 Capaneia
1845 5643 1888 5680 nr.

261 5728 407 5784 lat-193.
433 5727 501 5799 [K]
605 5729 633 5795 3)
651 5744 844 5798 quaecumque
922 5729 1103 5799 displicerent
1123 5729 1200 5784 Cone.
1218 5730 1307 5784 Poris¹

1646 5821 1682 5876 4*
