4560 6426
439 447 502 514 328
595 446 842 502 carlmannum
860 445 990 502 REGUM
1010 444 1195 504 raanclan
1213 447 1475 504 occlnnnnams
1494 446 1642 517 (Kaaonl
1655 447 1701 516 ΙΙ).
1720 478 1753 486 -
1772 447 1821 502 Nr.
1834 445 1894 502 273.

351 629 411 686 864.
438 621 519 687 tiam
534 643 667 688 manere
687 628 875 708 coeperunt,
898 627 932 686 et
947 641 1032 685 nunc
1049 619 1135 686 istud
1150 620 1359 707 heribergum
1375 642 1440 685 non
1458 620 1529 686 sine
1545 620 1658 685 labore
1682 625 1715 686 et
1730 618 1900 707 dispendio
1916 617 2062 684 fidelium

438 732 622 791 nostrorum
650 725 722 791 fieri
750 725 929 792 fecimus':
963 725 1113 790 volumus
1142 732 1175 790 et
1203 747 1360 812 expresse
1388 725 1595 806 mandamns,
1627 731 1676 806 ut,
1701 725 1785 790 sicut
1807 746 1869 790 neo
1892 725 1925 788 in
1947 728 2061 788 nostro

438 829 560 914 palatio
570 821 609 909 ³⁵,
633 829 679 894 ita
701 847 761 893 ncc
784 829 817 893 in
840 829 925 893 isto¹
947 828 1119 914 heribergo
1144 829 1260 915 aliquis
1284 829 1387 894 cliusr
1411 829 1481 893 sine
1505 835 1616 894 nostra
1638 829 1783 894 iussione
1807 849 1940 892 manere
1964 815 2060 914 prae·

437 940 543 996 sumat
571 943 652 997 nec¹
682 931 761 996 illud
792 933 909 1017 aliquis
937 931 1111 1000 destruat⁸.
1156 932 1281 1007 Quodsi
1314 934 1433 1019 aliquis
1461 934 1718 1020 praesumpserit
1748 939 1782 998 et
1809 953 1830 997 a
1860 930 2061 1011 custodibus,

437 1039 518 1120 quos
541 1035 581 1100 ad
605 1036 668 1100 hoc
692 1035 866 1122 deputatos
890 1035 1061 1118 habemus,
1086 1037 1178 1102 nobis
1202 1045 1315 1102 notum
1331 1037 1453 1102 factum
1468 1037 1577 1118 fuerit,
1602 1057 1666 1101 non
1691 1038 1760 1101 sine
1784 1035 1896 1102 debita
1920 1035 2062 1099 vindicta
2093 1059 2106 1096 s

436 1146 666 1226 praesumptor
689 1140 817 1206 evadet.
866 1137 951 1212 Quia
974 1160 1104 1227 semper
1125 1142 1230 1226 parati
1254 1141 1495 1206 essevolumus
1519 1145 1551 1205 et
1573 1161 1632 1204 vos
1657 1145 1788 1225 paratos
1809 1159 1882 1204 esse
1900 1137 2060 1218 iubemus,

435 1249 471 1306 ut
494 1243 526 1307 in
551 1244 623 1306 istis
647 1244 797 1329 partibus
820 1249 853 1308 et
876 1244 909 1307 in
932 1243 1006 1307 aliis
1022 1241 1278 1328 quibuscumque
1301 1245 1394 1307 nobis
1423 1264 1562 1308 necesse
1584 1243 1697 1320 fuerit,
1722 1249 1755 1310 et
1780 1249 1893 1307 contra
1916 1263 2060 1329 paganos

436 1353 469 1409 ct
492 1353 605 1410 contra
628 1347 710 1412 alios
734 1366 967 1433 quoscumque,
992 1346 1076 1410 sicut
1091 1345 1293 1411 consuetudo
1315 1347 1376 1412 fuit
1398 1353 1432 1411 et
1455 1347 1556 1411 vestri
1572 1351 1800 1412 antecessores
1823 1347 1946 1436 nostris·
1967 1352 2059 1410 ante-

434 1449 616 1514 cessoribus
645 1451 805 1515 auxilium
833 1449 1056 1535 praebuerunt
1091 1455 1125 1513 st
1153 1470 1209 1514 vos
1237 1450 1332 1515 nobis
1365 1449 1510 1515 debiturn
1543 1457 1577 1515 et
1611 1450 1834 1515 necessarium
1864 1447 2059 1514 adiutorium

434 1552 640 1634 exhibuistis,
663 1553 710 1617 ita
732 1575 817 1618 nuno
841 1560 875 1618 et
897 1573 1027 1640 semper
1051 1554 1266 1619 communiter
1295 1553 1337 1618 ad
1359 1554 1424 1618 Dei
1446 1556 1647 1619 voluntatem
1675 1560 1709 1619 et
1740 1560 1873 1618 sanctae
1897 1553 2059 1618 ccclesiae
2081 1579 2105 1616 ro

433 1663 532 1743 atque
566 1659 660 1723 istius
698 1658 943 1723 christianitatis
971 1657 1195 1724 defensionem
1236 1666 1270 1722 et
1304 1667 1448 1724 nostram
1478 1679 1680 1724 communem
1710 1659 1850 1722 salutem
1883 1664 1917 1722 et
1944 1678 2060 1742 pacem

434 1759 646 1826 obtinendam
663 1769 718 1826 et⁸
734 1760 975 1826 defendendam
986 1772 999 1799 ¹
1015 1763 1048 1827 in
1068 1763 1229 1843 omnibus,
1246 1771 1401 1850 quantum
1415 1763 1507 1828 Deus
1524 1762 1704 1829 scurriliumb
1721 1769 1889 1849 praestare
1905 1761 2060 1845 dignatus

433 1865 565 1946 fueritb,
588 1867 716 1952 parati⁰
740 1887 872 1952 semper
895 1873 928 1931 et
950 1867 982 1930 in
1008 1867 1159 1932 omnibus
1183 1867 1317 1932 simusd.

901 2072 972 2156 (0.)
1006 2072 1054 2137 Et
1077 2079 1169 2159 post
1190 2072 1311 2138 haece
1333 2073 1460 2138 omnia
1483 2073 1597 2139 lecta.

542 2192 621 2282 Oap.
640 2203 667 2262 l.
703 2195 873 2262 Monemus
904 2195 1097 2262 fidelitatem
1126 2201 1283 2274 rosham,
1314 2202 1351 2258 ut
1381 2193 1463 2259 haee
1492 2195 1626 2259 firmiter
1653 2195 1835 2260 observetis
1866 2202 1899 2260 et
1929 2216 2061 2282 semper
2078 2229 2103 2267 n.

434 2296 519 2361 sicut
542 2297 607 2364 Dei
631 2307 664 2365 et
686 2301 789 2365 nostri
812 2297 924 2366 dilecti
954 2299 1068 2364 fideles
1098 2300 1205 2386 parati
1235 2300 1321 2379 sitis,
1353 2305 1406 2376 ut,
1438 2299 1465 2363 si
1496 2299 1677 2364 necessitas
1706 2298 1798 2363 nobis
1827 2301 1974 2365 evenerit
2003 2307 2060 2367 aut

433 2407 544 2466 contra
573 2423 720 2489 paganos
748 2411 804 2469 ant
834 2411 946 2469 contra
974 2422 1197 2489 quoscumque
1219 2404 1316 2482 alios,
1348 2403 1532 2480 utstatim,
1563 2401 1691 2488 quando
1720 2403 1894 2488 unicuique
1925 2405 2058 2469 nuntius

433 2504 559 2570 venerit
581 2513 638 2570 ant
662 2506 754 2571 nobis
778 2527 914 2572 necesse
937 2506 1092 2584 audierit,
1125 2508 1196 2571 sine
1228 2506 1295 2570 ulla
1324 2505 1479 2570 dilatione
1509 2505 1669 2570 hostiliter
1697 2513 1914 2592 praeparatus
1937 2509 1970 2572 in
1993 2507 2058 2574 Dei

433 2613 466 2671 et
496 2615 643 2673 nostram
672 2611 840 2676 servitium
869 2609 908 2675 ad
940 2609 1164 2675 communem‘
1192 2610 1367 2674 utilitatem
1399 2610 1502 2696 possit
1531 2629 1661 2674 movere
1690 2615 1725 2673 ct
1753 2609 1935 2674 certissime
1965 2611 2058 2676 nobis

432 2732 613 2779 occurrere.
665 2711 709 2778 Et
739 2715 890 2779 volumus
925 2721 958 2778 et
992 2735 1151 2801 expresse
1187 2712 1393 2794 mandamus,
1428 2721 1478 2792 ut,
1515 2714 1711 2799 quicumque
1746 2715 1818 2778 istis
1853 2715 2057 2799 temporibus
2076 2746 2103 2786 20

433 2816 570 2881 castella
594 2823 626 2882 et
649 2817 819 2884 firmitates
849 2823 882 2882 et
906 2809 1031 2882 haias³⁶
1054 2819 1124 2883 sine
1158 2825 1265 2882 nostro
1290 2817 1391 2883 verbo
1414 2817 1565 2896 fecerint,
1597 2816 1756 2882 Kalendis
1780 2818 1922 2903 Augusti
1946 2839 2059 2884 omnes

432 2919 516 2984 tales
549 2919 719 2985 firmitates
752 2918 906 2986 disfactas
939 2921 1098 2996 habeanl;
1139 2923 1215 3007 quia
1249 2922 1348 2987 ricini
1386 2928 1420 2986 et
1455 2922 1747 2987 circummanentes
1782 2920 1900 2986 exinde
1936 2923 2057 2987 multas

432 3022 706 3111 depraedationes
729 3030 762 3090 et
784 3024 1018 3111 impedimenta
1033 3028 1204 3092 sustinent.
1249 3025 1293 3089 Et
1309 3026 1364 3112 qui
1381 3047 1437 3090 eas
1454 3024 1613 3091 disfacere
1630 3045 1696 3088 non
1712 3023 1885 3104 voluerint,
1910 3027 2057 3107 comites,

431 3127 624 3213 inquorum
648 3128 856 3193 comitatibus
878 3129 986 3194 factae
1009 3139 1094 3210 sunt,
1118 3151 1174 3195 eas
1199 3129 1381 3195 disfaciant.
1426 3129 1518 3195 Etsi
1542 3131 1659 3216 aliquis
1684 3130 1731 3194 cis
1749 3129 1991 3211 contradixerit,
2014 3131 2058 3196 ad

431 3235 561 3318 tempus
584 3233 680 3297 nobis
703 3240 814 3297 notum
838 3233 946 3298 facere
972 3240 1095 3300 curent.
1141 3232 1204 3307 Qui
1228 3235 1254 3300 si
1279 3234 1352 3315 hcc,
1376 3236 1460 3299 sicut
1475 3232 1679 3318 mandamus,
1704 3232 1883 3318 adimplere
1899 3234 2056 3319 neglexe-
2076 3266 2102 3305 a

429 3334 511 3414 rint,
541 3337 662 3412 sciant,
692 3337 781 3422 qnia,
806 3337 890 3402 sicut
914 3338 1041 3402 inistis
1065 3339 1215 3426 capitulis
1238 3345 1272 3404 et
1295 3339 1530 3425 capitularibus
1554 3337 1845 3424 praedecessorum
1869 3343 2054 3404 nostrorum

428 3431 659 3519 contineturffi,
688 3440 772 3506 tales
806 3441 941 3506 comites
972 3463 1168 3528 quaeremus
1199 3449 1232 3508 ct
1262 3444 1294 3507 in
1323 3443 1452 3506 illorum
1485 3442 1689 3506 comitatibus
1719 3443 1969 3523 constituemus,
1999 3443 2054 3528 qui

428 3548 576 3608 nostrum
600 3543 786 3609 mandatum
811 3543 920 3610 facere
944 3545 1046 3610 velint
1069 3552 1102 3612 et
1123 3548 1259 3632 possint.

537 3651 566 3712 2¹.
601 3647 644 3713 Ε)
666 3651 721 3735 qni
751 3649 978 3737 interpellatus
1006 3658 1071 3728 cst,
1104 3658 1139 3715 ut
1169 3652 1221 3716 hio
1250 3652 1391 3737 aliquam
1422 3671 1555 3716 causam
1585 3649 1706 3715 debeat
1737 3649 1894 3730 diffinire,
1923 3651 2051 3732 instctss,

426 3771 595 3839 usquequo
618 3751 756 3818 diffinita
780 3754 822 3817 sit
845 3753 939 3832 ratio,
964 3753 1004 3819 de
1028 3775 1092 3839 qua
1115 3756 1344 3842 interpellatus
1367 3753 1516 3819 habetur.
1569 3753 1612 3817 Et
1635 3755 1689 3840 qui
1713 3774 1771 3840 pro
1795 3774 1854 3818 sua
1877 3775 1976 3820 causa
1997 3754 2051 3818 hic
2070 3784 2097 3822 ao

426 3852 617 3922 demorandi
639 3855 738 3922 habet
761 3857 1007 3938 necessitatem,
1032 3865 1064 3924 et
1086 3858 1158 3944 ipse
1182 3857 1350 3923 nobiscum
1377 3864 1464 3922 stare
1486 3858 1618 3944 poterit,
1642 3863 1799 3942 quantum
1823 3859 1853 3922 ei
1874 3859 2053 3924 necessitas

425 3958 532 4024 fuerit.
577 3959 642 4024 Sed
665 3967 698 4024 et
714 3959 849 4025 vassalli
863 3962 964 4026 nostri
981 3981 1054 4025 curn
1072 3961 1171 4026 tantis
1187 3960 1383 4040 hominibus,
1408 3960 1493 4024 sicut
1515 3961 1563 4025 eis
1580 3960 1791 4026 commoditas
1809 3960 1917 4042 fuerit,
1940 3961 2051 4027 nobis·

426 4083 499 4129 cum
523 4071 715 4130 remaneant
737 4072 771 4130 et
794 4065 962 4130 nobiscum
985 4071 1133 4151 pergant.

534 4169 563 4232 3.
598 4167 666 4234 Vos
691 4175 798 4234 autem
824 4169 891 4246 alii,
915 4168 974 4234 sed
998 4170 1120 4256 stipsi,
1143 4168 1382 4256 quinobiscum
1401 4166 1627 4248 remanebunt,
1651 4167 1684 4232 in
1708 4167 1815 4232 eundo
1840 4173 1873 4234 et
1895 4168 1927 4232 in
1943 4170 2049 4254 patria

425 4269 623 4335 remanendo
652 4278 685 4336 et
715 4271 757 4336 ad
786 4293 845 4336 nos
876 4271 1042 4338 redeundo
1073 4294 1188 4359 pacem
1216 4293 1235 4336 a
1264 4273 1360 4338 nobis
1388 4272 1603 4336 communiter
1628 4272 1848 4336 confirmatam
1879 4281 2048 4339 servantes
2068 4301 2093 4340 ss

424 4373 469 4438 ite
498 4393 570 4438 curn
598 4373 662 4440 Dei
697 4382 731 4439 et
765 4382 876 4441 nostra
912 4377 1026 4462 gratia.
1092 4375 1134 4440 Et
1162 4377 1254 4441 Deus
1290 4375 1382 4440 nobis
1417 4375 1592 4454 concedat,
1628 4382 1664 4438 ut
1696 4363 1760 4439 cito
1791 4381 1825 4439 ct
1852 4396 1910 4461 per
1938 4375 2049 4462 plures

423 4496 526 4542 annos
543 4479 612 4542 sani
637 4485 670 4544 et
693 4479 770 4544 lacti
794 4501 851 4544 nos
874 4480 1013 4544 invicem
1038 4479 1206 4544 videamus
1233 4485 1266 4543 et
1292 4479 1333 4544 de
1354 4479 1418 4544 Dei
1442 4499 1540 4565 super
1562 4501 1620 4543 nos
1642 4479 1865 4545 misericordia
1888 4487 1921 4544 et
1942 4483 2050 4566 gratia

423 4581 634 4665 gaudeamus.

526 4791 559 4852 nl
578 4807 591 4842 c
608 4791 729 4844 iussimus
747 4809 812 4843 corr.
826 4790 850 4843 4.
930 4791 957 4861 x)
976 4795 1053 4845 istum
1072 4793 1235 4860 heribergum
1248 4791 1273 4845 3.
1352 4791 1381 4858 y)
1401 4809 1448 4844 om.
1462 4791 1486 4843 3.
1566 4791 1591 4859 r.)
1609 4809 1642 4844 ne
1654 4793 1800 4845 destruatur
1811 4791 1836 4844 3.
1915 4791 1942 4860 a)
1960 4811 2008 4846 om.
2021 4794 2046 4848 4.

422 4877 449 4942 a)
468 4875 623 4942 dignaturus
640 4877 767 4930 auxilinm
786 4878 845 4930 dare
864 4879 938 4930 nobis
955 4879 1067 4930 voluerit
1084 4877 1107 4928 6.
1207 4878 1232 4943 c)
1252 4885 1342 4945 parata
1360 4894 1460 4945 semper
1478 4879 1619 4930 intentione
1638 4879 1693 4929 sitis
1711 4877 1735 4930 3.
1834 4877 1862 4946 d)
1885 4879 1973 4931 Cetera
1992 4881 2044 4933 des.
2063 4893 2090 4931 co

420 4963 448 5014 ia
466 4960 552 5014 2-6.
641 4963 666 5029 c)
684 4981 732 5015 orn.
754 4962 855 5028 atrise,
873 4963 973 5028 Vallic„
989 4964 1067 5016 Velie.
1165 4963 1190 5031 f)
1208 4973 1233 5016 at
1251 4965 1313 5017 odd.
1332 4964 1411 5016 Siros.
1499 4963 1528 5031 g)
1546 4964 1626 5028 ira13
1645 4965 1688 5016 hic
1705 4973 1754 5016 stet
1771 4965 1904 5017 Balaeias.

522 5151 567 5218 fit)
587 5149 643 5217 Osa.
658 5149 721 5220 Gap,
739 5151 771 5204 dc
786 5149 886 5220 discipl.
903 5152 959 5220 prol.
973 5152 1097 5221 Aquispa
1110 5151 1188 5220 saca,
1206 5157 1265 5205 tom.
1283 5155 1304 5220 I,
1319 5167 1350 5221 p.
1363 5153 1422 5220 298,
1441 5165 1463 5206 c.
1476 5155 1500 5206 l).
1583 5154 1627 5216 36)
1646 5153 1684 5206 cel
1694 5152 1783 5220 lrcpoc,
1803 5151 1921 5222 Hcckcn,
1940 5153 2044 5223 (idme,

427 5254 552 5323 Verbosae,
569 5255 788 5324 franco-pellace:
812 5256 885 5323 lraic,·
902 5256 951 5322 cfr.
970 5255 1068 5310 &lande
1085 5257 1132 5312 lc.
1150 5256 1184 5310 1²
1204 5273 1258 5311 ac.
1279 5256 1346 5326 Ιιαςῃ
1370 5257 1437 5310 Dice
1454 5257 1470 5312 l.
1481 5273 1501 5310 c.
1519 5255 1580 5324 Ile,
1600 5273 1652 5310 aa.
1667 5257 1736 5310 licie.
1823 5258 1869 5327 37)
1889 5257 1944 5324 (lsr.
1960 5275 2045 5328 supero

417 5359 616 5414 affiffiffi
