4560 6426
420 453 483 516 292
580 449 825 506 carrucarum
844 448 972 504 REGUM
993 447 1176 503 FRANOIAE
1196 446 1460 503 OCCIDEN'I'ALIS
1478 446 1626 516 (Kaliour
1639 447 1686 514 11).
1706 476 1737 486 -
1756 446 1805 502 Νι.
1818 447 1877 503 267.

342 629 401 684 bil.
421 626 629 691 inmunitates
652 625 685 689 in
708 625 798 690 nullo
821 613 1068 708 infringantur-2,
1092 643 1145 687 res
1169 642 1281 687 sacrae
1304 628 1337 688 et
1359 621 1486 686 fructus
1510 623 1581 687 eius
1604 643 1624 685 a
1646 621 1735 686 nullo
1760 622 1934 707 rapiantur,
1958 645 2038 710 quo-

418 731 522 806 niam,
553 730 607 814 qui
629 729 737 793 aliena
759 729 903 814 rapiunt,
935 748 1077 812 aregno
1102 727 1164 791 Dei
1188 725 1407 791 excluduntur
1429 724 1557 790 dicente
1582 727 1747 810 apostolo:
1780 721 1964 812 ‘Rapaces3
1987 749 2037 793 re-

419 855 517 917 gnum
541 834 604 897 Dei
627 854 690 898 non
705 829 937 919 possidebunt‘.
984 829 1099 895 Nonae
1124 836 1157 894 et
1179 829 1325 894 decimae
1341 829 1481 894 fideliter
1500 830 1744 915 persolvantur;
1769 830 1957 895 sacerdotes
1974 831 2036 896 Dei

419 945 452 1001 et
476 937 612 1000 ministri
636 937 708 1000 eius
732 956 794 999 non
819 934 1072 1012 dehonorentur,
1097 954 1159 996 non
1177 933 1385 1018 flagellentur
1409 953 1515 1018 neque
1539 933 1580 996 de
1604 933 1764 997 aecclesia
1788 935 1859 998 sine
1876 957 2036 1000 consensu

419 1041 562 1126 episcopi
581 1041 630 1104 sui
645 1040 803 1103 eiciantur
818 1044 875 1102 aut
891 1039 924 1101 in
942 1059 981 1102 ea
998 1029 1227 1122 recipiantur13
1243 1037 1425 1102 aecclesiae
1441 1036 1627 1102 destructae
1644 1043 1875 1104 restaurentur.
1912 1038 2036 1114 Quodsi
2071 1064 2082 1100 ,ι

418 1147 490 1229 quis
518 1153 743 1230 transgressus
773 1144 886 1222 luerit,
916 1142 1134 1206 anathematis
1163 1141 1307 1206 vindicta
1334 1141 1486 1220 feriatur,
1511 1149 1545 1206 et
1575 1142 1703 1205 comitis
1734 1141 1931 1207 districtione
1961 1165 2036 1209 con-

419 1250 607 1333 stringatur,
631 1255 664 1312 et
687 1248 785 1312 banni
809 1247 930 1332 regalis
954 1245 1127 1310 exactione
1154 1245 1359 1332 dampnetur.

527 1372 555 1434 2.
592 1368 878 1448 sanctimoniales,
902 1367 1030 1442 viduae,
1056 1365 1192 1451 orphani
1217 1373 1249 1430 et
1266 1387 1429 1452 pauperes
1452 1366 1541 1430 nullo
1558 1366 1652 1430 modo
1669 1368 1906 1453 opprimantur:
1930 1376 1963 1435 et
1986 1392 2038 1434 res

418 1473 556 1553 illorum,
585 1480 649 1537 tam
680 1473 713 1537 in
743 1472 906 1556 frugibus,
939 1492 1035 1556 quarn
1058 1471 1090 1534 in
1114 1471 1215 1556 pratis
1240 1491 1363 1534 necnon
1388 1471 1484 1534 etiam
1509 1471 1540 1533 in
1566 1491 1676 1534 eorum
1699 1472 1795 1536 loono
1824 1474 1956 1537 anullo
1980 1495 2039 1560 por

419 1579 564 1664 rapinam
589 1575 840 1662 depraedentur.
885 1574 928 1639 Et
951 1574 1148 1659 ubicumque
1165 1573 1313 1660 oppressi
1330 1581 1415 1652 sunt,
1437 1575 1477 1637 ab
1495 1575 1667 1660 episcopis,
1692 1576 1864 1640 comitibus
1881 1584 1914 1641 et
1929 1579 2037 1643 missis
2058 1609 2083 1647 ιο

419 1682 583 1766 regalibus
608 1679 834 1759 subleventur,
859 1687 892 1742 et
915 1698 1126 1764 oppressores
1151 1677 1288 1754 illorum,
1313 1679 1398 1741 sieut
1421 1698 1518 1763 supra
1542 1679 1694 1763 seriptum
1720 1670 1802 1759 est⁴,
1831 1681 1863 1743 in
1888 1681 2038 1746 omnibus

419 1786 687 1870 constringantur.

527 1908 555 1970 3.
591 1896 665 1968 Def’
681 1904 732 1968 his
750 1925 838 1979 vero,
862 1905 915 1990 qui
933 1905 1017 1969 intra
1033 1906 1170 1991 patriam
1188 1903 1371 1969 residentes
1389 1904 1518 1990 rapinas
1535 1911 1701 1984 exercent,
1724 1904 1836 1970 domos
1852 1906 2039 1992 infringunt,

419 2011 569 2074 homines
593 2009 664 2072 sine
688 2029 787 2073 causa
810 2007 974 2090 occidunt,
1008 2001 1152 2072 trustes6
1176 2016 1382 2072 commovent
1405 2017 1460 2072 aut
1483 2008 1566 2072 alios
1589 2008 1767 2094 dampnant
1790 2018 1822 2074 et
1845 2013 2039 2098 opprimant,

419 2121 512 2200 prata
535 2103 740 2176 defensor-iai
764 2112 954 2198 depascunt,
978 2112 1090 2197 fruges
1114 2112 1251 2177 aliorum
1276 2110 1465 2192 devastant,
1489 2133 1531 2175 ex
1554 2111 1604 2175 his
1626 2111 1759 2178 mandat
1783 2115 1890 2178 senior
1912 2123 2038 2181 noster:
2061 2148 2084 2185 n

419 2227 465 2284 ‘ut
488 2220 626 2305 primum
650 2217 830 2303 episcopali
853 2217 1047 2283 auctoritate
1071 2217 1256 2281 iudicentur
1287 2224 1320 2280 et
1343 2217 1389 2280 sic
1412 2223 1529 2301 postea
1551 2236 1571 2280 a
1594 2216 1767 2281 comitibus
1792 2217 1940 2303 legaliter
1963 2242 2038 2285 con·

420 2323 621 2407 stringantur
643 2329 676 2385 et
699 2323 832 2407 insuper
855 2321 997 2386 bannum
1027 2330 1189 2401 nostrum,
1221 2321 1253 2386 id
1283 2328 1334 2385 est
1357 2320 1475 2385 solidos
1498 2320 1574 2398 XL,
1607 2321 1821 2406 componant'.
1867 2323 1909 2388 Et
1933 2326 1959 2389 si
1982 2348 2039 2390 eos

418 2425 664 2511 constringereb
685 2446 748 2490 nou
765 2426 939 2511 potuerint,
964 2425 1004 2490 ad
1020 2426 1164 2510 regalem
1184 2426 1404 2512 praesentiam
1426 2424 1638 2503 deducantur,
1662 2430 1697 2487 ut
1713 2423 1843 2510 dignam
1861 2430 2041 2515 suscipiant

420 2530 605 2595 vindictam.

527 2656 555 2715 4.
591 2642 774 2737 Mancipia8
797 2651 921 2726 aliena,
956 2671 1039 2733 quae
1069 2650 1152 2712 intra
1176 2648 1384 2714 inmunitates
1414 2650 1544 2734 lugiunt
1572 2660 1628 2717 aut
1651 2653 1735 2716 intra
1757 2653 1870 2719 fiscum
1893 2661 2040 2720 nostrum
2060 2684 2086 2723 ro

418 2763 473 2819 aut
504 2754 641 2819 aliorum
670 2760 884 2839 potestatem⁰
913 2762 946 2817 et
975 2775 994 2816 a
1024 2753 1164 2817 dominis
1189 2753 1254 2817 suis
1280 2753 1483 2826 insecuntur,
1513 2757 1584 2820 sine
1607 2757 1673 2820 ullo
1698 2778 1832 2824 munere
1856 2767 1912 2823 aut
1934 2759 2043 2844 aliqua

419 2860 674 2924 contradictione
698 2859 893 2936 reddantur,
924 2865 980 2922 aut
1002 2858 1088 2921 foras
1112 2859 1285 2930 eiciantur,
1317 2859 1379 2923 nisi
1410 2858 1536 2944 legibus
1560 2881 1619 2924 sua
1642 2881 1713 2925 esse
1738 2861 1956 2947 probaverint.
2001 2863 2044 2927 Et

420 2965 446 3028 si
470 2964 542 3048 quis
566 2962 769 3027 contenderit
793 2970 826 3025 et
849 2960 987 3025 reddere
1012 2960 1153 3024 uoluerit
1176 2969 1210 3025 et
1232 2969 1349 3045 postea
1372 2961 1523 3047 fugerint,
1548 2963 1698 3048 legaliter
1722 2963 1782 3029 eatl
1805 2965 1976 3051 persolvat.

527 3088 556 3150 5.
591 3081 639 3147 Ut
652 3103 748 3148 nemo
765 3083 907 3166 virgines
932 3090 988 3146 aut
1008 3081 1121 3146 viduas
1139 3103 1253 3168 rapere
1270 3091 1458 3167 praesumat
1481 3092 1513 3149 et
1535 3084 1577 3148 ad
1601 3106 1656 3150 eas
1673 3087 1762 3151 nullo
1786 3087 1881 3153 modo
1898 3071 2042 3162 accedat,

419 3188 478 3252 nisi
502 3186 654 3272 legaliter
681 3207 736 3250 eas
765 3186 955 3271 nuptialiter
983 3184 1196 3271 desponsatas
1229 3186 1445 3253 coniunxerit.
1495 3187 1613 3253 Nullus
1641 3187 1713 3254 Deo
1746 3199 1905 3256 sacratarn
1938 3193 2043 3278 rapiat
2061 3217 2086 3258 ra

419 3297 476 3356 aut
498 3290 599 3356 violet
622 3290 675 3354 vel
698 3291 729 3353 in
754 3290 904 3375 coniugio
929 3289 991 3354 sibi
1016 3290 1127 3355 societ.
1180 3288 1213 3352 Si
1237 3290 1310 3376 quis
1334 3291 1394 3354 hoc
1418 3297 1643 3374 transgressus
1672 3292 1786 3374 fuerit,
1817 3296 2042 3361 eeclesiastico

419 3392 629 3459 anathemate
653 3392 790 3457 feriatur
814 3401 847 3456 et
869 3393 1002 3479 publico
1027 3392 1145 3456 iudicio
1170 3391 1351 3460 damnetur.

526 3519 555 3579 c.
591 3514 636 3578 Ut
660 3514 788 3598 regales
811 3514 956 3579 iustitiae
981 3535 1053 3578 cum
1078 3515 1164 3578 omni
1188 3514 1356 3599 diligentia
1379 3515 1598 3601 perficiantur.

527 3640 555 3701 7.
592 3627 659 3699 Ut9
682 3636 790 3701 nullus
814 3635 854 3700 de
879 3635 974 3699 domo
999 3656 1056 3699 sua
1080 3635 1122 3699 ad
1145 3635 1242 3699 aliam
1266 3636 1427 3700 transiens
1459 3643 1514 3700 aut
1538 3637 1571 3700 in
1594 3637 1709 3728 itinere
1731 3660 1873 3725 pergens
1897 3641 2043 3727 rapinam

419 3741 526 3806 lacere
550 3746 747 3825 praesumat.
2061 3774 2087 3814 eo

526 3863 554 3927 8.
591 3853 673 3926 Ut¹⁰
696 3863 918 3947 unusquisque
942 3861 1115 3946 presbyter
1136 3861 1315 3927 inbreviat⁰
1337 3861 1369 3925 in
1394 3882 1452 3926 sua
1476 3863 1648 3948 parrochia
1668 3885 1782 3929 omnes
1803 3865 2042 3942 malefactores,

418 3965 571 4031 videlicet
593 3971 756 4052 raptores,
792 3986 943 4052 rapaces,
976 3963 1158 4041 adulteros,
1193 3965 1348 4038 incestos,
1384 3964 1577 4039 homicidas,
1614 3967 1772 4042 latrones;
1807 3974 1844 4034 ct,
1870 3991 1927 4034 eos
1952 3977 2046 4034 extra

420 4071 593 4134 ecclesiam
626 4071 740 4144 faciat,
777 4070 838 4133 uisi
868 4069 1103 4155 paenitentiam
1132 4089 1231 4152 agero
1260 4069 1428 4132 voluerint.
1484 4069 1518 4132 Si
1543 4090 1579 4133 se
1603 4070 1779 4136 emendare
1802 4073 1980 4152 noluerint,
2004 4072 2045 4137 ad
2107 4091 2112 4100 ·

420 4173 566 4259 episcopi
590 4173 808 4258 praesentiam
833 4172 1062 4258 perducantur.

523 4397 549 4460 b)
568 4396 604 4448 sic
622 4397 733 4448 corrasit
750 4396 826 4458 Bol.,·
845 4397 1006 4461 confringere
1024 4415 1044 4447 c.
1133 4397 1158 4460 c)
1177 4399 1214 4448 ito
1232 4398 1342 4449 corrosit
1360 4397 1436 4463 Bol.;
1458 4407 1583 4467 potestate
1602 4418 1623 4452 c.
1710 4402 1736 4464 d)
1754 4421 1799 4454 eus
1817 4421 1837 4454 c.
1926 4403 2044 4472 alitae.
2064 4417 2089 4458 aa

523 4603 550 4669 2)
570 4601 626 4668 Cfr.
648 4601 713 4671 Cap.
732 4601 826 4656 rillaco.
839 4603 897 4668 853,
921 4617 1006 4669 aspra
1019 4616 1048 4668 p.
1061 4601 1120 4667 ⁶219,
1144 4617 1165 4655 e.
1179 4602 1203 4656 3.
1272 4604 1299 4668 3)
1320 4606 1343 4657 1.
1358 4601 1475 4658 Gor-intln
1494 4607 1518 4672 6,
1535 4605 1575 4659 10.
1645 4607 1673 4673 4)
1694 4605 1748 4672 m:
1767 4623 1852 4676 surpra
1867 4624 1897 4676 p.
1910 4609 1969 4677 289,
1987 4626 2008 4664 c.
2024 4613 2045 4666 1.

419 4709 447 4776 ιἰ)
469 4705 520 4772 err.
535 4705 599 4775 Cap.
617 4704 734 4762 maced.
753 4721 773 4759 e.
786 4706 810 4759 4.
916 4708 944 4772 6)
965 4705 1022 4771 cfr.
1041 4705 1162 4759 Breruar.
1185 4705 1255 4759 miss.
1276 4705 1334 4773 789,
1356 4713 1415 4761 tom.
1436 4708 1465 4761 1.
1479 4725 1510 4777 p.
1523 4711 1565 4775 66,
1588 4726 1609 4762 c.
1624 4712 1663 4764 15.
1768 4712 1795 4777 i)
1815 4711 1884 4766 La:
1903 4718 1987 4780 puato
2003 4713 2047 4768 de·

418 4809 504 4876 seua,
527 4809 566 4862 ‘in
588 4810 685 4878 parbrrs
703 4825 809 4878 pacem
830 4815 853 4863 at
876 4810 1008 4863 animalia
1031 4809 1169 4863 tramittere
1190 4826 1246 4864 aon
1267 4811 1335 4864 liest’
1358 4811 1407 4864 Da
1427 4810 1515 4881 Caspe
1536 4829 1557 4866 s.
1578 4831 1598 4868 n.
1617 4813 1733 4880 defenser.
1838 4819 1865 4882 8)
1887 4815 1942 4882 Osa.
1964 4815 2045 4885 Gapp.

418 4928 465 4980 prr
488 4928 513 4965 se
536 4913 611 4966 scrib.
634 4913 694 4968 818.
712 4913 778 4980 819,
801 4913 817 4966 l.
830 4929 852 4966 c.
874 4930 905 4981 p.
923 4913 982 4967 988.
1006 4929 1027 4967 c.
1040 4915 1064 4968 6.
1169 4915 1195 4982 9)
1216 4913 1279 4982 Gap.
1304 4913 1419 4969 amcam.
1444 4931 1464 4969 c.
1477 4916 1501 4971 9.
1609 4918 1650 4982 10)
1678 4917 1733 4983 Gsr.
1757 4917 1902 4972 Hennaeis?
1926 4921 2047 4988 capitula

415 5016 591 5085 presbyteros.
609 5032 630 5070 o.
645 5019 668 5084 1,
689 5016 784 5086 Opera,
803 5016 842 5070 ed.
862 5017 989 5072 &mand
1007 5017 1029 5086 Ι,
1045 5034 1074 5085 p.
1088 5017 1196 5086 ἴδοις,ο
1214 5017 1289 5072 Doce
1305 5018 1336 5071 in
1352 5019 1391 5072 ιΖ.
1409 5018 1430 5084 s.
1451 5017 1487 5073 K.
1502 5019 1546 5078 R!
1566 5021 1582 5073 1
1589 5020 1616 5086 V,
1632 5038 1660 5088 p.
1673 5021 1715 5076 26.
2063 5049 2090 5088 ω
