<?xml version="1.0" encoding="UTF-8"?>
<!DOCTYPE html PUBLIC "-//W3C//DTD XHTML 1.0 Transitional//EN"
    "http://www.w3.org/TR/xhtml1/DTD/xhtml1-transitional.dtd">
<html xmlns="http://www.w3.org/1999/xhtml" xml:lang="en" lang="en">
 <head>
  <title>
</title>
<meta http-equiv="Content-Type" content="text/html;charset=utf-8" />
  <meta name='ocr-system' content='tesseract 3.04.00' />
  <meta name='ocr-capabilities' content='ocr_page ocr_carea ocr_par ocr_line ocrx_word'/>
</head>
<body>
  <div class='ocr_page' id='page_1' title='image "./monumentagerman07mittgoog_0411.png"; bbox 0 0 4590 6420; ppageno 0'>
   <div class='ocr_carea' id='block_1_1' title="bbox 422 411 1930 482">
    <p class='ocr_par' dir='ltr' id='par_1_1' title="bbox 422 411 1930 482">
     <span class='ocr_line' id='line_1_1' title="bbox 422 411 1930 482; baseline -0.005 -3"><span class='ocrx_word' id='word_1_1' title='bbox 422 416 484 478; x_wconf 78' lang='lat'>370</span> <span class='ocrx_word' id='word_1_2' title='bbox 538 412 782 466; x_wconf 71' lang='lat' dir='ltr'>carrucarum</span> <span class='ocrx_word' id='word_1_3' title='bbox 803 411 930 467; x_wconf 79' lang='lat' dir='ltr'>llEGUllI</span> <span class='ocrx_word' id='word_1_4' title='bbox 950 412 1135 466; x_wconf 80' lang='lat' dir='ltr'>l&#39;ll-ANCIAE</span> <span class='ocrx_word' id='word_1_5' title='bbox 1152 413 1340 468; x_wconf 73' lang='lat' dir='ltr'>occlusus.</span> <span class='ocrx_word' id='word_1_6' title='bbox 1360 413 1661 482; x_wconf 77' lang='lat' dir='ltr'>(KAROLOMANNI).</span> <span class='ocrx_word' id='word_1_7' title='bbox 1682 445 1714 454; x_wconf 97' lang='lat'><em>-</em></span> <span class='ocrx_word' id='word_1_8' title='bbox 1733 415 1930 472; x_wconf 52' lang='grc'>1111811111.</span> 
     </span>
    </p>
   </div>
   <div class='ocr_carea' id='block_1_2' title="bbox 343 621 2042 814">
    <p class='ocr_par' dir='ltr' id='par_1_2' title="bbox 343 621 2042 814">
     <span class='ocr_line' id='line_1_2' title="bbox 343 621 2042 709; baseline -0.001 -19"><span class='ocrx_word' id='word_1_9' title='bbox 343 639 403 691; x_wconf 68' lang='grc'>881.</span> <span class='ocrx_word' id='word_1_10' title='bbox 423 621 574 686; x_wconf 87' lang='lat' dir='ltr'>Peticio</span> <span class='ocrx_word' id='word_1_11' title='bbox 606 623 882 708; x_wconf 88' lang='lat' dir='ltr'>episcoporum</span> <span class='ocrx_word' id='word_1_12' title='bbox 917 621 963 686; x_wconf 87' lang='lat' dir='ltr'>ad</span> <span class='ocrx_word' id='word_1_13' title='bbox 999 623 1177 688; x_wconf 92' lang='lat' dir='ltr'>domnum</span> <span class='ocrx_word' id='word_1_14' title='bbox 1207 621 1540 687; x_wconf 83' lang='lat' dir='ltr'>Oarolomannum</span> <span class='ocrx_word' id='word_1_15' title='bbox 1572 643 1717 706; x_wconf 86' lang='lat' dir='ltr'>regem,</span> <span class='ocrx_word' id='word_1_16' title='bbox 1752 623 1905 709; x_wconf 88' lang='lat' dir='ltr'>quando</span> <span class='ocrx_word' id='word_1_17' title='bbox 1936 625 1972 687; x_wconf 90' lang='lat' dir='ltr'>ei</span> <span class='ocrx_word' id='word_1_18' title='bbox 2002 647 2042 689; x_wconf 91' lang='lat' dir='ltr'>so</span> 
     </span>
     <span class='ocr_line' id='line_1_3' title="bbox 454 723 2006 814; baseline 0.002 -25"><span class='ocrx_word' id='word_1_19' title='bbox 454 725 784 790; x_wconf 80' lang='lat' dir='ltr'>comendaverunt</span> <span class='ocrx_word' id='word_1_20' title='bbox 808 727 843 790; x_wconf 90' lang='lat' dir='ltr'>in</span> <span class='ocrx_word' id='word_1_21' title='bbox 868 725 1071 791; x_wconf 78' lang='lat' dir='ltr'>Curisiaco</span> <span class='ocrx_word' id='word_1_22' title='bbox 1095 727 1134 790; x_wconf 83' lang='lat' dir='ltr'>V.</span> <span class='ocrx_word' id='word_1_23' title='bbox 1151 727 1244 791; x_wconf 82' lang='lat' dir='ltr'>idus</span> <span class='ocrx_word' id='word_1_24' title='bbox 1270 723 1554 813; x_wconf 80' lang='lat' dir='ltr'>[Septembris⁸</span> <span class='ocrx_word' id='word_1_25' title='bbox 1576 747 1678 790; x_wconf 87' lang='lat' dir='ltr'>anno</span> <span class='ocrx_word' id='word_1_26' title='bbox 1701 725 2006 814; x_wconf 67' lang='lat' dir='ltr'>Duconxxxllp</span> 
     </span>
    </p>
   </div>
   <div class='ocr_carea' id='block_1_3' title="bbox 421 821 2084 1402">
    <p class='ocr_par' dir='ltr' id='par_1_3' title="bbox 421 821 2084 1402">
     <span class='ocr_line' id='line_1_4' title="bbox 571 821 582 866; baseline 0 0"><span class='ocrx_word' id='word_1_27' title='bbox 571 821 582 866; x_wconf 95' lang='lat'>1</span> 
     </span>
     <span class='ocr_line' id='line_1_5' title="bbox 533 838 2041 961; baseline 0.003 -19"><span class='ocrx_word' id='word_1_28' title='bbox 533 838 573 942; x_wconf 75' lang='grc' dir='ltr'>Α</span> <span class='ocrx_word' id='word_1_29' title='bbox 598 889 677 944; x_wconf 88' lang='lat' dir='ltr'>vobis</span> <span class='ocrx_word' id='word_1_30' title='bbox 699 881 877 960; x_wconf 76' lang='lat' dir='ltr'>perdonareb</span> <span class='ocrx_word' id='word_1_31' title='bbox 899 890 980 946; x_wconf 89' lang='lat' dir='ltr'>nobis</span> <span class='ocrx_word' id='word_1_32' title='bbox 1009 891 1142 961; x_wconf 86' lang='lat' dir='ltr'>petimus,</span> <span class='ocrx_word' id='word_1_33' title='bbox 1174 895 1206 946; x_wconf 91' lang='lat' dir='ltr'>ut</span> <span class='ocrx_word' id='word_1_34' title='bbox 1237 891 1390 960; x_wconf 86' lang='lat' dir='ltr'>unicuique</span> <span class='ocrx_word' id='word_1_35' title='bbox 1418 891 1453 945; x_wconf 89' lang='lat' dir='ltr'>de</span> <span class='ocrx_word' id='word_1_36' title='bbox 1475 889 1557 945; x_wconf 90' lang='lat' dir='ltr'>nobis</span> <span class='ocrx_word' id='word_1_37' title='bbox 1580 893 1610 945; x_wconf 86' lang='lat' dir='ltr'>et</span> <span class='ocrx_word' id='word_1_38' title='bbox 1632 891 1758 946; x_wconf 84' lang='lat' dir='ltr'>ecclesiis</span> <span class='ocrx_word' id='word_1_39' title='bbox 1781 893 1862 947; x_wconf 89' lang='lat' dir='ltr'>nobis</span> <span class='ocrx_word' id='word_1_40' title='bbox 1886 893 2041 948; x_wconf 89' lang='lat' dir='ltr'>commissis</span> 
     </span>
     <span class='ocr_line' id='line_1_6' title="bbox 421 977 2040 1052; baseline 0.002 -22"><span class='ocrx_word' id='word_1_41' title='bbox 421 977 573 1031; x_wconf 86' lang='lat' dir='ltr'>secundum</span> <span class='ocrx_word' id='word_1_42' title='bbox 595 977 716 1047; x_wconf 86' lang='lat' dir='ltr'>primum</span> <span class='ocrx_word' id='word_1_43' title='bbox 738 977 906 1052; x_wconf 79' lang='lat' dir='ltr'>capitulum,</span> <span class='ocrx_word' id='word_1_44' title='bbox 936 978 1012 1047; x_wconf 92' lang='lat' dir='ltr'>quod</span> <span class='ocrx_word' id='word_1_45' title='bbox 1034 978 1186 1034; x_wconf 87' lang='lat' dir='ltr'>novissime</span> <span class='ocrx_word' id='word_1_46' title='bbox 1216 979 1246 1032; x_wconf 92' lang='lat' dir='ltr'>in</span> <span class='ocrx_word' id='word_1_47' title='bbox 1269 977 1410 1032; x_wconf 81' lang='lat' dir='ltr'>Carisinco</span> <span class='ocrx_word' id='word_1_48' title='bbox 1433 978 1552 1032; x_wconf 87' lang='lat' dir='ltr'>domnus</span> <span class='ocrx_word' id='word_1_49' title='bbox 1574 977 1730 1048; x_wconf 82' lang='lat' dir='ltr'>imperator</span> <span class='ocrx_word' id='word_1_50' title='bbox 1753 990 1833 1033; x_wconf 77' lang='lat' dir='ltr'>avus</span> <span class='ocrx_word' id='word_1_51' title='bbox 1856 983 1949 1035; x_wconf 84' lang='lat' dir='ltr'>vester</span> <span class='ocrx_word' id='word_1_52' title='bbox 1972 998 1989 1034; x_wconf 84' lang='lat' dir='ltr'>e</span> <span class='ocrx_word' id='word_1_53' title='bbox 2012 998 2040 1034; x_wconf 85' lang='lat' dir='ltr'>sc</span> 
     </span>
     <span class='ocr_line' id='line_1_7' title="bbox 421 1057 2084 1139; baseline 0.002 -21"><span class='ocrx_word' id='word_1_54' title='bbox 421 1066 451 1118; x_wconf 88' lang='lat' dir='ltr'>ct</span> <span class='ocrx_word' id='word_1_55' title='bbox 472 1081 489 1116; x_wconf 85' lang='lat' dir='ltr'>a</span> <span class='ocrx_word' id='word_1_56' title='bbox 512 1061 603 1138; x_wconf 84' lang='lat' dir='ltr'>patre</span> <span class='ocrx_word' id='word_1_57' title='bbox 628 1061 734 1119; x_wconf 81' lang='lat' dir='ltr'>vestro</span> <span class='ocrx_word' id='word_1_58' title='bbox 756 1067 932 1120; x_wconf 87' lang='lat' dir='ltr'>servaturum</span> <span class='ocrx_word' id='word_1_59' title='bbox 947 1064 1189 1120; x_wconf 71' lang='lat' dir='ltr'>consentientibus</span> <span class='ocrx_word' id='word_1_60' title='bbox 1205 1064 1334 1120; x_wconf 89' lang='lat' dir='ltr'>fidelibus</span> <span class='ocrx_word' id='word_1_61' title='bbox 1356 1065 1432 1119; x_wconf 87' lang='lat' dir='ltr'>illius</span> <span class='ocrx_word' id='word_1_62' title='bbox 1455 1057 1611 1139; x_wconf 75' lang='lat' dir='ltr'>sepultis</span> <span class='ocrx_word' id='word_1_63' title='bbox 1634 1057 1735 1120; x_wconf 81' lang='lat' dir='ltr'>vestri</span> <span class='ocrx_word' id='word_1_64' title='bbox 1759 1069 1846 1134; x_wconf 87' lang='lat' dir='ltr'>atque</span> <span class='ocrx_word' id='word_1_65' title='bbox 1868 1067 2041 1136; x_wconf 79' lang='lat' dir='ltr'>apostolicae</span> <span class='ocrx_word' id='word_1_66' title='bbox 2072 1077 2084 1114; x_wconf 77' lang='lat'>⁵</span> 
     </span>
     <span class='ocr_line' id='line_1_8' title="bbox 421 1149 2041 1223; baseline 0.002 -21"><span class='ocrx_word' id='word_1_67' title='bbox 421 1149 494 1206; x_wconf 88' lang='lat' dir='ltr'>sedis</span> <span class='ocrx_word' id='word_1_68' title='bbox 511 1150 612 1220; x_wconf 81' lang='lat' dir='ltr'>legetis</span> <span class='ocrx_word' id='word_1_69' title='bbox 636 1151 748 1222; x_wconf 84' lang='lat' dir='ltr'>legente</span> <span class='ocrx_word' id='word_1_70' title='bbox 764 1151 922 1206; x_wconf 86' lang='lat' dir='ltr'>Ganzeleno</span> <span class='ocrx_word' id='word_1_71' title='bbox 945 1151 1133 1218; x_wconf 83' lang='lat' dir='ltr'>denuntiavit,</span> <span class='ocrx_word' id='word_1_72' title='bbox 1156 1151 1321 1206; x_wconf 89' lang='lat' dir='ltr'>canonicum</span> <span class='ocrx_word' id='word_1_73' title='bbox 1343 1151 1524 1222; x_wconf 86' lang='lat' dir='ltr'>privilegium</span> <span class='ocrx_word' id='word_1_74' title='bbox 1546 1150 1576 1206; x_wconf 89' lang='lat' dir='ltr'>et</span> <span class='ocrx_word' id='word_1_75' title='bbox 1598 1151 1723 1206; x_wconf 78' lang='lat' dir='ltr'>debitam</span> <span class='ocrx_word' id='word_1_76' title='bbox 1745 1152 1838 1222; x_wconf 87' lang='lat' dir='ltr'>legem</span> <span class='ocrx_word' id='word_1_77' title='bbox 1860 1156 1946 1223; x_wconf 84' lang='lat' dir='ltr'>atque</span> <span class='ocrx_word' id='word_1_78' title='bbox 1962 1153 2041 1208; x_wconf 87' lang='lat' dir='ltr'>insti·</span> 
     </span>
     <span class='ocr_line' id='line_1_9' title="bbox 423 1237 2042 1310; baseline 0.002 -20"><span class='ocrx_word' id='word_1_79' title='bbox 423 1237 494 1292; x_wconf 86' lang='lat' dir='ltr'>ciam</span> <span class='ocrx_word' id='word_1_80' title='bbox 518 1238 688 1292; x_wconf 86' lang='lat' dir='ltr'>conservetis</span> <span class='ocrx_word' id='word_1_81' title='bbox 712 1241 741 1294; x_wconf 86' lang='lat' dir='ltr'>et</span> <span class='ocrx_word' id='word_1_82' title='bbox 763 1238 955 1294; x_wconf 72' lang='lat' dir='ltr'>defensionem</span> <span class='ocrx_word' id='word_1_83' title='bbox 973 1238 1120 1304; x_wconf 81' lang='lat' dir='ltr'>exibeatis,</span> <span class='ocrx_word' id='word_1_84' title='bbox 1144 1239 1217 1294; x_wconf 87' lang='lat' dir='ltr'>sicut</span> <span class='ocrx_word' id='word_1_85' title='bbox 1239 1256 1286 1294; x_wconf 85' lang='lat' dir='ltr'>rex</span> <span class='ocrx_word' id='word_1_86' title='bbox 1310 1239 1339 1292; x_wconf 94' lang='lat' dir='ltr'>in</span> <span class='ocrx_word' id='word_1_87' title='bbox 1363 1255 1413 1292; x_wconf 90' lang='lat' dir='ltr'>suo</span> <span class='ocrx_word' id='word_1_88' title='bbox 1436 1255 1524 1308; x_wconf 79' lang='lat' dir='ltr'>regno</span> <span class='ocrx_word' id='word_1_89' title='bbox 1540 1237 1691 1308; x_wconf 87' lang='lat' dir='ltr'>uuicuique</span> <span class='ocrx_word' id='word_1_90' title='bbox 1714 1239 1846 1310; x_wconf 89' lang='lat' dir='ltr'>episcopo</span> <span class='ocrx_word' id='word_1_91' title='bbox 1863 1245 1892 1295; x_wconf 89' lang='lat' dir='ltr'>et</span> <span class='ocrx_word' id='word_1_92' title='bbox 1908 1240 2042 1296; x_wconf 87' lang='lat' dir='ltr'>ecclesiae</span> 
     </span>
     <span class='ocr_line' id='line_1_10' title="bbox 421 1316 2041 1402; baseline 0.002 -25"><span class='ocrx_word' id='word_1_93' title='bbox 421 1323 475 1378; x_wconf 84' lang='lat' dir='ltr'>sibi</span> <span class='ocrx_word' id='word_1_94' title='bbox 497 1324 644 1380; x_wconf 75' lang='lat' dir='ltr'>eommme</span> <span class='ocrx_word' id='word_1_95' title='bbox 666 1343 717 1394; x_wconf 85' lang='lat' dir='ltr'>per</span> <span class='ocrx_word' id='word_1_96' title='bbox 738 1328 847 1380; x_wconf 87' lang='lat' dir='ltr'>rectum</span> <span class='ocrx_word' id='word_1_97' title='bbox 869 1325 981 1380; x_wconf 84' lang='lat' dir='ltr'>exibere</span> <span class='ocrx_word' id='word_1_98' title='bbox 1004 1325 1097 1392; x_wconf 88' lang='lat' dir='ltr'>debet,</span> <span class='ocrx_word' id='word_1_99' title='bbox 1122 1325 1155 1382; x_wconf 90' lang='lat' dir='ltr'>et</span> <span class='ocrx_word' id='word_1_100' title='bbox 1180 1316 1451 1402; x_wconf 86' lang='lat' dir='ltr'>quemadmodum</span> <span class='ocrx_word' id='word_1_101' title='bbox 1475 1316 1662 1380; x_wconf 77' lang='lat' dir='ltr'>continetur</span> <span class='ocrx_word' id='word_1_102' title='bbox 1682 1318 1715 1379; x_wconf 93' lang='lat' dir='ltr'>in</span> <span class='ocrx_word' id='word_1_103' title='bbox 1741 1319 1877 1402; x_wconf 88' lang='lat' dir='ltr'>scripto,</span> <span class='ocrx_word' id='word_1_104' title='bbox 1901 1318 1985 1402; x_wconf 91' lang='lat' dir='ltr'>quod</span> <span class='ocrx_word' id='word_1_105' title='bbox 2009 1319 2041 1380; x_wconf 94' lang='lat' dir='ltr'>in</span> 
     </span>
    </p>
   </div>
   <div class='ocr_carea' id='block_1_4' title="bbox 421 1401 2086 1582">
    <p class='ocr_par' dir='ltr' id='par_1_4' title="bbox 421 1401 2086 1582">
     <span class='ocr_line' id='line_1_11' title="bbox 421 1401 2042 1498; baseline 0.001 -25"><span class='ocrx_word' id='word_1_106' title='bbox 421 1410 641 1476; x_wconf 82' lang='lat' dir='ltr'>Farrariorum</span> <span class='ocrx_word' id='word_1_107' title='bbox 664 1401 884 1476; x_wconf 75' lang='lat' dir='ltr'>monasteri0²</span> <span class='ocrx_word' id='word_1_108' title='bbox 908 1432 1017 1476; x_wconf 84' lang='lat' dir='ltr'>coram</span> <span class='ocrx_word' id='word_1_109' title='bbox 1047 1412 1148 1476; x_wconf 83' lang='lat' dir='ltr'>altare</span> <span class='ocrx_word' id='word_1_110' title='bbox 1172 1413 1276 1476; x_wconf 87' lang='lat' dir='ltr'>sancti</span> <span class='ocrx_word' id='word_1_111' title='bbox 1299 1411 1388 1475; x_wconf 89' lang='lat' dir='ltr'>Petri</span> <span class='ocrx_word' id='word_1_112' title='bbox 1410 1410 1614 1496; x_wconf 79' lang='lat' dir='ltr'>perdonastis</span> <span class='ocrx_word' id='word_1_113' title='bbox 1639 1419 1671 1476; x_wconf 90' lang='lat' dir='ltr'>et</span> <span class='ocrx_word' id='word_1_114' title='bbox 1700 1433 1798 1476; x_wconf 86' lang='lat' dir='ltr'>manu</span> <span class='ocrx_word' id='word_1_115' title='bbox 1820 1414 1953 1498; x_wconf 87' lang='lat' dir='ltr'>propria</span> <span class='ocrx_word' id='word_1_116' title='bbox 1976 1435 2042 1477; x_wconf 88' lang='lat' dir='ltr'>una</span> 
     </span>
     <span class='ocr_line' id='line_1_12' title="bbox 422 1509 2086 1582; baseline -0.001 -1"><span class='ocrx_word' id='word_1_117' title='bbox 422 1536 494 1581; x_wconf 91' lang='lat' dir='ltr'>oum</span> <span class='ocrx_word' id='word_1_118' title='bbox 516 1515 616 1579; x_wconf 85' lang='lat' dir='ltr'>fratre</span> <span class='ocrx_word' id='word_1_119' title='bbox 638 1521 746 1581; x_wconf 90' lang='lat' dir='ltr'>vestro</span> <span class='ocrx_word' id='word_1_120' title='bbox 770 1516 986 1582; x_wconf 86' lang='lat' dir='ltr'>confirmastis</span> <span class='ocrx_word' id='word_1_121' title='bbox 994 1509 1017 1578; x_wconf 69' lang='lat'>3.</span> <span class='ocrx_word' id='word_1_122' title='bbox 2061 1536 2086 1573; x_wconf 81' lang='lat'>1⁰</span> 
     </span>
    </p>
   </div>
   <div class='ocr_carea' id='block_1_5' title="bbox 469 1703 1992 1791">
    <p class='ocr_par' dir='ltr' id='par_1_5' title="bbox 469 1703 1992 1791">
     <span class='ocr_line' id='line_1_13' title="bbox 469 1703 1992 1791; baseline 0 -21"><span class='ocrx_word' id='word_1_123' title='bbox 469 1705 685 1770; x_wconf 90' lang='lat' dir='ltr'>Promissic</span> <span class='ocrx_word' id='word_1_124' title='bbox 709 1703 838 1769; x_wconf 90' lang='lat' dir='ltr'>domni</span> <span class='ocrx_word' id='word_1_125' title='bbox 860 1704 1144 1771; x_wconf 85' lang='lat' dir='ltr'>Karolomanni</span> <span class='ocrx_word' id='word_1_126' title='bbox 1168 1705 1278 1790; x_wconf 84' lang='lat' dir='ltr'>regis</span> <span class='ocrx_word' id='word_1_127' title='bbox 1302 1705 1348 1769; x_wconf 86' lang='lat' dir='ltr'>ud</span> <span class='ocrx_word' id='word_1_128' title='bbox 1372 1706 1713 1791; x_wconf 80' lang='lat' dir='ltr'>superscriptamc</span> <span class='ocrx_word' id='word_1_129' title='bbox 1735 1705 1992 1791; x_wconf 86' lang='lat' dir='ltr'>peticionem.</span> 
     </span>
    </p>
   </div>
   <div class='ocr_carea' id='block_1_6' title="bbox 420 1817 2087 2427">
    <p class='ocr_par' dir='ltr' id='par_1_6' title="bbox 420 1817 2087 2427">
     <span class='ocr_line' id='line_1_14' title="bbox 528 1817 2042 1907; baseline 0.001 -16"><span class='ocrx_word' id='word_1_130' title='bbox 528 1817 687 1892; x_wconf 56' lang='lat' dir='ltr'>promittet</span> <span class='ocrx_word' id='word_1_131' title='bbox 711 1840 740 1891; x_wconf 85' lang='lat' dir='ltr'>et</span> <span class='ocrx_word' id='word_1_132' title='bbox 763 1838 887 1906; x_wconf 87' lang='lat' dir='ltr'>perdono</span> <span class='ocrx_word' id='word_1_133' title='bbox 903 1837 991 1904; x_wconf 88' lang='lat' dir='ltr'>vobis,</span> <span class='ocrx_word' id='word_1_134' title='bbox 1014 1837 1082 1907; x_wconf 82' lang='lat' dir='ltr'>quia</span> <span class='ocrx_word' id='word_1_135' title='bbox 1097 1836 1248 1906; x_wconf 90' lang='lat' dir='ltr'>unicuique</span> <span class='ocrx_word' id='word_1_136' title='bbox 1263 1836 1297 1891; x_wconf 90' lang='lat' dir='ltr'>de</span> <span class='ocrx_word' id='word_1_137' title='bbox 1314 1835 1393 1890; x_wconf 85' lang='lat' dir='ltr'>vobis</span> <span class='ocrx_word' id='word_1_138' title='bbox 1416 1839 1445 1891; x_wconf 88' lang='lat' dir='ltr'>et</span> <span class='ocrx_word' id='word_1_139' title='bbox 1468 1835 1593 1892; x_wconf 88' lang='lat' dir='ltr'>ecclesiis</span> <span class='ocrx_word' id='word_1_140' title='bbox 1609 1835 1689 1890; x_wconf 89' lang='lat' dir='ltr'>vobis</span> <span class='ocrx_word' id='word_1_141' title='bbox 1711 1835 1867 1890; x_wconf 88' lang='lat' dir='ltr'>commissis</span> <span class='ocrx_word' id='word_1_142' title='bbox 1890 1839 2042 1892; x_wconf 87' lang='lat' dir='ltr'>secundum</span> 
     </span>
     <span class='ocr_line' id='line_1_15' title="bbox 421 1922 2042 1999; baseline 0.001 -22"><span class='ocrx_word' id='word_1_143' title='bbox 421 1923 541 1994; x_wconf 91' lang='lat' dir='ltr'>primum</span> <span class='ocrx_word' id='word_1_144' title='bbox 564 1922 733 1993; x_wconf 86' lang='lat' dir='ltr'>capitulum,</span> <span class='ocrx_word' id='word_1_145' title='bbox 756 1924 832 1992; x_wconf 92' lang='lat' dir='ltr'>quod</span> <span class='ocrx_word' id='word_1_146' title='bbox 854 1924 1005 1980; x_wconf 91' lang='lat' dir='ltr'>novissime</span> <span class='ocrx_word' id='word_1_147' title='bbox 1028 1924 1058 1978; x_wconf 92' lang='lat' dir='ltr'>in</span> <span class='ocrx_word' id='word_1_148' title='bbox 1081 1923 1222 1978; x_wconf 82' lang='lat' dir='ltr'>Curisiaco</span> <span class='ocrx_word' id='word_1_149' title='bbox 1245 1923 1363 1978; x_wconf 90' lang='lat' dir='ltr'>domnus</span> <span class='ocrx_word' id='word_1_150' title='bbox 1386 1923 1541 1994; x_wconf 85' lang='lat' dir='ltr'>imperator</span> <span class='ocrx_word' id='word_1_151' title='bbox 1561 1934 1640 1976; x_wconf 85' lang='lat' dir='ltr'>avus</span> <span class='ocrx_word' id='word_1_152' title='bbox 1665 1940 1742 1976; x_wconf 86' lang='lat' dir='ltr'>meus</span> <span class='ocrx_word' id='word_1_153' title='bbox 1766 1939 1783 1976; x_wconf 86' lang='lat' dir='ltr'>a</span> <span class='ocrx_word' id='word_1_154' title='bbox 1806 1941 1835 1977; x_wconf 90' lang='lat' dir='ltr'>se</span> <span class='ocrx_word' id='word_1_155' title='bbox 1858 1927 1888 1977; x_wconf 92' lang='lat' dir='ltr'>et</span> <span class='ocrx_word' id='word_1_156' title='bbox 1910 1941 1927 1977; x_wconf 87' lang='lat' dir='ltr'>a</span> <span class='ocrx_word' id='word_1_157' title='bbox 1950 1923 2042 1999; x_wconf 85' lang='lat' dir='ltr'>patre</span> 
     </span>
     <span class='ocr_line' id='line_1_16' title="bbox 422 2001 2042 2086; baseline 0.001 -22"><span class='ocrx_word' id='word_1_158' title='bbox 422 2021 493 2064; x_wconf 87' lang='lat' dir='ltr'>meo</span> <span class='ocrx_word' id='word_1_159' title='bbox 516 2013 691 2065; x_wconf 84' lang='lat' dir='ltr'>servaturum</span> <span class='ocrx_word' id='word_1_160' title='bbox 714 2011 955 2066; x_wconf 88' lang='lat' dir='ltr'>consentientibus</span> <span class='ocrx_word' id='word_1_161' title='bbox 984 2011 1112 2066; x_wconf 88' lang='lat' dir='ltr'>fidelibus</span> <span class='ocrx_word' id='word_1_162' title='bbox 1135 2011 1212 2064; x_wconf 87' lang='lat' dir='ltr'>suis</span> <span class='ocrx_word' id='word_1_163' title='bbox 1235 2027 1267 2064; x_wconf 88' lang='lat' dir='ltr'>ac</span> <span class='ocrx_word' id='word_1_164' title='bbox 1295 2001 1397 2086; x_wconf 80' lang='lat' dir='ltr'>petris</span> <span class='ocrx_word' id='word_1_165' title='bbox 1430 2003 1493 2065; x_wconf 87' lang='lat' dir='ltr'>mei</span> <span class='ocrx_word' id='word_1_166' title='bbox 1522 2013 1608 2078; x_wconf 83' lang='lat' dir='ltr'>atque</span> <span class='ocrx_word' id='word_1_167' title='bbox 1637 2009 1811 2078; x_wconf 83' lang='lat' dir='ltr'>apostolicae</span> <span class='ocrx_word' id='word_1_168' title='bbox 1839 2010 1912 2064; x_wconf 88' lang='lat' dir='ltr'>sedis</span> <span class='ocrx_word' id='word_1_169' title='bbox 1940 2010 2042 2082; x_wconf 83' lang='lat' dir='ltr'>legetis</span> 
     </span>
     <span class='ocr_line' id='line_1_17' title="bbox 421 2095 2087 2167; baseline 0.001 -17"><span class='ocrx_word' id='word_1_170' title='bbox 421 2098 533 2167; x_wconf 81' lang='lat' dir='ltr'>legente</span> <span class='ocrx_word' id='word_1_171' title='bbox 556 2097 696 2152; x_wconf 85' lang='lat' dir='ltr'>Gauzleno</span> <span class='ocrx_word' id='word_1_172' title='bbox 720 2096 906 2164; x_wconf 84' lang='lat' dir='ltr'>denuntiavit,</span> <span class='ocrx_word' id='word_1_173' title='bbox 930 2098 1095 2153; x_wconf 87' lang='lat' dir='ltr'>canonicum</span> <span class='ocrx_word' id='word_1_174' title='bbox 1117 2096 1296 2167; x_wconf 84' lang='lat' dir='ltr'>privilegium</span> <span class='ocrx_word' id='word_1_175' title='bbox 1318 2100 1348 2151; x_wconf 87' lang='lat' dir='ltr'>et</span> <span class='ocrx_word' id='word_1_176' title='bbox 1363 2096 1489 2152; x_wconf 85' lang='lat' dir='ltr'>debitam</span> <span class='ocrx_word' id='word_1_177' title='bbox 1505 2097 1595 2166; x_wconf 84' lang='lat' dir='ltr'>legem</span> <span class='ocrx_word' id='word_1_178' title='bbox 1611 2099 1697 2164; x_wconf 89' lang='lat' dir='ltr'>atque</span> <span class='ocrx_word' id='word_1_179' title='bbox 1713 2095 1853 2150; x_wconf 87' lang='lat' dir='ltr'>iusticiam</span> <span class='ocrx_word' id='word_1_180' title='bbox 1869 2099 2041 2152; x_wconf 82' lang='lat' dir='ltr'>conservabo</span> <span class='ocrx_word' id='word_1_181' title='bbox 2062 2113 2087 2151; x_wconf 80' lang='lat' dir='ltr'>rs</span> 
     </span>
     <span class='ocr_line' id='line_1_18' title="bbox 421 2183 2042 2254; baseline 0.001 -16"><span class='ocrx_word' id='word_1_182' title='bbox 421 2187 451 2238; x_wconf 91' lang='lat' dir='ltr'>et</span> <span class='ocrx_word' id='word_1_183' title='bbox 472 2183 672 2249; x_wconf 80' lang='lat' dir='ltr'>defensionem,</span> <span class='ocrx_word' id='word_1_184' title='bbox 695 2187 834 2252; x_wconf 85' lang='lat' dir='ltr'>quantum</span> <span class='ocrx_word' id='word_1_185' title='bbox 856 2188 989 2254; x_wconf 87' lang='lat' dir='ltr'>potuero,</span> <span class='ocrx_word' id='word_1_186' title='bbox 1014 2184 1165 2239; x_wconf 88' lang='lat' dir='ltr'>adiuvante</span> <span class='ocrx_word' id='word_1_187' title='bbox 1188 2184 1308 2238; x_wconf 89' lang='lat' dir='ltr'>Domino</span> <span class='ocrx_word' id='word_1_188' title='bbox 1332 2183 1464 2250; x_wconf 85' lang='lat' dir='ltr'>exibeb0,</span> <span class='ocrx_word' id='word_1_189' title='bbox 1488 2184 1561 2238; x_wconf 87' lang='lat' dir='ltr'>sicut</span> <span class='ocrx_word' id='word_1_190' title='bbox 1583 2200 1631 2238; x_wconf 87' lang='lat' dir='ltr'>rex</span> <span class='ocrx_word' id='word_1_191' title='bbox 1654 2183 1685 2236; x_wconf 90' lang='lat' dir='ltr'>in</span> <span class='ocrx_word' id='word_1_192' title='bbox 1708 2201 1758 2237; x_wconf 90' lang='lat' dir='ltr'>suo</span> <span class='ocrx_word' id='word_1_193' title='bbox 1781 2201 1868 2254; x_wconf 85' lang='lat' dir='ltr'>regno</span> <span class='ocrx_word' id='word_1_194' title='bbox 1891 2184 2042 2254; x_wconf 90' lang='lat' dir='ltr'>unicuique</span> 
     </span>
     <span class='ocr_line' id='line_1_19' title="bbox 422 2269 2043 2352; baseline 0.001 -27"><span class='ocrx_word' id='word_1_195' title='bbox 422 2270 554 2340; x_wconf 89' lang='lat' dir='ltr'>episcopo</span> <span class='ocrx_word' id='word_1_196' title='bbox 577 2273 607 2325; x_wconf 87' lang='lat' dir='ltr'>et</span> <span class='ocrx_word' id='word_1_197' title='bbox 629 2270 763 2325; x_wconf 89' lang='lat' dir='ltr'>ecclesiae</span> <span class='ocrx_word' id='word_1_198' title='bbox 786 2270 840 2325; x_wconf 92' lang='lat' dir='ltr'>sibi</span> <span class='ocrx_word' id='word_1_199' title='bbox 863 2271 1027 2326; x_wconf 84' lang='lat' dir='ltr'>commissae</span> <span class='ocrx_word' id='word_1_200' title='bbox 1055 2290 1106 2342; x_wconf 90' lang='lat' dir='ltr'>per</span> <span class='ocrx_word' id='word_1_201' title='bbox 1136 2275 1243 2326; x_wconf 89' lang='lat' dir='ltr'>rectum</span> <span class='ocrx_word' id='word_1_202' title='bbox 1267 2269 1379 2325; x_wconf 86' lang='lat' dir='ltr'>exibere</span> <span class='ocrx_word' id='word_1_203' title='bbox 1403 2271 1495 2336; x_wconf 88' lang='lat' dir='ltr'>debet,</span> <span class='ocrx_word' id='word_1_204' title='bbox 1520 2273 1550 2325; x_wconf 91' lang='lat' dir='ltr'>et</span> <span class='ocrx_word' id='word_1_205' title='bbox 1571 2269 1806 2338; x_wconf 82' lang='lat' dir='ltr'>quemadmodum</span> <span class='ocrx_word' id='word_1_206' title='bbox 1829 2271 1991 2352; x_wconf 75' lang='lat' dir='ltr'>continetur</span> <span class='ocrx_word' id='word_1_207' title='bbox 2013 2272 2043 2326; x_wconf 93' lang='lat' dir='ltr'>in</span> 
     </span>
     <span class='ocr_line' id='line_1_20' title="bbox 420 2348 2043 2427; baseline 0.001 -17"><span class='ocrx_word' id='word_1_208' title='bbox 420 2357 534 2427; x_wconf 84' lang='lat' dir='ltr'>scripto,</span> <span class='ocrx_word' id='word_1_209' title='bbox 557 2357 632 2426; x_wconf 89' lang='lat' dir='ltr'>quod</span> <span class='ocrx_word' id='word_1_210' title='bbox 655 2357 684 2410; x_wconf 91' lang='lat' dir='ltr'>in</span> <span class='ocrx_word' id='word_1_211' title='bbox 700 2357 890 2413; x_wconf 74' lang='lat' dir='ltr'>ferrariorum</span> <span class='ocrx_word' id='word_1_212' title='bbox 905 2359 1076 2414; x_wconf 85' lang='lat' dir='ltr'>monasterio</span> <span class='ocrx_word' id='word_1_213' title='bbox 1098 2376 1191 2413; x_wconf 87' lang='lat' dir='ltr'>corum</span> <span class='ocrx_word' id='word_1_214' title='bbox 1214 2358 1305 2412; x_wconf 83' lang='lat' dir='ltr'>altare</span> <span class='ocrx_word' id='word_1_215' title='bbox 1327 2357 1419 2412; x_wconf 83' lang='lat' dir='ltr'>sancti</span> <span class='ocrx_word' id='word_1_216' title='bbox 1440 2357 1517 2412; x_wconf 88' lang='lat' dir='ltr'>Petri</span> <span class='ocrx_word' id='word_1_217' title='bbox 1539 2356 1727 2426; x_wconf 80' lang='lat' dir='ltr'>perdonavi,</span> <span class='ocrx_word' id='word_1_218' title='bbox 1760 2348 1792 2410; x_wconf 90' lang='lat' dir='ltr'>in</span> <span class='ocrx_word' id='word_1_219' title='bbox 1815 2348 1906 2426; x_wconf 78' lang='lat' dir='ltr'>hoo³,</span> <span class='ocrx_word' id='word_1_220' title='bbox 1930 2359 1965 2412; x_wconf 85' lang='lat' dir='ltr'>ut</span> <span class='ocrx_word' id='word_1_221' title='bbox 1989 2371 2043 2413; x_wconf 82' lang='lat' dir='ltr'>vos</span> 
     </span>
    </p>
   </div>
   <div class='ocr_carea' id='block_1_7' title="bbox 330 2441 2087 2737">
    <p class='ocr_par' dir='ltr' id='par_1_7' title="bbox 330 2441 2087 2737">
     <span class='ocr_line' id='line_1_21' title="bbox 422 2441 2041 2510; baseline 0.001 -4"><span class='ocrx_word' id='word_1_222' title='bbox 422 2442 500 2507; x_wconf 89' lang='lat' dir='ltr'>mihi</span> <span class='ocrx_word' id='word_1_223' title='bbox 524 2441 702 2506; x_wconf 90' lang='lat' dir='ltr'>secuudum</span> <span class='ocrx_word' id='word_1_224' title='bbox 717 2442 825 2508; x_wconf 91' lang='lat' dir='ltr'>Deum</span> <span class='ocrx_word' id='word_1_225' title='bbox 849 2451 882 2510; x_wconf 92' lang='lat' dir='ltr'>et</span> <span class='ocrx_word' id='word_1_226' title='bbox 906 2444 1083 2508; x_wconf 88' lang='lat' dir='ltr'>secundum</span> <span class='ocrx_word' id='word_1_227' title='bbox 1107 2445 1253 2509; x_wconf 91' lang='lat' dir='ltr'>seculum</span> <span class='ocrx_word' id='word_1_228' title='bbox 1277 2444 1322 2508; x_wconf 91' lang='lat' dir='ltr'>sic</span> <span class='ocrx_word' id='word_1_229' title='bbox 1337 2443 1452 2508; x_wconf 90' lang='lat' dir='ltr'>fideles</span> <span class='ocrx_word' id='word_1_230' title='bbox 1467 2443 1632 2508; x_wconf 85' lang='lat' dir='ltr'>adiutores</span> <span class='ocrx_word' id='word_1_231' title='bbox 1656 2449 1690 2507; x_wconf 92' lang='lat' dir='ltr'>ct</span> <span class='ocrx_word' id='word_1_232' title='bbox 1713 2443 1847 2507; x_wconf 91' lang='lat' dir='ltr'>consilio</span> <span class='ocrx_word' id='word_1_233' title='bbox 1872 2449 1905 2508; x_wconf 92' lang='lat' dir='ltr'>et</span> <span class='ocrx_word' id='word_1_234' title='bbox 1920 2444 2041 2508; x_wconf 83' lang='lat' dir='ltr'>auxilio</span> 
     </span>
     <span class='ocr_line' id='line_1_22' title="bbox 330 2546 2087 2635; baseline 0.002 -25"><span class='ocrx_word' id='word_1_235' title='bbox 330 2623 334 2628; x_wconf 25' lang='grc' dir='ltr'>Ι</span> <span class='ocrx_word' id='word_1_236' title='bbox 422 2547 507 2626; x_wconf 91' lang='lat' dir='ltr'>sitis,</span> <span class='ocrx_word' id='word_1_237' title='bbox 543 2546 627 2610; x_wconf 89' lang='lat' dir='ltr'>sicut</span> <span class='ocrx_word' id='word_1_238' title='bbox 659 2548 759 2610; x_wconf 90' lang='lat' dir='ltr'>vestri</span> <span class='ocrx_word' id='word_1_239' title='bbox 793 2552 1020 2613; x_wconf 83' lang='lat' dir='ltr'>antecessores</span> <span class='ocrx_word' id='word_1_240' title='bbox 1054 2548 1130 2612; x_wconf 91' lang='lat' dir='ltr'>boni</span> <span class='ocrx_word' id='word_1_241' title='bbox 1163 2549 1245 2613; x_wconf 88' lang='lat' dir='ltr'>meis</span> <span class='ocrx_word' id='word_1_242' title='bbox 1285 2548 1477 2613; x_wconf 86' lang='lat' dir='ltr'>melioribus</span> <span class='ocrx_word' id='word_1_243' title='bbox 1512 2547 1818 2635; x_wconf 80' lang='lat' dir='ltr'>praedecessoribus</span> <span class='ocrx_word' id='word_1_244' title='bbox 1853 2549 2041 2630; x_wconf 84' lang='lat' dir='ltr'>extiterunt,</span> <span class='ocrx_word' id='word_1_245' title='bbox 2061 2573 2087 2613; x_wconf 82' lang='lat' dir='ltr'>ee</span> 
     </span>
     <span class='ocr_line' id='line_1_23' title="bbox 421 2648 896 2737; baseline 0.006 -22"><span class='ocrx_word' id='word_1_246' title='bbox 421 2648 601 2715; x_wconf 89' lang='lat' dir='ltr'>seeundum</span> <span class='ocrx_word' id='word_1_247' title='bbox 624 2649 707 2714; x_wconf 90' lang='lat' dir='ltr'>scire</span> <span class='ocrx_word' id='word_1_248' title='bbox 731 2656 764 2714; x_wconf 90' lang='lat' dir='ltr'>et</span> <span class='ocrx_word' id='word_1_249' title='bbox 786 2672 896 2737; x_wconf 90' lang='lat' dir='ltr'>posse.</span> 
     </span>
    </p>
   </div>
   <div class='ocr_carea' id='block_1_8' title="bbox 522 2838 2006 2913">
    <p class='ocr_par' dir='ltr' id='par_1_8' title="bbox 522 2838 2006 2913">
     <span class='ocr_line' id='line_1_24' title="bbox 522 2838 2006 2913; baseline 0.001 -21"><span class='ocrx_word' id='word_1_250' title='bbox 522 2838 549 2906; x_wconf 84' lang='lat' dir='ltr'>a)</span> <span class='ocrx_word' id='word_1_251' title='bbox 566 2843 678 2907; x_wconf 78' lang='lat' dir='ltr'>suppleo.</span> <span class='ocrx_word' id='word_1_252' title='bbox 698 2841 773 2907; x_wconf 59' lang='grc' dir='ltr'>1111,Ι</span> <span class='ocrx_word' id='word_1_253' title='bbox 791 2843 843 2894; x_wconf 82' lang='lat' dir='ltr'>des.</span> <span class='ocrx_word' id='word_1_254' title='bbox 861 2843 889 2894; x_wconf 84' lang='lat' dir='ltr'>in</span> <span class='ocrx_word' id='word_1_255' title='bbox 907 2844 962 2894; x_wconf 82' lang='lat' dir='ltr'>cod.</span> <span class='ocrx_word' id='word_1_256' title='bbox 1055 2842 1082 2909; x_wconf 90' lang='lat' dir='ltr'>b)</span> <span class='ocrx_word' id='word_1_257' title='bbox 1101 2844 1236 2911; x_wconf 74' lang='lat' dir='ltr'>perdonari</span> <span class='ocrx_word' id='word_1_258' title='bbox 1254 2847 1270 2895; x_wconf 81' lang='lat' dir='ltr'>l.</span> <span class='ocrx_word' id='word_1_259' title='bbox 1289 2845 1363 2913; x_wconf 80' lang='lat' dir='ltr'>infra</span> <span class='ocrx_word' id='word_1_260' title='bbox 1380 2853 1431 2895; x_wconf 79' lang='lat' dir='ltr'>not.</span> <span class='ocrx_word' id='word_1_261' title='bbox 1452 2842 1474 2894; x_wconf 92' lang='lat'>1.</span> <span class='ocrx_word' id='word_1_262' title='bbox 1493 2843 1532 2892; x_wconf 81' lang='lat' dir='ltr'>cit.</span> <span class='ocrx_word' id='word_1_263' title='bbox 1620 2842 1646 2906; x_wconf 87' lang='lat' dir='ltr'>c)</span> <span class='ocrx_word' id='word_1_264' title='bbox 1665 2843 1839 2910; x_wconf 82' lang='lat' dir='ltr'>supradictam</span> <span class='ocrx_word' id='word_1_265' title='bbox 1858 2859 1924 2893; x_wconf 86' lang='lat' dir='ltr'>corr.</span> <span class='ocrx_word' id='word_1_266' title='bbox 1946 2842 2006 2893; x_wconf 83' lang='lat' dir='ltr'>Bal.</span> 
     </span>
    </p>
   </div>
   <div class='ocr_carea' id='block_1_9' title="bbox 417 3011 2087 3807">
    <p class='ocr_par' dir='ltr' id='par_1_9' title="bbox 417 3011 2087 3807">
     <span class='ocr_line' id='line_1_25' title="bbox 525 3011 2040 3082; baseline 0.001 -16"><span class='ocrx_word' id='word_1_267' title='bbox 525 3014 550 3080; x_wconf 95' lang='lat'>1)</span> <span class='ocrx_word' id='word_1_268' title='bbox 570 3011 671 3066; x_wconf 73' lang='lat' dir='ltr'>Petito</span> <span class='ocrx_word' id='word_1_269' title='bbox 689 3012 766 3080; x_wconf 82' lang='lat' dir='ltr'>episc.</span> <span class='ocrx_word' id='word_1_270' title='bbox 785 3029 811 3068; x_wconf 88' lang='lat' dir='ltr'>a.</span> <span class='ocrx_word' id='word_1_271' title='bbox 823 3012 884 3080; x_wconf 92' lang='grc'>877,</span> <span class='ocrx_word' id='word_1_272' title='bbox 901 3029 985 3080; x_wconf 68' lang='lat' dir='ltr'>stunc</span> <span class='ocrx_word' id='word_1_273' title='bbox 999 3031 1029 3082; x_wconf 89' lang='lat' dir='ltr'>p.</span> <span class='ocrx_word' id='word_1_274' title='bbox 1040 3014 1099 3068; x_wconf 77' lang='lat'>364.</span> <span class='ocrx_word' id='word_1_275' title='bbox 1186 3014 1213 3077; x_wconf 78' lang='lat'>2)</span> <span class='ocrx_word' id='word_1_276' title='bbox 1235 3012 1376 3066; x_wconf 67' lang='lat' dir='ltr'>Fmrbrcs.</span> <span class='ocrx_word' id='word_1_277' title='bbox 1458 3013 1486 3081; x_wconf 87' lang='lat'>3)</span> <span class='ocrx_word' id='word_1_278' title='bbox 1505 3011 1539 3066; x_wconf 78' lang='lat' dir='ltr'>A.</span> <span class='ocrx_word' id='word_1_279' title='bbox 1552 3011 1611 3079; x_wconf 86' lang='grc'>879,</span> <span class='ocrx_word' id='word_1_280' title='bbox 1629 3028 1690 3066; x_wconf 82' lang='lat' dir='ltr'>cum</span> <span class='ocrx_word' id='word_1_281' title='bbox 1701 3011 1877 3066; x_wconf 77' lang='lat' dir='ltr'>lerdoroicas</span> <span class='ocrx_word' id='word_1_282' title='bbox 1889 3018 1912 3066; x_wconf 83' lang='lat' dir='ltr'>ct</span> <span class='ocrx_word' id='word_1_283' title='bbox 1924 3013 2040 3068; x_wconf 82' lang='lat' dir='ltr'>Koreto-</span> 
     </span>
     <span class='ocr_line' id='line_1_26' title="bbox 419 3107 2042 3185; baseline 0.001 -17"><span class='ocrx_word' id='word_1_284' title='bbox 419 3131 538 3169; x_wconf 78' lang='lat' dir='ltr'>muaous</span> <span class='ocrx_word' id='word_1_285' title='bbox 551 3121 753 3183; x_wconf 75' lang='lat' dir='ltr'>emercarentur,</span> <span class='ocrx_word' id='word_1_286' title='bbox 773 3107 848 3172; x_wconf 69' lang='lat' dir='ltr'>Zao.</span> <span class='ocrx_word' id='word_1_287' title='bbox 863 3117 966 3171; x_wconf 74' lang='lat' dir='ltr'>Bestia.</span> <span class='ocrx_word' id='word_1_288' title='bbox 986 3117 1026 3172; x_wconf 83' lang='lat' dir='ltr'>cd.</span> <span class='ocrx_word' id='word_1_289' title='bbox 1042 3117 1131 3171; x_wconf 79' lang='lat' dir='ltr'>Woitc</span> <span class='ocrx_word' id='word_1_290' title='bbox 1145 3133 1176 3185; x_wconf 85' lang='lat' dir='ltr'>p.</span> <span class='ocrx_word' id='word_1_291' title='bbox 1190 3117 1298 3184; x_wconf 75' lang='lat' dir='ltr'>lftlsq.,·</span> <span class='ocrx_word' id='word_1_292' title='bbox 1315 3118 1365 3183; x_wconf 85' lang='lat' dir='ltr'>csr.</span> <span class='ocrx_word' id='word_1_293' title='bbox 1384 3116 1464 3170; x_wconf 85' lang='lat' dir='ltr'>etium</span> <span class='ocrx_word' id='word_1_294' title='bbox 1477 3114 1623 3169; x_wconf 78' lang='lat' dir='ltr'>Hincsnuri</span> <span class='ocrx_word' id='word_1_295' title='bbox 1640 3115 1711 3183; x_wconf 71' lang='lat' dir='ltr'>epid.</span> <span class='ocrx_word' id='word_1_296' title='bbox 1730 3115 1767 3168; x_wconf 81' lang='lat' dir='ltr'>ad</span> <span class='ocrx_word' id='word_1_297' title='bbox 1779 3115 1967 3170; x_wconf 78' lang='lat' dir='ltr'>Hfudmoicum</span> <span class='ocrx_word' id='word_1_298' title='bbox 1983 3133 2003 3170; x_wconf 89' lang='lat' dir='ltr'>c.</span> <span class='ocrx_word' id='word_1_299' title='bbox 2017 3121 2042 3184; x_wconf 86' lang='lat'>5,</span> 
     </span>
     <span class='ocr_line' id='line_1_27' title="bbox 422 3217 2085 3289; baseline 0.001 -16"><span class='ocrx_word' id='word_1_300' title='bbox 422 3219 509 3288; x_wconf 82' lang='lat' dir='ltr'>Opera</span> <span class='ocrx_word' id='word_1_301' title='bbox 521 3219 563 3287; x_wconf 91' lang='lat' dir='ltr'>II,</span> <span class='ocrx_word' id='word_1_302' title='bbox 578 3235 608 3287; x_wconf 79' lang='lat' dir='ltr'>p.</span> <span class='ocrx_word' id='word_1_303' title='bbox 624 3220 685 3274; x_wconf 87' lang='lat'><em>191:</em></span> <span class='ocrx_word' id='word_1_304' title='bbox 712 3219 905 3274; x_wconf 86' lang='lat' dir='ltr'>Recordamini</span> <span class='ocrx_word' id='word_1_305' title='bbox 925 3235 1028 3288; x_wconf 83' lang='lat' dir='ltr'>quaeso</span> <span class='ocrx_word' id='word_1_306' title='bbox 1046 3217 1224 3288; x_wconf 76' lang='lat' dir='ltr'>professionis</span> <span class='ocrx_word' id='word_1_307' title='bbox 1244 3221 1364 3283; x_wconf 86' lang='lat' dir='ltr'>vestrae,</span> <span class='ocrx_word' id='word_1_308' title='bbox 1389 3236 1474 3288; x_wconf 85' lang='lat' dir='ltr'>quum</span> <span class='ocrx_word' id='word_1_309' title='bbox 1492 3218 1522 3272; x_wconf 92' lang='lat' dir='ltr'>in</span> <span class='ocrx_word' id='word_1_310' title='bbox 1541 3218 1585 3272; x_wconf 90' lang='lat' dir='ltr'>die</span> <span class='ocrx_word' id='word_1_311' title='bbox 1610 3218 1824 3274; x_wconf 88' lang='lat' dir='ltr'>consecrationis</span> <span class='ocrx_word' id='word_1_312' title='bbox 1849 3222 1957 3274; x_wconf 84' lang='lat' dir='ltr'>vostrae</span> <span class='ocrx_word' id='word_1_313' title='bbox 1979 3237 2041 3289; x_wconf 87' lang='lat' dir='ltr'>pro·</span> <span class='ocrx_word' id='word_1_314' title='bbox 2060 3235 2085 3275; x_wconf 77' lang='lat' dir='ltr'>rs</span> 
     </span>
     <span class='ocr_line' id='line_1_28' title="bbox 420 3321 2042 3394; baseline 0.001 -18"><span class='ocrx_word' id='word_1_315' title='bbox 420 3321 535 3377; x_wconf 84' lang='lat' dir='ltr'>misistis</span> <span class='ocrx_word' id='word_1_316' title='bbox 553 3365 558 3375; x_wconf 92' lang='lat'>.</span> <span class='ocrx_word' id='word_1_317' title='bbox 575 3363 582 3378; x_wconf 84' lang='lat'>.</span> <span class='ocrx_word' id='word_1_318' title='bbox 596 3363 602 3377; x_wconf 89' lang='lat'>.</span> <span class='ocrx_word' id='word_1_319' title='bbox 621 3339 761 3391; x_wconf 85' lang='lat' dir='ltr'>quumque</span> <span class='ocrx_word' id='word_1_320' title='bbox 773 3340 857 3377; x_wconf 86' lang='lat' dir='ltr'>manu</span> <span class='ocrx_word' id='word_1_321' title='bbox 871 3323 984 3394; x_wconf 86' lang='lat' dir='ltr'>propria</span> <span class='ocrx_word' id='word_1_322' title='bbox 997 3322 1199 3392; x_wconf 84' lang='lat' dir='ltr'>subscripsistis</span> <span class='ocrx_word' id='word_1_323' title='bbox 1218 3324 1247 3376; x_wconf 86' lang='lat' dir='ltr'>et</span> <span class='ocrx_word' id='word_1_324' title='bbox 1259 3339 1342 3392; x_wconf 87' lang='lat' dir='ltr'>super</span> <span class='ocrx_word' id='word_1_325' title='bbox 1354 3323 1443 3377; x_wconf 80' lang='lat' dir='ltr'>altare</span> <span class='ocrx_word' id='word_1_326' title='bbox 1457 3339 1549 3377; x_wconf 83' lang='lat' dir='ltr'>coram</span> <span class='ocrx_word' id='word_1_327' title='bbox 1563 3321 1700 3392; x_wconf 89' lang='lat' dir='ltr'>episcopis</span> <span class='ocrx_word' id='word_1_328' title='bbox 1713 3323 1841 3377; x_wconf 87' lang='lat' dir='ltr'>omnibus</span> <span class='ocrx_word' id='word_1_329' title='bbox 1859 3367 1865 3379; x_wconf 92' lang='lat'>.</span> <span class='ocrx_word' id='word_1_330' title='bbox 1880 3365 1907 3378; x_wconf 83' lang='lat'>..</span> <span class='ocrx_word' id='word_1_331' title='bbox 1925 3324 2042 3378; x_wconf 88' lang='lat' dir='ltr'>Domino</span> 
     </span>
     <span class='ocr_line' id='line_1_29' title="bbox 420 3415 2042 3497; baseline 0.001 -17"><span class='ocrx_word' id='word_1_332' title='bbox 420 3425 571 3489; x_wconf 81' lang='lat' dir='ltr'>obtulistis,</span> <span class='ocrx_word' id='word_1_333' title='bbox 590 3430 614 3480; x_wconf 79' lang='lat' dir='ltr'>ct</span> <span class='ocrx_word' id='word_1_334' title='bbox 631 3443 653 3480; x_wconf 89' lang='lat' dir='ltr'>c.</span> <span class='ocrx_word' id='word_1_335' title='bbox 669 3426 693 3493; x_wconf 88' lang='lat'>4,</span> <span class='ocrx_word' id='word_1_336' title='bbox 709 3443 739 3495; x_wconf 86' lang='lat' dir='ltr'>p.</span> <span class='ocrx_word' id='word_1_337' title='bbox 752 3426 813 3480; x_wconf 78' lang='grc' dir='ltr'>197.Ι</span> <span class='ocrx_word' id='word_1_338' title='bbox 832 3428 871 3490; x_wconf 85' lang='lat' dir='ltr'>ul,</span> <span class='ocrx_word' id='word_1_339' title='bbox 891 3425 963 3480; x_wconf 91' lang='lat' dir='ltr'>sicut</span> <span class='ocrx_word' id='word_1_340' title='bbox 975 3426 1090 3495; x_wconf 88' lang='lat' dir='ltr'>professi</span> <span class='ocrx_word' id='word_1_341' title='bbox 1109 3425 1176 3480; x_wconf 89' lang='lat' dir='ltr'>estis</span> <span class='ocrx_word' id='word_1_342' title='bbox 1195 3426 1224 3480; x_wconf 91' lang='lat' dir='ltr'>in</span> <span class='ocrx_word' id='word_1_343' title='bbox 1242 3425 1288 3481; x_wconf 89' lang='lat' dir='ltr'>die</span> <span class='ocrx_word' id='word_1_344' title='bbox 1302 3427 1517 3481; x_wconf 88' lang='lat' dir='ltr'>consecrationis</span> <span class='ocrx_word' id='word_1_345' title='bbox 1530 3429 1647 3490; x_wconf 73' lang='lat' dir='ltr'>vestroe,</span> <span class='ocrx_word' id='word_1_346' title='bbox 1666 3426 1696 3482; x_wconf 91' lang='lat' dir='ltr'>in</span> <span class='ocrx_word' id='word_1_347' title='bbox 1714 3427 1851 3497; x_wconf 81' lang='lat' dir='ltr'>regimine</span> <span class='ocrx_word' id='word_1_348' title='bbox 1868 3428 1948 3497; x_wconf 81' lang='lat' dir='ltr'>regni</span> <span class='ocrx_word' id='word_1_349' title='bbox 1967 3415 2042 3482; x_wconf 75' lang='lat' dir='ltr'>mois</span> 
     </span>
     <span class='ocr_line' id='line_1_30' title="bbox 417 3529 2042 3610; baseline 0.002 -28"><span class='ocrx_word' id='word_1_350' title='bbox 417 3529 658 3600; x_wconf 79' lang='lat' dir='ltr'>praedecessorum</span> <span class='ocrx_word' id='word_1_351' title='bbox 678 3531 831 3585; x_wconf 86' lang='lat' dir='ltr'>vestrorum</span> <span class='ocrx_word' id='word_1_352' title='bbox 850 3529 991 3586; x_wconf 86' lang='lat' dir='ltr'>honoretis</span> <span class='ocrx_word' id='word_1_353' title='bbox 1009 3529 1097 3584; x_wconf 91' lang='lat' dir='ltr'>Deum</span> <span class='ocrx_word' id='word_1_354' title='bbox 1122 3529 1321 3585; x_wconf 81' lang='lat' dir='ltr'>consentiendo</span> <span class='ocrx_word' id='word_1_355' title='bbox 1340 3530 1593 3610; x_wconf 46' lang='lat' dir='ltr'>ei,·conservando</span> <span class='ocrx_word' id='word_1_356' title='bbox 1616 3533 1730 3584; x_wconf 70' lang='lat' dir='ltr'>sanctem</span> <span class='ocrx_word' id='word_1_357' title='bbox 1754 3530 1887 3586; x_wconf 85' lang='lat' dir='ltr'>ecclesiae</span> <span class='ocrx_word' id='word_1_358' title='bbox 1905 3549 1937 3586; x_wconf 86' lang='lat' dir='ltr'>uc</span> <span class='ocrx_word' id='word_1_359' title='bbox 1955 3531 2042 3601; x_wconf 83' lang='lat' dir='ltr'>ipsius</span> 
     </span>
     <span class='ocr_line' id='line_1_31' title="bbox 427 3631 2043 3706; baseline 0.001 -19"><span class='ocrx_word' id='word_1_360' title='bbox 427 3632 579 3688; x_wconf 87' lang='lat' dir='ltr'>rectoribus</span> <span class='ocrx_word' id='word_1_361' title='bbox 596 3633 679 3703; x_wconf 82' lang='lat' dir='ltr'>leges.</span> <span class='ocrx_word' id='word_1_362' title='bbox 783 3633 810 3694; x_wconf 78' lang='lat'>4)</span> <span class='ocrx_word' id='word_1_363' title='bbox 830 3631 980 3702; x_wconf 80' lang='lat' dir='ltr'>Composita</span> <span class='ocrx_word' id='word_1_364' title='bbox 1002 3639 1039 3688; x_wconf 83' lang='lat' dir='ltr'>est</span> <span class='ocrx_word' id='word_1_365' title='bbox 1060 3651 1092 3688; x_wconf 80' lang='lat' dir='ltr'>cx</span> <span class='ocrx_word' id='word_1_366' title='bbox 1109 3634 1235 3689; x_wconf 65' lang='lat' dir='ltr'>Promus.</span> <span class='ocrx_word' id='word_1_367' title='bbox 1256 3635 1326 3704; x_wconf 79' lang='lat' dir='ltr'>repis</span> <span class='ocrx_word' id='word_1_368' title='bbox 1342 3653 1368 3690; x_wconf 87' lang='lat' dir='ltr'>a.</span> <span class='ocrx_word' id='word_1_369' title='bbox 1381 3634 1431 3689; x_wconf 88' lang='grc'>877</span> <span class='ocrx_word' id='word_1_370' title='bbox 1438 3675 1446 3702; x_wconf 90' lang='grc'>,</span> <span class='ocrx_word' id='word_1_371' title='bbox 1469 3649 1554 3703; x_wconf 70' lang='lat' dir='ltr'>ecprra</span> <span class='ocrx_word' id='word_1_372' title='bbox 1573 3651 1603 3703; x_wconf 85' lang='lat' dir='ltr'>p.</span> <span class='ocrx_word' id='word_1_373' title='bbox 1616 3635 1681 3702; x_wconf 82' lang='lat'>365,</span> <span class='ocrx_word' id='word_1_374' title='bbox 1708 3641 1732 3688; x_wconf 84' lang='lat' dir='ltr'>ct</span> <span class='ocrx_word' id='word_1_375' title='bbox 1752 3635 1832 3691; x_wconf 85' lang='lat' dir='ltr'>Petit.</span> <span class='ocrx_word' id='word_1_376' title='bbox 1856 3635 1934 3704; x_wconf 83' lang='lat' dir='ltr'>episc.</span> <span class='ocrx_word' id='word_1_377' title='bbox 1956 3652 2043 3706; x_wconf 84' lang='lat' dir='ltr'>supra</span> 
     </span>
     <span class='ocr_line' id='line_1_32' title="bbox 429 3735 2087 3807; baseline 0.002 -17"><span class='ocrx_word' id='word_1_378' title='bbox 429 3737 467 3792; x_wconf 79' lang='lat' dir='ltr'>ic.</span> <span class='ocrx_word' id='word_1_379' title='bbox 479 3737 551 3806; x_wconf 75' lang='lat' dir='ltr'>teqq.</span> <span class='ocrx_word' id='word_1_380' title='bbox 637 3739 665 3804; x_wconf 82' lang='lat'>5)</span> <span class='ocrx_word' id='word_1_381' title='bbox 686 3735 743 3802; x_wconf 72' lang='lat' dir='ltr'>Ost.</span> <span class='ocrx_word' id='word_1_382' title='bbox 764 3736 847 3807; x_wconf 77' lang='lat' dir='ltr'>Gopp.</span> <span class='ocrx_word' id='word_1_383' title='bbox 868 3735 995 3792; x_wconf 71' lang='lat' dir='ltr'>Gerous.</span> <span class='ocrx_word' id='word_1_384' title='bbox 1008 3737 1068 3805; x_wconf 89' lang='grc'>877,</span> <span class='ocrx_word' id='word_1_385' title='bbox 1086 3755 1172 3806; x_wconf 82' lang='lat' dir='ltr'>sopra</span> <span class='ocrx_word' id='word_1_386' title='bbox 1183 3753 1213 3806; x_wconf 76' lang='lat' dir='ltr'>p.</span> <span class='ocrx_word' id='word_1_387' title='bbox 1227 3737 1285 3806; x_wconf 76' lang='lat'>³62,</span> <span class='ocrx_word' id='word_1_388' title='bbox 1305 3753 1326 3792; x_wconf 88' lang='lat' dir='ltr'>c.</span> <span class='ocrx_word' id='word_1_389' title='bbox 1338 3738 1363 3792; x_wconf 79' lang='lat'>2.</span> <span class='ocrx_word' id='word_1_390' title='bbox 2061 3753 2087 3793; x_wconf 84' lang='lat' dir='ltr'>so</span> 
     </span>
    </p>
   </div>
   <div class='ocr_carea' id='block_1_10' title="bbox 488 4352 1851 4465">
    <p class='ocr_par' dir='ltr' id='par_1_10' title="bbox 488 4352 1851 4465">
     <span class='ocr_line' id='line_1_33' title="bbox 488 4352 1851 4465; baseline 0.003 -5"><span class='ocrx_word' id='word_1_391' title='bbox 488 4368 496 4386; x_wconf 88' lang='lat'>&#39;</span> <span class='ocrx_word' id='word_1_392' title='bbox 608 4357 708 4461; x_wconf 77' lang='lat'>286.</span> <span class='ocrx_word' id='word_1_393' title='bbox 755 4352 1383 4464; x_wconf 84' lang='lat' dir='ltr'><strong>KAROLOMANNI</strong></span> <span class='ocrx_word' id='word_1_394' title='bbox 1423 4353 1851 4465; x_wconf 78' lang='lat' dir='ltr'><strong>CAPITULA</strong></span> 
     </span>
    </p>
   </div>
   <div class='ocr_carea' id='block_1_11' title="bbox 420 4505 2039 4771">
    <p class='ocr_par' dir='ltr' id='par_1_11' title="bbox 420 4505 2039 4771">
     <span class='ocr_line' id='line_1_34' title="bbox 420 4505 2039 4620; baseline 0.001 -4"><span class='ocrx_word' id='word_1_395' title='bbox 420 4505 890 4617; x_wconf 79' lang='lat' dir='ltr'><strong>(lOMPENDII</strong></span> <span class='ocrx_word' id='word_1_396' title='bbox 922 4507 1032 4616; x_wconf 85' lang='lat' dir='ltr'>DE</span> <span class='ocrx_word' id='word_1_397' title='bbox 1063 4506 1412 4619; x_wconf 79' lang='lat' dir='ltr'><strong>RAPINIS</strong></span> <span class='ocrx_word' id='word_1_398' title='bbox 1459 4508 2039 4620; x_wconf 81' lang='lat' dir='ltr'>PROMULGATA.</span> 
     </span>
     <span class='ocr_line' id='line_1_35' title="bbox 1074 4685 1389 4771; baseline 0.01 -4"><span class='ocrx_word' id='word_1_399' title='bbox 1074 4685 1171 4768; x_wconf 78' lang='lat'>883.</span> <span class='ocrx_word' id='word_1_400' title='bbox 1198 4695 1305 4770; x_wconf 85' lang='lat' dir='ltr'>Febr.</span> <span class='ocrx_word' id='word_1_401' title='bbox 1328 4695 1389 4771; x_wconf 76' lang='lat' dir='ltr'>tt.</span> 
     </span>
    </p>
   </div>
   <div class='ocr_carea' id='block_1_12' title="bbox 533 4863 1730 4966">
    <p class='ocr_par' dir='ltr' id='par_1_12' title="bbox 533 4863 1730 4966">
     <span class='ocr_line' id='line_1_36' title="bbox 533 4863 1730 4966; baseline 0.003 -22"><span class='ocrx_word' id='word_1_402' title='bbox 533 4863 679 4948; x_wconf 77' lang='lat' dir='ltr'>Tradita</span> <span class='ocrx_word' id='word_1_403' title='bbox 700 4885 775 4947; x_wconf 75' lang='lat' dir='ltr'>ssent</span> <span class='ocrx_word' id='word_1_404' title='bbox 796 4881 885 4946; x_wconf 79' lang='lat' dir='ltr'>uobis</span> <span class='ocrx_word' id='word_1_405' title='bbox 907 4903 929 4956; x_wconf 82' lang='lat' dir='ltr'>o</span> <span class='ocrx_word' id='word_1_406' title='bbox 952 4879 1125 4960; x_wconf 71' lang='lat' dir='ltr'>sirmondo,</span> <span class='ocrx_word' id='word_1_407' title='bbox 1152 4878 1259 4946; x_wconf 77' lang='lat' dir='ltr'>Caroli</span> <span class='ocrx_word' id='word_1_408' title='bbox 1284 4881 1374 4948; x_wconf 83' lang='lat' dir='ltr'>Calvi</span> <span class='ocrx_word' id='word_1_409' title='bbox 1399 4881 1548 4964; x_wconf 70' lang='lat' dir='ltr'>Capitulis</span> <span class='ocrx_word' id='word_1_410' title='bbox 1565 4904 1600 4966; x_wconf 88' lang='lat' dir='ltr'>p.</span> <span class='ocrx_word' id='word_1_411' title='bbox 1618 4882 1730 4962; x_wconf 75' lang='lat' dir='ltr'>tbllsq.</span> 
     </span>
    </p>
   </div>
   <div class='ocr_carea' id='block_1_13' title="bbox 1540 4984 2084 5068">
    <p class='ocr_par' dir='ltr' id='par_1_13' title="bbox 1540 4984 2084 5068">
     <span class='ocr_line' id='line_1_37' title="bbox 1540 4984 2084 5068; baseline 0.024 -20"><span class='ocrx_word' id='word_1_412' title='bbox 1540 4985 1662 5068; x_wconf 72' lang='grc'><em>(1111,</em></span> <span class='ocrx_word' id='word_1_413' title='bbox 1686 4987 1766 5063; x_wconf 66' lang='lat' dir='ltr'>ssa</span> <span class='ocrx_word' id='word_1_414' title='bbox 1788 4984 1933 5064; x_wconf 64' lang='lat' dir='ltr'>Puto.)</span> <span class='ocrx_word' id='word_1_415' title='bbox 2060 5023 2084 5061; x_wconf 67' lang='lat' dir='ltr'>s</span> 
     </span>
    </p>
   </div>
   <div class='ocr_carea' id='block_1_14' title="bbox 419 5141 2104 5780">
    <p class='ocr_par' dir='ltr' id='par_1_14' title="bbox 419 5141 2104 5780">
     <span class='ocr_line' id='line_1_38' title="bbox 420 5141 2104 5244; baseline 0.004 -26"><span class='ocrx_word' id='word_1_416' title='bbox 420 5155 526 5221; x_wconf 84' lang='lat' dir='ltr'>Haec</span> <span class='ocrx_word' id='word_1_417' title='bbox 551 5156 741 5242; x_wconf 88' lang='lat' dir='ltr'>capitula,</span> <span class='ocrx_word' id='word_1_418' title='bbox 765 5176 865 5242; x_wconf 90' lang='lat' dir='ltr'>quac</span> <span class='ocrx_word' id='word_1_419' title='bbox 883 5162 1120 5242; x_wconf 88' lang='lat' dir='ltr'>sequuntur,</span> <span class='ocrx_word' id='word_1_420' title='bbox 1145 5157 1506 5242; x_wconf 84' lang='lat' dir='ltr'>suntpromulgata</span> <span class='ocrx_word' id='word_1_421' title='bbox 1529 5178 1548 5221; x_wconf 84' lang='lat' dir='ltr'>a</span> <span class='ocrx_word' id='word_1_422' title='bbox 1571 5157 1710 5222; x_wconf 91' lang='lat' dir='ltr'>domno</span> <span class='ocrx_word' id='word_1_423' title='bbox 1734 5159 1917 5243; x_wconf 81' lang='lat' dir='ltr'>glorioso</span> <span class='ocrx_word' id='word_1_424' title='bbox 1941 5181 2041 5244; x_wconf 83' lang='lat' dir='ltr'>rego</span> <span class='ocrx_word' id='word_1_425' title='bbox 2100 5141 2104 5148; x_wconf 49' lang='grc'><strong>’</strong></span> 
     </span>
     <span class='ocr_line' id='line_1_39' title="bbox 419 5259 2041 5341; baseline 0.001 -17"><span class='ocrx_word' id='word_1_426' title='bbox 419 5259 692 5326; x_wconf 88' lang='lat' dir='ltr'>Kurlomanno</span> <span class='ocrx_word' id='word_1_427' title='bbox 725 5282 826 5326; x_wconf 84' lang='lat' dir='ltr'>anno</span> <span class='ocrx_word' id='word_1_428' title='bbox 863 5261 1182 5326; x_wconf 85' lang='lat' dir='ltr'>incarnationis</span> <span class='ocrx_word' id='word_1_429' title='bbox 1215 5260 1454 5326; x_wconf 85' lang='lat' dir='ltr'>dominicae</span> <span class='ocrx_word' id='word_1_430' title='bbox 1484 5259 1801 5341; x_wconf 84' lang='lat' dir='ltr'><strong>DCOOLXXXIII,</strong></span> <span class='ocrx_word' id='word_1_431' title='bbox 1830 5261 1924 5326; x_wconf 86' lang='lat' dir='ltr'><strong>VIII.</strong></span> <span class='ocrx_word' id='word_1_432' title='bbox 1950 5261 2041 5326; x_wconf 84' lang='lat' dir='ltr'>Kal.</span> 
     </span>
     <span class='ocr_line' id='line_1_40' title="bbox 420 5363 2041 5451; baseline 0 -23"><span class='ocrx_word' id='word_1_433' title='bbox 420 5363 606 5445; x_wconf 84' lang='lat' dir='ltr'>Martias,</span> <span class='ocrx_word' id='word_1_434' title='bbox 631 5363 813 5447; x_wconf 88' lang='lat' dir='ltr'>feriaVI,</span> <span class='ocrx_word' id='word_1_435' title='bbox 836 5386 941 5430; x_wconf 84' lang='lat' dir='ltr'>anno</span> <span class='ocrx_word' id='word_1_436' title='bbox 958 5365 1073 5450; x_wconf 88' lang='lat' dir='ltr'>regni</span> <span class='ocrx_word' id='word_1_437' title='bbox 1097 5366 1160 5428; x_wconf 91' lang='lat' dir='ltr'>sui</span> <span class='ocrx_word' id='word_1_438' title='bbox 1184 5366 1223 5428; x_wconf 93' lang='lat' dir='ltr'>in</span> <span class='ocrx_word' id='word_1_439' title='bbox 1240 5365 1409 5430; x_wconf 77' lang='lat' dir='ltr'>Pronoia</span> <span class='ocrx_word' id='word_1_440' title='bbox 1432 5366 1574 5450; x_wconf 89' lang='lat' dir='ltr'>primo,</span> <span class='ocrx_word' id='word_1_441' title='bbox 1597 5368 1635 5430; x_wconf 95' lang='lat' dir='ltr'>in</span> <span class='ocrx_word' id='word_1_442' title='bbox 1659 5365 1784 5430; x_wconf 91' lang='lat' dir='ltr'>broilo</span> <span class='ocrx_word' id='word_1_443' title='bbox 1802 5365 2041 5451; x_wconf 84' lang='lat' dir='ltr'>Compendii</span> 
     </span>
     <span class='ocr_line' id='line_1_41' title="bbox 1021 5467 1443 5554; baseline 0.005 -23"><span class='ocrx_word' id='word_1_444' title='bbox 1021 5467 1186 5553; x_wconf 81' lang='lat' dir='ltr'>palatii,</span> <span class='ocrx_word' id='word_1_445' title='bbox 1210 5467 1255 5532; x_wconf 90' lang='lat' dir='ltr'>de</span> <span class='ocrx_word' id='word_1_446' title='bbox 1279 5469 1443 5554; x_wconf 88' lang='lat' dir='ltr'>rapinis.</span> 
     </span>
     <span class='ocr_line' id='line_1_42' title="bbox 528 5539 2080 5676; baseline 0.005 -26"><span class='ocrx_word' id='word_1_447' title='bbox 528 5591 555 5653; x_wconf 91' lang='lat'>1.</span> <span class='ocrx_word' id='word_1_448' title='bbox 591 5539 767 5652; x_wconf 69' lang='lat' dir='ltr'>Communi</span> <span class='ocrx_word' id='word_1_449' title='bbox 789 5588 933 5654; x_wconf 86' lang='lat' dir='ltr'>fidelium</span> <span class='ocrx_word' id='word_1_450' title='bbox 955 5595 1138 5654; x_wconf 89' lang='lat' dir='ltr'>nostrorum</span> <span class='ocrx_word' id='word_1_451' title='bbox 1161 5588 1296 5654; x_wconf 90' lang='lat' dir='ltr'>oonsilio</span> <span class='ocrx_word' id='word_1_452' title='bbox 1320 5593 1476 5654; x_wconf 84' lang='lat' dir='ltr'>statutum</span> <span class='ocrx_word' id='word_1_453' title='bbox 1498 5588 1674 5670; x_wconf 88' lang='lat' dir='ltr'>habemus,</span> <span class='ocrx_word' id='word_1_454' title='bbox 1698 5595 1734 5654; x_wconf 86' lang='lat' dir='ltr'>ut</span> <span class='ocrx_word' id='word_1_455' title='bbox 1756 5590 1904 5676; x_wconf 87' lang='lat' dir='ltr'>rapinam</span> <span class='ocrx_word' id='word_1_456' title='bbox 1927 5591 2035 5656; x_wconf 91' lang='lat' dir='ltr'>nullus</span> <span class='ocrx_word' id='word_1_457' title='bbox 2055 5621 2080 5658; x_wconf 79' lang='lat' dir='ltr'>ro</span> 
     </span>
     <span class='ocr_line' id='line_1_43' title="bbox 419 5691 1148 5780; baseline 0 -24"><span class='ocrx_word' id='word_1_458' title='bbox 419 5691 575 5780; x_wconf 90' lang='lat' dir='ltr'>deinceps</span> <span class='ocrx_word' id='word_1_459' title='bbox 597 5691 697 5758; x_wconf 80' lang='lat' dir='ltr'>faciat</span> <span class='ocrx_word' id='word_1_460' title='bbox 720 5699 776 5757; x_wconf 90' lang='lat' dir='ltr'>aut</span> <span class='ocrx_word' id='word_1_461' title='bbox 798 5691 931 5758; x_wconf 80' lang='lat' dir='ltr'>facienti</span> <span class='ocrx_word' id='word_1_462' title='bbox 955 5693 1148 5760; x_wconf 86' lang='lat' dir='ltr'>consentiat.</span> 
     </span>
    </p>
   </div>
   <div class='ocr_carea' id='block_1_15' title="bbox 0 0 2300 6420">
    <p class='ocr_par' dir='ltr' id='par_1_15' title="bbox 0 0 2300 6420">
     <span class='ocr_line' id='line_1_44' title="bbox 0 0 2300 6420; baseline 0 0"><span class='ocrx_word' id='word_1_463' title='bbox 0 0 2300 6420; x_wconf 95' lang='lat' dir='ltr'> </span> 
     </span>
    </p>
   </div>
  </div>
 </body>
</html>
