4560 6426
378 451 624 506 alemannum
643 449 772 506 nucula
791 450 974 506 annuales
994 453 1254 510 OCCIDENTALIS
1273 455 1421 524 (usuum
1435 456 1480 524 ΙΙ).
1499 486 1532 495 -
1550 456 1599 512 Nr.
1612 457 1672 512 281.
1770 461 1830 522 357

212 629 429 716 professiones
452 646 514 690 non
538 626 627 704 fecit,
651 627 677 690 si
701 648 835 692 necesso
852 628 959 708 luerit,
983 629 1092 705 faciat,
1117 635 1149 694 et
1173 630 1213 694 de
1231 639 1338 696 cetero
1356 638 1538 698 conservet.
1584 631 1715 696 Fideles
1733 632 1831 696 etiam
1850 639 1910 692 877.

213 732 310 795 vestri
334 728 569 816 postmortem
594 731 703 794 fratris
726 732 826 795 vestri
851 731 890 795 ad
915 753 973 795 vos
996 725 1184 797 veneranti.
1235 734 1339 808 Quale
1364 743 1603 800 sacramentum
1627 735 1721 799 vobis
1744 736 1832 800 fece-

212 841 300 914 runt,
331 855 388 898 vos
418 835 517 898 scitis.
569 833 630 907 Qui
663 842 773 898 autem
806 834 846 897 de
876 834 940 897 illis
973 834 1052 898 illud
1084 847 1323 901 sacramentum
1353 838 1511 903 hactenus
1542 841 1761 918 conservavit,
1793 838 1832 902 de

212 945 320 1003 cetero
343 945 526 1002 conservet.
579 937 623 1001 Et
646 939 673 1001 si
697 939 815 1024 aliquis
838 938 879 1002 ab
903 938 958 1002 illo
991 948 1194 1005 sacramento
1226 940 1380 1022 deviavit,
1411 943 1588 1008 secundum
1619 944 1777 1007 rationem
1802 949 1834 1006 et

181 1043 438 1106 sauctoritatem
467 1049 565 1128 atque
598 1041 867 1107 consuetudinem
899 1042 959 1106 hcc
996 1044 1164 1124 emendet,
1199 1053 1231 1108 et
1260 1045 1414 1132 deinceps
1449 1055 1630 1110 conservet.
1681 1045 1732 1111 De
1761 1047 1833 1126 hoc,

212 1146 298 1232 quod
322 1146 445 1212 ibidem
462 1148 619 1233 scriptum
643 1153 708 1210 est:
734 1145 884 1230 ‘qualiter
907 1169 967 1211 nos
992 1149 1096 1212 securi
1121 1148 1160 1214 de
1177 1150 1242 1213 filio
1259 1157 1369 1216 vestro
1394 1172 1468 1216 esse
1485 1149 1671 1236 possimus’,
1695 1171 1832 1237 respon-

136 1335 140 1342 ·
211 1253 337 1330 demus,
362 1253 438 1337 quia
462 1251 502 1316 de
527 1252 592 1315 filio
616 1259 736 1329 vestro,
760 1272 855 1336 quem
880 1273 940 1336 per
962 1251 1026 1316 Dei
1049 1254 1187 1336 gratiam
1212 1261 1244 1318 et
1260 1260 1403 1318 vestram
1420 1254 1667 1340 dispositionem
1690 1255 1832 1319 futurum

212 1358 373 1422 seniorem
402 1362 478 1442 post
506 1377 564 1420 vos
593 1354 716 1419 habere
745 1357 912 1436 volumus,
941 1357 1063 1420 nullam
1094 1358 1280 1422 firmitatem
1309 1358 1404 1422 aliam
1435 1360 1637 1444 quaerimus,
1667 1360 1729 1422 nisi
1761 1358 1832 1436 hoe,

212 1460 297 1546 quod
321 1481 378 1524 vos
403 1460 435 1523 in
458 1459 628 1545 capitulari
655 1450 782 1522 vestro8
806 1459 965 1523 statuistis
990 1466 1023 1524 ct
1046 1459 1248 1541 decrevistis,
1272 1460 1366 1525 nobis
1382 1463 1556 1548 unicuique
1580 1463 1614 1526 in
1639 1483 1697 1526 suo
1720 1461 1833 1526 ordine

169 1584 194 1622 1⁰
212 1572 247 1630 et
276 1585 415 1651 persone
443 1571 624 1628 conservet.
677 1562 728 1627 Dc
759 1562 821 1626 hcc
849 1563 934 1648 quod
963 1563 1082 1629 ibidem
1112 1566 1353 1651 scriptumest:
1385 1566 1536 1650 ‘qualiter
1566 1567 1638 1651 ipse
1667 1564 1709 1629 de
1740 1566 1833 1630 nobis

212 1689 347 1732 securus
373 1687 447 1732 esse
470 1663 593 1753 possit’,
622 1665 873 1751 respondemus,
902 1664 989 1751 quod
1021 1673 1054 1731 et
1076 1666 1187 1732 Remis
1216 1669 1457 1754 respondimus:
1490 1661 1605 1755 quial,
1638 1670 1663 1733 si
1687 1668 1777 1733 Deus
1801 1677 1834 1732 et

211 1793 270 1836 vos
293 1773 385 1836 illum
408 1771 440 1835 in
465 1771 556 1856 regni
573 1770 730 1852 regimine
747 1769 1001 1836 sublimaveritis
1026 1779 1059 1835 et
1082 1772 1114 1835 in
1131 1779 1223 1856 parte
1241 1773 1449 1838 denominata
1465 1773 1555 1836 illum
1573 1773 1833 1857 designaveritis,

212 1877 258 1941 sie
282 1877 313 1940 ei
336 1874 449 1940 fideles
474 1897 547 1940 esse
564 1874 723 1960 cupimus,
748 1866 867 1938 sicut¹⁰
889 1882 1088 1960 perrectum
1106 1897 1180 1940 esse
1198 1878 1316 1940 seniori
1332 1869 1538 1941 debemusl’.
1583 1875 1634 1941 De
1651 1877 1723 1953 hoc,
1747 1874 1834 1961 quod

212 1981 257 2045 ibi
282 1981 438 2066 scriptum
468 1985 517 2042 ost
541 1984 574 2041 et
597 1978 690 2042 uobis
715 1977 825 2041 verbis
849 1977 993 2042 dixistis:
1018 1985 1064 2042 ‘ut
1087 1978 1128 2042 ad
1151 1981 1289 2044 invicem
1313 2003 1372 2046 nos
1397 1981 1528 2046 credere
1552 1979 1735 2066 possimus’,
1760 2002 1833 2046 ver-

169 2103 193 2140 ¹·'·
212 2087 262 2151 bis
291 2085 431 2150 fideliter
458 2105 517 2149 nos
548 2083 824 2162 confirmavimus,
857 2074 922 2147 ‘ull
953 2082 994 2148 ed
1023 2083 1087 2150 Dei
1117 2085 1317 2150 voluntatem
1345 2092 1378 2150 et
1407 2091 1549 2150 vestram
1579 2084 1769 2150 fidelitatem
1802 2091 1835 2148 et

212 2191 368 2256 honorem
393 2197 425 2253 et
449 2194 582 2253 sanotae
607 2186 768 2252 ccclesiae
792 2209 829 2250 cc
854 2189 943 2272 regni
968 2189 1067 2252 vestri
1092 2189 1266 2253 utilitatem
1290 2211 1327 2254 ac
1349 2190 1494 2254 fidelium
1518 2197 1702 2254 vestrorum
1727 2189 1834 2253 salva·

211 2301 357 2360 mentum
379 2292 451 2357 Deo
475 2291 641 2356 mediante
665 2290 797 2356 adunati
827 2291 943 2368 simus,
974 2299 1128 2376 quantum
1155 2293 1378 2378 unusquisque
1407 2301 1552 2358 nostrum
1582 2296 1616 2357 in
1640 2315 1697 2357 suo
1721 2291 1835 2357 ordine
1895 2355 1896 2358 ,

215 2407 248 2464 et
271 2418 411 2486 persona
436 2417 494 2482 per
517 2395 580 2460 Dei
603 2397 742 2480 gratiam
768 2395 851 2459 scire
876 2403 910 2460 et
932 2417 1030 2482 posse
1054 2397 1214 2479 babuerit,
1237 2405 1273 2461 ut
1297 2397 1337 2462 ad
1361 2399 1501 2463 invicem
1525 2419 1583 2462 nos
1608 2397 1778 2462 credamus
1802 2403 1836 2460 et

210 2509 322 2568 mutuo
346 2491 579 2566 adiuvemus9.'

168 2620 194 2660 ²⁰
321 2612 349 2669 5.
385 2604 431 2668 Ut
455 2625 505 2683 ea,
528 2624 612 2688 quae
643 2625 702 2688 per
730 2603 890 2688 largitatis
919 2610 1049 2668 nostrae
1078 2612 1253 2691 praecepta
1285 2595 1425 2670 dilectae
1454 2607 1585 2691 coniugi
1613 2598 1776 2670 nostrae¹¹
1801 2605 1834 2668 in

211 2712 376 2798 proprium
404 2709 525 2773 habere
550 2709 780 2788 concessimus,
804 2708 891 2772 filius
914 2714 1029 2772 noster
1052 2715 1126 2774 ante
1151 2730 1209 2772 nos
1235 2709 1416 2784 confirmet;
1446 2716 1478 2773 et
1502 2731 1544 2774 ex
1567 2708 1725 2791 omnibus,
1750 2729 1833 2795 quae

211 2816 257 2879 illi
280 2817 350 2880 iure
374 2812 583 2879 beneficiario
607 2813 827 2876 concessimus
851 2812 918 2878 sivc
943 2815 1211 2892 concesserimus,
1236 2813 1263 2876 si
1288 2814 1396 2878 obitus
1420 2821 1531 2879 noster
1554 2815 1699 2878 evenerit
1722 2820 1755 2878 et
1777 2814 1835 2877 illa

211 2941 270 2985 nos
295 2919 524 3005 supervixerit,
548 2917 708 3003 quomodo
732 2917 837 2981 securi
861 2939 983 2997 sumus,
1008 2919 1160 3002 quatinus
1184 2918 1272 2982 illam
1298 2925 1331 2982 et
1354 2939 1413 2983 sua
1436 2919 1544 2983 omnia
1564 2918 1649 2983 filius
1665 2925 1779 2982 noster
1801 2927 1834 2983 et

212 3024 326 3089 fideles
350 3023 453 3087 nostri
478 3019 636 3106 condigno
660 3021 782 3085 bonore
806 3021 960 3086 studeant
983 3043 1189 3087 conservare.

169 3142 194 3182 2⁵
321 3127 389 3193 ΒΡ.
434 3127 484 3190 De
508 3126 619 3210 quinto
644 3125 802 3212 capitulo,
827 3127 859 3190 in
883 3148 946 3211 qno
972 3127 1126 3213 scriptum
1151 3134 1202 3192 est
1225 3126 1266 3192 de
1291 3127 1430 3192 dilectae
1453 3127 1600 3211 coniugis
1624 3132 1750 3190 vestrae
1774 3125 1832 3190 do-

211 3233 319 3296 minae
349 3236 480 3295 nostrae
510 3230 632 3294 bonore
662 3237 694 3293 et
726 3231 927 3294 salvamento
963 3237 996 3294 et
1032 3230 1072 3295 de
1102 3233 1350 3296 conservatione
1381 3253 1491 3296 earum
1521 3251 1645 3308 rerum,
1676 3251 1756 3314 quas
1787 3230 1833 3294 illi

212 3334 348 3399 dedistis
372 3335 424 3398 vel
449 3333 620 3411 dederitis,
652 3339 685 3396 et
713 3332 752 3396 de
783 3334 1029 3398 confirmatione
1060 3356 1080 3398 a
1112 3334 1177 3398 filio
1207 3341 1316 3400 vestro
1346 3335 1465 3399 exinde
1490 3333 1657 3414 facienda,
1687 3339 1719 3397 et
1748 3333 1833 3398 filius

116 3495 119 3500 .
211 3445 321 3504 vester
343 3437 384 3502 ad
407 3438 469 3502 hoc
498 3443 631 3523 paratus
655 3443 719 3514 est,
744 3438 828 3501 sicut
855 3438 993 3514 iubetis,
1025 3445 1057 3502 et
1080 3459 1152 3519 nos,
1182 3446 1338 3524 quantum
1369 3439 1538 3503 scierimus
1563 3445 1596 3502 et
1619 3437 1833 3523 potuerimus,

212 3542 252 3608 ad
275 3542 338 3606 hoc
360 3544 465 3627 parati
491 3543 619 3606 erimus.

168 3664 193 3704 ³⁰
318 3651 347 3712 6.
383 3645 433 3711 De
463 3646 593 3710 filiabus
625 3646 763 3726 nostris,
795 3667 866 3709 cum
897 3667 961 3731 quo
992 3647 1113 3711 honoro
1148 3646 1326 3712 secundum
1358 3644 1422 3710 Dei
1452 3645 1651 3710 voluntatem
1682 3651 1715 3710 ct
1746 3645 1832 3730 quali

212 3751 413 3815 salvamento
443 3757 499 3814 aut
530 3749 689 3814 adiutorio
719 3751 899 3814 consistere
927 3748 1080 3815 debeant.
1134 3748 1228 3824 Quod
1264 3751 1363 3814 etiam
1395 3749 1550 3836 parvulae
1587 3755 1717 3813 nostrae
1747 3749 1832 3812 filiae
1942 3799 1943 3804 1

211 3853 322 3917 datum
345 3854 502 3918 babemus
527 3861 584 3918 aut
606 3853 760 3940 deinceps
791 3848 992 3930 dederimus,
1026 3875 1097 3918 cum
1128 3855 1216 3939 quali
1244 3855 1419 3918 securitate
1443 3859 1556 3918 tenere
1580 3855 1695 3940 possit.
1741 3851 1784 3916 Et
1807 3853 1832 3916 si

210 3956 301 4022 Deus
326 3979 397 4022 earn
422 3959 462 4022 ad
485 3959 663 4044 perfectam
688 3964 829 4022 aetatem
853 3959 963 4022 venire
988 3957 1173 4036 donaverit,
1198 3958 1230 4020 in
1253 3959 1366 4022 matris
1391 3978 1470 4021 suae
1495 3958 1537 4020 sit
1560 3963 1734 4042 potestate,
1759 3961 1792 4020 et
1814 3976 1834 4018 a

211 4062 298 4124 nullo
322 4070 435 4126 contra
457 4062 559 4146 ipsius
576 4061 775 4126 voluntatem
800 4062 851 4127 vcl
873 4063 988 4126 marito
1012 4062 1183 4138 tribuatur,
1207 4063 1259 4126 vel
1277 4083 1403 4125 sacrum
1426 4061 1456 4124 ei
1474 4061 1623 4124 velamen
1638 4061 1832 4146 imponatur.

169 4191 193 4230 ss
318 4164 385 4229 ΒΡ.
431 4165 590 4230 Similiter
618 4175 650 4230 et
678 4166 718 4230 de
742 4165 870 4230 filiabus
894 4166 1012 4228 vestris
1040 4172 1073 4229 et
1097 4166 1193 4230 etiam
1222 4164 1263 4227 de
1293 4164 1430 4251 parvula
1452 4163 1519 4227 filia
1541 4170 1667 4242 vestra,
1695 4165 1778 4226 sicut
1800 4163 1834 4225 in

211 4269 355 4355 capitulo
380 4277 488 4334 vestro
513 4269 708 4350 continetur,
733 4277 765 4334 et
788 4269 873 4333 filius
898 4276 1007 4333 vester
1030 4277 1163 4355 paratus
1187 4275 1237 4334 cst
1261 4289 1471 4348 conservare,
1495 4276 1528 4334 et
1552 4268 1592 4332 ad
1615 4268 1678 4331 hoc
1701 4288 1829 4330 conser-

211 4372 363 4452 vandum,
387 4379 542 4459 quantum
567 4375 734 4438 scierimus
759 4381 791 4436 ot
813 4373 1026 4458 potuerimus,
1050 4373 1246 4437 adiutorium
1270 4373 1521 4458 praestabimus.

319 4481 347 4541 7.
383 4477 434 4542 De
458 4477 645 4542 ordinandis
663 4468 810 4566 scarisffl,
834 4485 866 4541 et
890 4479 917 4541 si
940 4483 1077 4562 nepotes
1101 4469 1237 4541 nostri¹3
1261 4477 1312 4541 sui
1337 4467 1474 4562 patris¹l
1504 4476 1670 4539 imitantes
1695 4474 1834 4558 vestigia

211 4589 323 4646 contra
345 4603 405 4646 nos
429 4590 485 4647 aut
507 4583 540 4645 in
563 4583 678 4646 itinere
703 4587 772 4658 aut,
803 4589 973 4666 postquam
998 4581 1039 4644 ad
1066 4581 1259 4666 dispositum
1291 4581 1397 4644 locum
1425 4579 1496 4642 Deo
1524 4578 1606 4643 duce
1639 4579 1833 4656 venerimus,

166 4709 193 4747 ro
210 4686 329 4771 aliquid
352 4685 446 4750 nobis
469 4687 545 4750 mali
568 4693 624 4750 aut
649 4705 749 4769 regno
778 4689 892 4746 nostro
917 4685 1095 4748 machinari
1120 4684 1295 4764 voluerint,
1325 4683 1485 4768 quomodo
1515 4683 1581 4746 illis
1603 4680 1676 4745 Deo
1700 4682 1834 4745 iuvante

214 4790 403 4876 plenissime
428 4791 607 4855 resistatur.

321 4893 389 4960 ΒΡ.
435 4893 485 4957 De
517 4895 617 4957 scaris
645 4891 833 4957 ordinandis
864 4899 897 4956 et
930 4892 970 4956 de
1007 4892 1180 4970 adiutorio,
1216 4891 1242 4954 si
1278 4891 1394 4975 aliquis
1430 4890 1469 4955 de
1508 4889 1682 4975 nepotibus
1719 4889 1835 4952 vestris

214 5004 270 5061 aut
296 4998 476 5062 intervias
505 5005 561 5062 aut
591 4999 623 5061 in
652 4997 748 5062 Italia
777 4995 869 5060 vobis
899 4997 1031 5081 aliquod
1059 4995 1324 5081 impedimentum
1354 4995 1462 5058 facere
1485 4994 1640 5074 voluerit,
1669 4993 1701 5056 in
1726 4998 1836 5056 vestra

315 5221 341 5287 7)
362 5219 417 5287 Cfr.
437 5220 573 5274 Mmmler
591 5221 606 5272 l.
619 5235 640 5273 c.
661 5219 713 5273 ΠΙ
718 5222 735 5287 ²,
751 5237 781 5290 p.
793 5222 835 5276 33.
927 5221 954 5284 8)
976 5218 1031 5286 (lsr.
1047 5218 1129 5286 Cama
1145 5217 1211 5272 Pist.
1224 5217 1284 5286 869,
1297 5233 1382 5288 aspro
1398 5235 1427 5287 p,
1441 5218 1500 5284 333,
1518 5232 1540 5272 c.
1553 5217 1583 5282 3;
1603 5215 1667 5284 Gap.
1681 5215 1762 5282 seseq.
1780 5213 1836 5268 ai.

160 5337 184 5374 sa
203 5323 230 5388 9)
248 5323 343 5379 Verba:
368 5325 436 5393 qnia
461 5366 517 5379 ...
543 5325 677 5380 debemus
701 5331 739 5378 ct:
765 5329 798 5380 nt
822 5326 858 5380 ad
884 5326 931 5380 liei
1027 5323 1190 5378 adiuvemus
1206 5322 1408 5390 pmmtsaoncm
1427 5319 1518 5374 Rene
1534 5319 1625 5370 dolam
1642 5323 1756 5386 rejiciere
1772 5317 1838 5370 rnilrr¹

209 5427 348 5495 videntum·
374 5429 422 5496 cfr.
442 5430 522 5484 etiam
542 5430 707 5485 Sumament.
728 5431 854 5486 Carrinas
872 5433 931 5497 fissit,
949 5447 1036 5500 supra
1056 5447 1083 5499 p.
1097 5430 1157 5484 296.
1247 5429 1289 5495 10)
1316 5427 1372 5493 (lsr,
1392 5431 1557 5480 sacramenta
1574 5424 1714 5491 fidelitatis
1740 5423 1837 5490 toral,

206 5535 339 5601 plolsq.
437 5535 478 5600 11)
499 5533 626 5602 Ricbildi,
645 5535 731 5589 sorori
749 5533 874 5587 Bosoats.
973 5537 1016 5602 12)
1039 5535 1094 5601 (lfr.
1113 5548 1198 5600 scopam
1212 5531 1297 5600 put,
1316 5535 1370 5583 not.
1385 5532 1424 5584 11.
1523 5529 1565 5590 13)
1585 5527 1639 5582 Sa:
1662 5525 1838 5580 Hludmcimra

208 5653 257 5690 rac
270 5635 410 5692 Francius
428 5640 574 5706 mercalis,
593 5639 624 5694 1<
623 5641 813 5694 molomarrmcs
825 5653 873 5690 rac
886 5639 1068 5703 Baisnmrr'ac,
1080 5637 1202 5690 Karalus
1212 5649 1261 5688 rec
1275 5633 1467 5688 Alamanniae.
1550 5633 1594 5702 m)
1616 5632 1670 5700 eri
1683 5631 1837 5684 invasores

209 5745 364 5814 inceperam
385 5743 484 5798 Karoli
501 5745 563 5810 fecit
581 5763 607 5800 a.
621 5747 678 5798 858.
697 5748 719 5796 cl
737 5760 762 5796 a.
775 5744 841 5810 ⁸753
858 5743 907 5808 cfr.
926 5743 1005 5810 infra
1022 5759 1064 5796 mn
1078 5742 1137 5806 297,
1157 5755 1243 5808 samu
1259 5756 1286 5807 p.
1299 5739 1362 5807 3510,
1381 5745 1436 5795 nol.
1449 5740 1491 5793 35.
