4568 6420
437 521 499 583 528
859 507 1073 563 monacus
1092 507 1139 561 DE
1160 507 1297 562 ORDINE
1315 506 1465 561 ΡΑΙιΔΤῙΙ
1487 525 1510 562 c.
1521 507 1636 563 31-34.

434 701 500 756 tam
523 690 564 754 da
588 693 675 752 statu
702 685 796 769 regni
819 703 982 768 quamque
1011 687 1044 746 et
1066 681 1107 746 de
1131 681 1264 766 speciali
1288 680 1463 745 cuiuslibet
1485 701 1636 764 persona,
1666 682 1773 746 nullus
1804 683 1872 746 sine
1897 703 2059 749 consensu

435 797 577 880 ipsorum
613 789 747 854 cuilibet
778 786 959 850 domestico
989 805 1046 848 sno
1073 785 1127 848 ral
1156 785 1338 867 cuicunque
1368 784 1462 847 alteri
1491 782 1631 868 prodere
1659 775 1848 848 debuisset⁶
1880 785 2060 849 secundum

435 897 510 974 hoc,
540 891 628 978 quod
654 911 706 955 res
736 889 851 954 eadem
876 889 944 952 sire
975 887 1028 952 die
1058 887 1127 951 sire
1160 886 1285 951 duobus
1318 887 1386 950 sive
1410 887 1549 971 amplius
1577 908 1637 956 seu
1664 907 1784 951 annum
1812 889 1865 953 vel
1895 890 1993 953 etiam
2025 889 2060 952 in

434 1003 594 1084 perpetuo
619 994 740 1058 caelari
764 992 816 1056 rol
841 991 902 1055 sub
926 990 1053 1054 silentio
1075 1010 1208 1053 manere
1232 1009 1366 1053 necesse
1390 989 1522 1061 fuissem
1553 990 1629 1073 quia
1651 1010 1751 1074 saepo
1775 991 1807 1053 in
1832 992 1889 1054 tali
1914 996 2059 1056 tractatu

436 1101 476 1165 de
492 1098 638 1184 qualibet
660 1115 800 1182 persona
823 1094 899 1157 talis
923 1091 1086 1157 interdum
1109 1099 1244 1177 propter
1260 1112 1466 1156 communem
1490 1092 1664 1157 utilitatem
1681 1092 1843 1176 agendam
1867 1095 1920 1157 vel
1938 1114 2058 1158 caven·
2099 1117 2111 1154 s

435 1203 510 1268 dam
534 1221 640 1266 sermo
669 1196 830 1283 procedit,
866 1197 920 1280 qui
943 1196 985 1259 ab
1009 1215 1048 1259 ao
1072 1195 1222 1278 cognitus
1252 1200 1308 1258 aut
1331 1193 1426 1259 valde
1455 1195 1564 1258 turbat
1587 1203 1659 1274 ant,
1687 1195 1774 1281 quod
1796 1198 1900 1282 magis
1924 1203 1991 1278 est,
2024 1199 2059 1260 iu

435 1304 700 1391 desperationem
722 1299 823 1364 trahit
846 1298 909 1378 vel,
934 1296 1021 1382 qnod
1035 1297 1264 1381 gravissimum
1282 1304 1342 1376 est,
1366 1299 1399 1360 in
1423 1296 1647 1362 infidelitatem
1664 1300 1826 1362 convertit
1849 1307 1883 1363 et
1905 1299 1947 1364 ab
1971 1300 2060 1363 omni

436 1409 594 1495 proiectu,
617 1425 714 1489 quem
737 1403 877 1466 fortasse
900 1401 1121 1485 multipliciter
1137 1419 1291 1464 exercere
1307 1400 1423 1484 potuit,
1447 1401 1593 1464 inutilem
1617 1400 1734 1480 reddit,
1757 1422 1830 1465 cum
1847 1408 1958 1466 tamen
1977 1403 2060 1466 nihil

434 1512 464 1575 ci
487 1511 630 1586 obesset,
654 1508 681 1570 si
698 1505 838 1570 eundem
854 1523 1039 1568 sermonem
1055 1502 1187 1566 minime
1203 1503 1309 1566 sciret.
1347 1500 1452 1575 Quale
1470 1503 1511 1566 de
1531 1503 1661 1568 homine
1677 1524 1753 1582 uno,
1777 1505 1842 1568 tale
1861 1504 1901 1568 de
1919 1504 2059 1585 duobus,

435 1617 500 1679 tale
524 1613 565 1677 de
588 1617 729 1689 centum,
761 1610 827 1673 tale
851 1607 891 1672 de
914 1607 1027 1671 maiori
1051 1625 1185 1668 numero
1210 1606 1263 1669 vel
1293 1606 1394 1669 etiam
1417 1605 1458 1668 de
1481 1607 1637 1690 progenie
1660 1627 1724 1670 una
1747 1607 1800 1670 rel
1822 1614 1891 1670 tota
1913 1608 2060 1692 qualibet
2088 1628 2115 1666 ιο

435 1718 530 1782 simul
555 1714 729 1802 provincia,
754 1713 781 1776 si
806 1732 924 1796 magna
948 1710 1076 1774 cautela
1099 1731 1162 1773 nou
1186 1709 1296 1788 fuerit,
1320 1709 1392 1774 lieri
1414 1711 1546 1794 poterit.

543 1818 624 1903 Cap.
646 1818 697 1881 32.
736 1804 996 1900 Αροοιίιίιιιίιιι7
1020 1817 1144 1892 antem,
1176 1812 1283 1877 idest
1318 1812 1505 1897 capellanus
1528 1813 1580 1876 rel
1603 1812 1717 1899 palatii
1739 1821 1865 1893 custos,
1894 1819 1927 1878 et
1950 1835 2059 1879 came-

438 1913 562 1986 rarius⁸
586 1939 714 2002 semper
736 1918 931 1993 intererant,
961 1913 1136 1979 etidcirco
1161 1935 1233 1977 curn
1258 1935 1384 1978 summo
1413 1914 1521 1979 studio
1545 1914 1627 1979 tales
1650 1915 1855 2000 eligebantur
1877 1925 1934 1980 aut
1960 1918 2059 1983 electi

437 2023 695 2098 instruebantur,
724 2020 779 2104 qui
801 2019 917 2082 merito
941 2017 1098 2080 interesse
1127 2017 1319 2101 potuissent.
1366 2017 1490 2082 Sedet
1519 2019 1560 2084 de
1585 2022 1725 2084 caeteris
1758 2012 2059 2101 ministerialibus9,

436 2129 492 2214 qui
514 2127 615 2212 talem
637 2145 672 2188 se
697 2121 905 2201 ostendebat,
935 2127 972 2184 nt
999 2119 1041 2184 ad
1069 2120 1131 2184 hoc
1155 2121 1207 2184 vel
1236 2141 1390 2205 praesens
1416 2122 1466 2186 vel
1490 2123 1617 2186 futurus
1649 2143 1733 2187 nunc
1762 2122 1935 2203 discendo,
1967 2129 2059 2208 post·
2088 2149 2114 2189 rs

437 2229 569 2295 modum
592 2247 668 2290 varo
698 2223 897 2290 consiliando
925 2224 997 2287 loco
1028 2223 1206 2288 eorundem
1235 2224 1409 2289 honorifice
1439 2224 1593 2289 substitui
1623 2228 1800 2311 potuisset,
1832 2248 1905 2290 cum
1934 2247 2061 2291 summa

436 2333 613 2399 intentione
636 2330 753 2393 mentis
776 2326 974 2392 intendendo
998 2327 1150 2410 singulis,
1182 2347 1265 2411 qnae
1289 2327 1486 2411 agebantur,
1516 2329 1677 2392 iuteresse
1700 2321 1896 2393 iubebatur⁵
1928 2329 2060 2393 salvans

437 2425 606 2513 credita10,
629 2432 759 2496 discens
782 2430 958 2514 incognita,
985 2430 1130 2494 retinens
1161 2429 1310 2494 ordinata
1340 2435 1373 2494 et
1396 2430 1587 2494 constituta:
1616 2438 1661 2509 nt,
1686 2431 1713 2494 si
1736 2431 1818 2495 forte
1842 2432 1908 2494 tale
1938 2431 2061 2516 aliquid

437 2544 532 2604 extra
562 2539 619 2599 aut
645 2534 729 2598 inira
757 2551 891 2614 regnum
921 2531 1058 2595 oriretur
1087 2537 1144 2594 aut
1166 2532 1384 2617 insperatum⁸
1413 2538 1446 2596 et
1476 2531 1549 2597 ideo
1579 2553 1645 2597 uon
1675 2533 1947 2618 praemeditatum
1977 2555 2060 2598 nun·

436 2641 588 2718 ciaretur,
610 2636 714 2701 rarius
738 2642 849 2699 tamen
870 2653 1006 2697 neeesse
1023 2639 1121 2711 esset,
1146 2639 1180 2697 ut
1200 2633 1369 2698 consilium
1393 2634 1492 2698 altius
1515 2640 1720 2715 tractaretur,
1744 2643 1777 2700 et
1804 2642 1915 2700 tamen
1930 2642 2061 2722 tempus
2088 2662 2118 2703 so

437 2748 550 2828 aptum
573 2760 636 2804 uon
659 2744 759 2819 esset,
783 2739 816 2801 in
831 2757 896 2821 quo
918 2736 1058 2821 praelati
1081 2737 1258 2801 consiliarii
1280 2743 1544 2817 convocarentur,
1567 2739 1630 2824 ipsi
1654 2730 1826 2823 palatini11
1851 2760 1910 2823 per
1931 2740 2059 2804 miseri-

436 2843 580 2908 cordiam
607 2841 671 2907 Dei
699 2863 742 2906 ex
772 2861 885 2905 eorum
912 2839 1043 2904 assidua
1068 2838 1288 2904 familiaritate
1319 2848 1385 2904 tam
1415 2843 1449 2904 in
1481 2841 1622 2926 publicis
1651 2841 1795 2905 consiliis
1827 2862 1988 2927 quamque
2018 2864 2062 2907 ex

437 2946 619 3010 domestica
645 2945 678 3007 in
707 2944 768 3007 bae
792 2949 884 3028 parte
907 2941 1120 3021 allocutione,
1152 2944 1363 3026 responsione
1388 2949 1421 3007 et
1449 2944 1688 3008 consultatione
1717 2944 1859 3009 studium
1892 2945 2063 3024 haberent,

438 3055 534 3134 prout
555 3054 633 3111 tunc
656 3047 704 3110 rei
722 3044 773 3109 vel
789 3045 944 3129 temporis
961 3043 1100 3127 qualitas
1125 3045 1290 3127 exigebat,
1314 3053 1370 3109 aut
1392 3047 1564 3110 consilium
1587 3046 1727 3131 pleniter
1741 3046 1829 3126 dare,
1854 3047 1932 3132 quid
1955 3048 2060 3130 lieret,

438 3159 492 3215 aut
516 3156 614 3225 certe,
639 3145 798 3233 quomodo
821 3146 862 3210 ad
886 3146 1058 3232 praefinita
1081 3152 1229 3231 tempora
1251 3149 1476 3212 cumconsilio
1500 3156 1534 3213 et
1556 3149 1680 3234 absque
1704 3151 1770 3214 nllo
1788 3149 1983 3214 detrimento
2005 3171 2061 3215 res
2090 3177 2118 3218 as

438 3253 553 3318 aedem
576 3251 743 3337 expectari
766 3249 818 3313 vel
842 3250 1021 3312 sustentari
1045 3248 1217 3333 potuisset.
1264 3248 1357 3314 Haeo
1381 3250 1421 3313 de
1445 3252 1631 3315 maioribus.

546 3353 626 3440 Oap.
649 3356 700 3419 33.
746 3352 797 3416 De
829 3352 1007 3415 minoribus
1030 3371 1107 3414 rere
1132 3353 1185 3416 vel
1209 3353 1340 3436 propria
1370 3352 1533 3438 palatinis,
1562 3356 1666 3419 itaut
1689 3353 1842 3433 diximus,
1870 3375 1935 3419 nou
1957 3376 2060 3440 gane-

438 3460 549 3524 raliter
571 3457 612 3522 ad
636 3476 772 3541 regnum
800 3452 1050 3539 pertinentibus,
1076 3453 1134 3517 sed
1159 3454 1348 3541 specialiter
1376 3454 1418 3519 ad
1441 3477 1598 3540 personas
1621 3477 1768 3542 quasque
1797 3456 2060 3543 respicientibus,

437 3583 521 3648 quae
545 3560 734 3645 specialiter
755 3557 876 3642 palatio
900 3553 1122 3636 imminebant,
1146 3577 1219 3620 cum
1238 3548 1321 3620 ais¹2
1344 3556 1494 3622 dominus
1516 3579 1624 3623 rerum
1646 3561 1693 3622 ita
1716 3560 1885 3624 inconfuse
1909 3560 2058 3626 ordinare

438 3665 607 3751 potuisset,
630 3666 666 3725 ut
688 3658 806 3724 exinde
829 3679 893 3722 nou
922 3659 1027 3722 solum
1051 3657 1281 3722 detrimentum
1311 3661 1412 3724 ullum
1436 3662 1584 3742 oriretur,
1608 3683 1721 3726 rernm
1750 3663 1849 3726 etiam
1873 3671 1979 3727 ortum
2002 3671 2060 3728 aut
2091 3697 2119 3738 ω

438 3768 609 3831 imminens
632 3764 753 3828 utiliter
783 3766 838 3826 aut
867 3761 1008 3845 mitigari
1039 3767 1096 3824 eut
1127 3761 1272 3825 funditus
1296 3763 1443 3847 extingui
1460 3769 1527 3846 aut
1555 3765 1655 3828 etiam
1679 3766 1778 3829 evelli
1807 3767 1979 3850 potuisset.
2025 3765 2061 3830 Si

439 3890 515 3932 vero
550 3867 624 3931 talis
657 3871 745 3929 esset
781 3884 892 3942 causa,
933 3870 970 3926 ut
1007 3863 1171 3928 velocitati
1204 3865 1388 3929 immineret
1428 3872 1461 3929 et
1496 3867 1604 3930 tamen
1640 3868 1846 3953 aliquatenus
1883 3889 1985 3953 usque
2020 3868 2063 3933 ad

437 3971 591 4058 generale
625 3969 779 4054 placitum
808 3986 937 4052 quoquc
970 3973 1068 4050 pacto
1104 3968 1279 4031 sustentari
1311 3968 1363 4032 vel
1398 3969 1468 4032 sine
1495 3977 1631 4053 peccato
1667 3978 1724 4034 ant
1759 3972 1828 4036 sine
1864 3973 2062 4037 contumelia

438 4075 608 4160 potuisset,
632 4073 695 4157 ipsi
716 4069 846 4134 modurn
864 4061 1011 4133 eiusdem
1033 4071 1277 4134 sustentationis
1301 4091 1343 4136 cx
1366 4071 1530 4156 praedicto
1554 4075 1668 4137 maiori
1690 4094 1752 4137 usu
1770 4075 1940 4138 consilium
1964 4075 2062 4139 dandi

439 4177 561 4241 seirent
588 4182 621 4240 et
650 4174 844 4258 sapientiam
866 4172 1009 4257 priorum
1036 4171 1176 4235 imitatiu
1202 4174 1323 4258 placite
1353 4174 1425 4238 Deo
1455 4181 1488 4238 et
1520 4175 1641 4238 utiliter
1672 4195 1772 4260 regno
1802 4177 1930 4240 interim
1962 4176 2062 4242 dare'
2090 4209 2119 4249 ιι

440 4280 633 4364 potuissent.
681 4277 906 4340 Praefatorum
937 4280 1046 4337 autem
1076 4274 1334 4340 consiliariorum
1365 4278 1518 4356 intentio,
1553 4278 1683 4363 quaudo
1715 4278 1756 4342 ad
1793 4281 1950 4365 palatium
1984 4300 2061 4344 con-

439 4382 649 4460 vocabantur,
672 4379 704 4443 in
727 4379 789 4443 hoc
812 4376 987 4462 praecipue
1005 4376 1146 4460 vigebat,
1170 4385 1294 4442 utnon
1318 4380 1479 4464 speciales
1497 4381 1549 4444 vel
1573 4381 1753 4464 singulares
1780 4402 1989 4468 quascunque
2008 4385 2061 4448 rel

440 4502 714 4568 quorumcumque
731 4501 858 4554 causas,
883 4479 942 4543 sed
959 4499 1019 4544 nec
1037 4480 1135 4542 etiam
1158 4481 1298 4562 illorum,
1322 4483 1377 4566 qui
1393 4503 1450 4568 pre
1468 4483 1730 4547 contentionibus
1748 4504 1857 4548 rerum
1878 4494 1933 4549 aut
1948 4486 2060 4570 legum

439 4585 625 4664 veniebant,
655 4582 852 4664 ordinarent,
880 4602 1048 4667 quousque
1078 4583 1144 4660 illa,
1175 4605 1260 4669 quae
1284 4584 1480 4669 generaliter
1503 4585 1545 4648 ad
1575 4585 1714 4650 salntem
1737 4588 1788 4650 vel
1821 4593 1941 4651 statum
1971 4589 2060 4672 regis

440 4695 473 4752 et
495 4688 586 4772 regni
609 4686 828 4772 pertinebant,
852 4684 994 4748 Domino
1018 4685 1193 4750 miserante
1210 4686 1358 4750 ordinata
1380 4687 1588 4762 habuissent;
1612 4694 1645 4752 et
1668 4694 1745 4753 tuuc
1762 4688 1905 4767 demum,
1930 4690 1957 4754 si
1974 4689 2060 4754 forte
2089 4722 2117 4762 ω

439 4789 504 4854 tale
528 4789 650 4874 aliquid
673 4788 789 4853 domno
813 4808 892 4872 rege
915 4788 1138 4873 praecipiente
1162 4788 1397 4854 reservandum
1420 4796 1501 4868 erat,
1527 4790 1614 4876 quod
1637 4792 1705 4854 sine
1731 4811 1844 4854 eorum
1868 4799 1958 4855 certa
1982 4811 2059 4855 con·

439 4892 636 4957 sideratione
665 4890 874 4956 determinari
908 4911 928 4954 a
959 4891 1075 4954 comite
1104 4891 1217 4976 palatii
1246 4893 1298 4956 rel
1332 4913 1351 4956 a
1382 4894 1537 4971 caeteris,
1572 4894 1689 4978 quibus
1722 4894 1960 4977 congruebant,
1994 4914 2060 4958 nou

439 4996 609 5083 potuisset.
1876 5047 1877 5050 ι

547 5098 626 5184 Cap.
650 5099 701 5162 34.
747 5087 940 5162 Preceres¹3
962 5116 1040 5160 vero
1070 5097 1232 5182 praedicti
1254 5099 1323 5162 sive
1353 5098 1386 5163 in
1410 5097 1480 5178 hoe,
1510 5099 1578 5162 sive
1607 5098 1640 5161 in
1663 5098 1718 5161 illc
1750 5098 1898 5184 praelato
1928 5098 2060 5184 placito,

439 5203 515 5287 quin
539 5208 572 5266 et
599 5201 694 5287 primi
717 5190 922 5266 senatorcs¹⁴
952 5199 1057 5284 regui,
1087 5192 1164 5264 ne¹⁵
1197 5202 1291 5287 quasi
1322 5203 1393 5266 sine
1423 5220 1522 5266 causa
1552 5201 1722 5264 convocari
1745 5199 1949 5282 viderentur,
1983 5221 2063 5264 mox
2091 5232 2118 5273 ις

542 5381 562 5449 t)
579 5385 615 5434 ita
632 5383 729 5434 mad.
742 5381 835 5446 δίνης
852 5383 997 5448 inparatum
1009 5379 1073 5431 Bas.
1143 5379 1172 5447 n)
1190 5382 1230 5432 s'to
1247 5399 1315 5434 corr.
1331 5382 1417 5442 Prota·
1435 5383 1530 5434 imitari
1548 5381 1612 5433 Bas.
1682 5384 1709 5444 r)
1729 5382 1866 5432 consilinm
1883 5381 1967 5448 mppr.
1981 5381 2061 5432 Proa.

542 5543 569 5611 6)
591 5541 647 5608 Gsr.
665 5556 687 5595 c.
700 5542 741 5595 30.
820 5542 847 5611 7)
867 5539 924 5606 Ofr.
941 5555 962 5593 c.
975 5539 1016 5594 20.
1092 5542 1121 5610 8)
1141 5539 1197 5608 Osr.
1216 5557 1237 5596 c.
1250 5542 1293 5596 22.
1367 5544 1394 5608 9)
1415 5541 1469 5608 Ofr.
1489 5557 1511 5596 e.
1524 5543 1565 5597 23.
1584 5543 1626 5597 21.
1700 5545 1743 5611 10)
1762 5541 1889 5613 ‘gardent
1906 5544 1942 5596 les
1959 5545 2062 5597 κατεῖπ’

437 5645 514 5699 Proa
529 5646 581 5699 tc
595 5662 624 5712 p.
637 5645 677 5700 83.
759 5647 801 5711 11)
822 5643 878 5710 Otr.
898 5643 1031 5698 Brunner
1048 5644 1064 5698 l.
1081 5659 1101 5698 c.
1121 5644 1162 5710 II,
1176 5660 1205 5712 p.
1219 5645 1300 5713 96sq.
1379 5644 1421 5712 12)
1443 5643 1502 5699 Sc:
1521 5659 1580 5697 cum
1598 5645 1769 5699 consiliariis.
1847 5645 1891 5712 13)
1911 5641 1965 5710 ΟΙι.
1983 5646 2064 5709 adm·

446 5747 536 5803 Waia
552 5749 570 5803 1.
588 5764 611 5804 c.
629 5749 706 5816 ΠΡ,
720 5764 748 5817 p.
762 5751 858 5816 aare.
947 5748 991 5816 14)
1010 5747 1081 5801 Ibid.
1095 5765 1123 5816 p.
1136 5749 1196 5803 531.
1284 5750 1327 5817 15)
1346 5748 1368 5801 I
1370 5749 1422 5805 bid.
1436 5767 1467 5819 p.
1481 5750 1540 5816 579,
1560 5755 1613 5803 not.
1627 5752 1649 5804 1.
