<?xml version="1.0" encoding="UTF-8"?>
<!DOCTYPE html PUBLIC "-//W3C//DTD XHTML 1.0 Transitional//EN"
    "http://www.w3.org/TR/xhtml1/DTD/xhtml1-transitional.dtd">
<html xmlns="http://www.w3.org/1999/xhtml" xml:lang="en" lang="en">
 <head>
  <title>
</title>
<meta http-equiv="Content-Type" content="text/html;charset=utf-8" />
  <meta name='ocr-system' content='tesseract 3.04.00' />
  <meta name='ocr-capabilities' content='ocr_page ocr_carea ocr_par ocr_line ocrx_word'/>
</head>
<body>
  <div class='ocr_page' id='page_1' title='image "./monumentagerman07mittgoog_0312.png"; bbox 0 0 4560 6426; ppageno 0'>
   <div class='ocr_carea' id='block_1_1' title="bbox 425 456 1881 535">
    <p class='ocr_par' dir='ltr' id='par_1_1' title="bbox 425 456 1881 535">
     <span class='ocr_line' id='line_1_1' title="bbox 425 456 1881 535; baseline 0.012 -23"><span class='ocrx_word' id='word_1_1' title='bbox 425 456 669 518; x_wconf 64' lang='lat' dir='ltr'><strong>captiuncula</strong></span> <span class='ocrx_word' id='word_1_2' title='bbox 689 459 819 516; x_wconf 79' lang='lat' dir='ltr'>REGUM</span> <span class='ocrx_word' id='word_1_3' title='bbox 839 461 1023 518; x_wconf 80' lang='lat' dir='ltr'><strong>FRANCIAE</strong></span> <span class='ocrx_word' id='word_1_4' title='bbox 1042 463 1303 519; x_wconf 74' lang='lat' dir='ltr'><strong>OCOIDEN&#39;l&#39;AlrlS</strong></span> <span class='ocrx_word' id='word_1_5' title='bbox 1321 464 1470 533; x_wconf 64' lang='lat' dir='ltr'><strong>(tritoni</strong></span> <span class='ocrx_word' id='word_1_6' title='bbox 1483 465 1528 535; x_wconf 86' lang='lat'><em>11).</em></span> <span class='ocrx_word' id='word_1_7' title='bbox 1548 495 1580 505; x_wconf 87' lang='lat'>-</span> <span class='ocrx_word' id='word_1_8' title='bbox 1599 466 1647 520; x_wconf 85' lang='lat' dir='ltr'><strong>Nr.</strong></span> <span class='ocrx_word' id='word_1_9' title='bbox 1660 466 1720 520; x_wconf 77' lang='lat'>260.</span> <span class='ocrx_word' id='word_1_10' title='bbox 1821 470 1881 531; x_wconf 79' lang='lat'><strong>271</strong></span> 
     </span>
    </p>
   </div>
   <div class='ocr_carea' id='block_1_2' title="bbox 219 629 1968 1757">
    <p class='ocr_par' dir='ltr' id='par_1_2' title="bbox 259 629 1968 1032">
     <span class='ocr_line' id='line_1_2' title="bbox 259 629 1968 725; baseline 0.004 -31"><span class='ocrx_word' id='word_1_11' title='bbox 259 629 364 694; x_wconf 78' lang='lat' dir='ltr'><strong>lond.</strong></span> <span class='ocrx_word' id='word_1_12' title='bbox 394 634 424 693; x_wconf 83' lang='lat' dir='ltr'><strong>ct</strong></span> <span class='ocrx_word' id='word_1_13' title='bbox 449 632 608 698; x_wconf 84' lang='lat' dir='ltr'><strong>Bellovoc.</strong></span> <span class='ocrx_word' id='word_1_14' title='bbox 638 632 815 718; x_wconf 71' lang='lat' dir='ltr'><strong>sirmondi)</strong></span> <span class='ocrx_word' id='word_1_15' title='bbox 842 635 943 701; x_wconf 80' lang='lat' dir='ltr'><strong>edidit</strong></span> <span class='ocrx_word' id='word_1_16' title='bbox 975 645 1008 702; x_wconf 89' lang='lat' dir='ltr'><strong>et</strong></span> <span class='ocrx_word' id='word_1_17' title='bbox 1034 658 1092 723; x_wconf 89' lang='lat' dir='ltr'><strong>per</strong></span> <span class='ocrx_word' id='word_1_18' title='bbox 1120 659 1255 725; x_wconf 89' lang='lat' dir='ltr'><strong>regnum</strong></span> <span class='ocrx_word' id='word_1_19' title='bbox 1290 660 1383 705; x_wconf 88' lang='lat' dir='ltr'><strong>suum</strong></span> <span class='ocrx_word' id='word_1_20' title='bbox 1412 660 1431 704; x_wconf 86' lang='lat' dir='ltr'><strong>a</strong></span> <span class='ocrx_word' id='word_1_21' title='bbox 1458 639 1566 704; x_wconf 89' lang='lat' dir='ltr'><strong>missis</strong></span> <span class='ocrx_word' id='word_1_22' title='bbox 1597 641 1664 705; x_wconf 88' lang='lat' dir='ltr'><strong>suis</strong></span> <span class='ocrx_word' id='word_1_23' title='bbox 1697 642 1882 706; x_wconf 77' lang='lat' dir='ltr'><strong>adnuntiari</strong></span> <span class='ocrx_word' id='word_1_24' title='bbox 1908 647 1968 701; x_wconf 74' lang='lat'><strong>853.</strong></span> 
     </span>
     <span class='ocr_line' id='line_1_3' title="bbox 261 734 1884 831; baseline 0.007 -33"><span class='ocrx_word' id='word_1_25' title='bbox 261 739 294 798; x_wconf 88' lang='lat' dir='ltr'><strong>et</strong></span> <span class='ocrx_word' id='word_1_26' title='bbox 317 734 485 800; x_wconf 82' lang='lat' dir='ltr'><strong>observari</strong></span> <span class='ocrx_word' id='word_1_27' title='bbox 514 737 684 823; x_wconf 87' lang='lat' dir='ltr'><strong>praecepit</strong></span> <span class='ocrx_word' id='word_1_28' title='bbox 709 743 825 819; x_wconf 83' lang='lat' dir='ltr'><strong>(cetero</strong></span> <span class='ocrx_word' id='word_1_29' title='bbox 846 737 908 804; x_wconf 81' lang='lat' dir='ltr'><strong>dos.</strong></span> <span class='ocrx_word' id='word_1_30' title='bbox 933 740 968 803; x_wconf 81' lang='lat' dir='ltr'><strong>ia</strong></span> <span class='ocrx_word' id='word_1_31' title='bbox 983 743 1028 821; x_wconf 78' lang='lat'><strong>9),</strong></span> <span class='ocrx_word' id='word_1_32' title='bbox 1057 739 1114 807; x_wconf 89' lang='lat' dir='ltr'><strong>sed</strong></span> <span class='ocrx_word' id='word_1_33' title='bbox 1139 748 1172 806; x_wconf 90' lang='lat' dir='ltr'><strong>et</strong></span> <span class='ocrx_word' id='word_1_34' title='bbox 1190 743 1310 807; x_wconf 88' lang='lat' dir='ltr'><strong>missos</strong></span> <span class='ocrx_word' id='word_1_35' title='bbox 1338 763 1432 824; x_wconf 89' lang='lat' dir='ltr'><strong>suos,</strong></span> <span class='ocrx_word' id='word_1_36' title='bbox 1461 744 1546 808; x_wconf 89' lang='lat' dir='ltr'><strong>sicut</strong></span> <span class='ocrx_word' id='word_1_37' title='bbox 1568 745 1794 831; x_wconf 78' lang='lat' dir='ltr'><strong>subsequitur,</strong></span> <span class='ocrx_word' id='word_1_38' title='bbox 1824 766 1884 830; x_wconf 91' lang='lat' dir='ltr'><strong>per</strong></span> 
     </span>
     <span class='ocr_line' id='line_1_4' title="bbox 260 838 1882 934; baseline 0.007 -33"><span class='ocrx_word' id='word_1_39' title='bbox 260 858 397 923; x_wconf 80' lang='lat' dir='ltr'><strong>ragnum</strong></span> <span class='ocrx_word' id='word_1_40' title='bbox 415 859 508 903; x_wconf 89' lang='lat' dir='ltr'><strong>suum</strong></span> <span class='ocrx_word' id='word_1_41' title='bbox 526 838 705 914; x_wconf 86' lang='lat' dir='ltr'><strong>ordinavit;</strong></span> <span class='ocrx_word' id='word_1_42' title='bbox 729 841 764 904; x_wconf 81' lang='lat' dir='ltr'><strong>io</strong></span> <span class='ocrx_word' id='word_1_43' title='bbox 780 844 879 907; x_wconf 77' lang='lat'><strong>3-5:</strong></span> <span class='ocrx_word' id='word_1_44' title='bbox 903 841 1056 930; x_wconf 79' lang='lat' dir='ltr'><strong>Capitula</strong></span> <span class='ocrx_word' id='word_1_45' title='bbox 1071 845 1236 911; x_wconf 89' lang='lat' dir='ltr'><strong>Hlotharii</strong></span> <span class='ocrx_word' id='word_1_46' title='bbox 1260 845 1423 930; x_wconf 86' lang='lat' dir='ltr'><strong>(Letharii</strong></span> <span class='ocrx_word' id='word_1_47' title='bbox 1440 845 1475 931; x_wconf 81' lang='lat' dir='ltr'><strong>t)</strong></span> <span class='ocrx_word' id='word_1_48' title='bbox 1496 847 1704 934; x_wconf 87' lang='lat' dir='ltr'><strong>imperatoris</strong></span> <span class='ocrx_word' id='word_1_49' title='bbox 1721 855 1754 913; x_wconf 91' lang='lat' dir='ltr'><strong>et</strong></span> <span class='ocrx_word' id='word_1_50' title='bbox 1770 847 1882 913; x_wconf 88' lang='lat' dir='ltr'><strong>Karoli</strong></span> 
     </span>
     <span class='ocr_line' id='line_1_5' title="bbox 259 941 1884 1032; baseline 0.007 -28"><span class='ocrx_word' id='word_1_51' title='bbox 259 941 346 1026; x_wconf 84' lang='lat' dir='ltr'><strong>regis</strong></span> <span class='ocrx_word' id='word_1_52' title='bbox 369 942 457 1007; x_wconf 84' lang='lat' dir='ltr'><strong>faeta</strong></span> <span class='ocrx_word' id='word_1_53' title='bbox 479 943 511 1006; x_wconf 90' lang='lat' dir='ltr'><strong>in</strong></span> <span class='ocrx_word' id='word_1_54' title='bbox 534 943 655 1029; x_wconf 88' lang='lat' dir='ltr'><strong>palatio</strong></span> <span class='ocrx_word' id='word_1_55' title='bbox 676 951 749 1024; x_wconf 87' lang='lat' dir='ltr'><strong>(om.</strong></span> <span class='ocrx_word' id='word_1_56' title='bbox 767 947 802 1028; x_wconf 83' lang='lat'><strong>5)</strong></span> <span class='ocrx_word' id='word_1_57' title='bbox 818 945 1076 1012; x_wconf 78' lang='lat' dir='ltr'><strong>Valentinianus.</strong></span> <span class='ocrx_word' id='word_1_58' title='bbox 1124 948 1226 1030; x_wconf 76' lang='lat' dir='ltr'><strong>Quom</strong></span> <span class='ocrx_word' id='word_1_59' title='bbox 1244 949 1381 1014; x_wconf 81' lang='lat' dir='ltr'><strong>codicum</strong></span> <span class='ocrx_word' id='word_1_60' title='bbox 1403 952 1506 1018; x_wconf 84' lang='lat'>3-5.</span> <span class='ocrx_word' id='word_1_61' title='bbox 1530 952 1764 1032; x_wconf 79' lang='lat' dir='ltr'><strong>inscriptionem</strong></span> <span class='ocrx_word' id='word_1_62' title='bbox 1782 952 1884 1016; x_wconf 69' lang='lat' dir='ltr'><strong>scribo</strong></span> 
     </span>
    </p>

    <p class='ocr_par' dir='ltr' id='par_1_3' title="bbox 228 1044 1884 1545">
     <span class='ocr_line' id='line_1_6' title="bbox 228 1044 1884 1141; baseline 0.01 -37"><span class='ocrx_word' id='word_1_63' title='bbox 228 1044 347 1109; x_wconf 74' lang='lat' dir='ltr'><strong>atilius</strong></span> <span class='ocrx_word' id='word_1_64' title='bbox 375 1044 502 1123; x_wconf 84' lang='lat' dir='ltr'><strong>codicis,</strong></span> <span class='ocrx_word' id='word_1_65' title='bbox 534 1067 573 1110; x_wconf 81' lang='lat' dir='ltr'><strong>ca</strong></span> <span class='ocrx_word' id='word_1_66' title='bbox 603 1068 663 1128; x_wconf 81' lang='lat' dir='ltr'><strong>qao</strong></span> <span class='ocrx_word' id='word_1_67' title='bbox 688 1046 723 1112; x_wconf 81' lang='lat' dir='ltr'><strong>bi</strong></span> <span class='ocrx_word' id='word_1_68' title='bbox 751 1047 885 1114; x_wconf 71' lang='lat' dir='ltr'><strong>derivati</strong></span> <span class='ocrx_word' id='word_1_69' title='bbox 910 1056 993 1130; x_wconf 81' lang='lat' dir='ltr'><strong>scot,</strong></span> <span class='ocrx_word' id='word_1_70' title='bbox 1016 1052 1124 1116; x_wconf 82' lang='lat' dir='ltr'><strong>minus</strong></span> <span class='ocrx_word' id='word_1_71' title='bbox 1141 1059 1220 1118; x_wconf 81' lang='lat' dir='ltr'><strong>racto</strong></span> <span class='ocrx_word' id='word_1_72' title='bbox 1241 1054 1416 1136; x_wconf 75' lang='lat' dir='ltr'><strong>composuit,</strong></span> <span class='ocrx_word' id='word_1_73' title='bbox 1439 1054 1607 1120; x_wconf 79' lang='lat' dir='ltr'><strong>corsdswtas</strong></span> <span class='ocrx_word' id='word_1_74' title='bbox 1622 1055 1762 1141; x_wconf 83' lang='lat' dir='ltr'><strong>fortasse</strong></span> <span class='ocrx_word' id='word_1_75' title='bbox 1784 1057 1884 1122; x_wconf 86' lang='lat' dir='ltr'><strong>vorbis</strong></span> 
     </span>
     <span class='ocr_line' id='line_1_7' title="bbox 252 1148 1881 1238; baseline 0.008 -27"><span class='ocrx_word' id='word_1_76' title='bbox 252 1148 395 1230; x_wconf 79' lang='lat' dir='ltr'><strong>prolopi:</strong></span> <span class='ocrx_word' id='word_1_77' title='bbox 424 1170 497 1214; x_wconf 91' lang='lat' dir='ltr'><strong>eum</strong></span> <span class='ocrx_word' id='word_1_78' title='bbox 519 1199 526 1213; x_wconf 90' lang='lat'><strong>.</strong></span> <span class='ocrx_word' id='word_1_79' title='bbox 545 1199 576 1214; x_wconf 92' lang='lat'><strong>..</strong></span> <span class='ocrx_word' id='word_1_80' title='bbox 601 1150 772 1218; x_wconf 88' lang='lat' dir='ltr'><strong>Hlothario</strong></span> <span class='ocrx_word' id='word_1_81' title='bbox 795 1152 881 1238; x_wconf 90' lang='lat' dir='ltr'><strong>apud</strong></span> <span class='ocrx_word' id='word_1_82' title='bbox 893 1152 1107 1220; x_wconf 87' lang='lat' dir='ltr'><strong>Valentienas</strong></span> <span class='ocrx_word' id='word_1_83' title='bbox 1137 1157 1234 1222; x_wconf 90' lang='lat' dir='ltr'><strong>locuti</strong></span> <span class='ocrx_word' id='word_1_84' title='bbox 1258 1158 1377 1224; x_wconf 83' lang='lat' dir='ltr'><strong>luimus</strong></span> <span class='ocrx_word' id='word_1_85' title='bbox 1402 1165 1435 1224; x_wconf 91' lang='lat' dir='ltr'><strong>ct</strong></span> <span class='ocrx_word' id='word_1_86' title='bbox 1458 1161 1620 1224; x_wconf 90' lang='lat' dir='ltr'><strong>communi</strong></span> <span class='ocrx_word' id='word_1_87' title='bbox 1645 1161 1780 1226; x_wconf 89' lang='lat' dir='ltr'><strong>oonsilio</strong></span> <span class='ocrx_word' id='word_1_88' title='bbox 1809 1182 1881 1226; x_wconf 89' lang='lat' dir='ltr'><strong>cum</strong></span> 
     </span>
     <span class='ocr_line' id='line_1_8' title="bbox 259 1249 1883 1342; baseline 0.007 -26"><span class='ocrx_word' id='word_1_89' title='bbox 259 1249 410 1317; x_wconf 90' lang='lat' dir='ltr'><strong>fidelibus</strong></span> <span class='ocrx_word' id='word_1_90' title='bbox 434 1254 552 1318; x_wconf 91' lang='lat' dir='ltr'><strong>nostris</strong></span> <span class='ocrx_word' id='word_1_91' title='bbox 575 1257 800 1321; x_wconf 89' lang='lat' dir='ltr'><strong>communibus</strong></span> <span class='ocrx_word' id='word_1_92' title='bbox 824 1258 1112 1324; x_wconf 76' lang='lat' dir='ltr'><strong>consideravimus.</strong></span> <span class='ocrx_word' id='word_1_93' title='bbox 1167 1260 1357 1327; x_wconf 76' lang='lat' dir='ltr'><strong>Cosconium</strong></span> <span class='ocrx_word' id='word_1_94' title='bbox 1379 1262 1462 1326; x_wconf 79' lang='lat' dir='ltr'><strong>enim</strong></span> <span class='ocrx_word' id='word_1_95' title='bbox 1495 1284 1529 1328; x_wconf 78' lang='lat' dir='ltr'><strong>rc</strong></span> <span class='ocrx_word' id='word_1_96' title='bbox 1555 1283 1629 1328; x_wconf 84' lang='lat' dir='ltr'><strong>ocra</strong></span> <span class='ocrx_word' id='word_1_97' title='bbox 1657 1263 1792 1342; x_wconf 70' lang='lat' dir='ltr'><strong>Silvosi,</strong></span> <span class='ocrx_word' id='word_1_98' title='bbox 1819 1285 1883 1328; x_wconf 80' lang='lat' dir='ltr'><strong>nors</strong></span> 
     </span>
     <span class='ocr_line' id='line_1_9' title="bbox 258 1353 1882 1448; baseline 0.008 -29"><span class='ocrx_word' id='word_1_99' title='bbox 258 1354 345 1439; x_wconf 79' lang='lat' dir='ltr'><strong>opud</strong></span> <span class='ocrx_word' id='word_1_100' title='bbox 366 1353 573 1422; x_wconf 82' lang='lat' dir='ltr'><strong>Valentioaoe</strong></span> <span class='ocrx_word' id='word_1_101' title='bbox 593 1357 733 1424; x_wconf 80' lang='lat' dir='ltr'><strong>bobilam</strong></span> <span class='ocrx_word' id='word_1_102' title='bbox 756 1379 819 1425; x_wconf 84' lang='lat' dir='ltr'><strong>csse</strong></span> <span class='ocrx_word' id='word_1_103' title='bbox 839 1365 965 1441; x_wconf 78' lang='lat' dir='ltr'><strong>preater</strong></span> <span class='ocrx_word' id='word_1_104' title='bbox 991 1381 1089 1443; x_wconf 81' lang='lat' dir='ltr'><strong>supro</strong></span> <span class='ocrx_word' id='word_1_105' title='bbox 1111 1363 1207 1428; x_wconf 83' lang='lat' dir='ltr'><strong>citato</strong></span> <span class='ocrx_word' id='word_1_106' title='bbox 1230 1364 1350 1430; x_wconf 80' lang='lat' dir='ltr'><strong>indicio</strong></span> <span class='ocrx_word' id='word_1_107' title='bbox 1373 1365 1513 1447; x_wconf 80' lang='lat' dir='ltr'><strong>probant</strong></span> <span class='ocrx_word' id='word_1_108' title='bbox 1538 1365 1616 1448; x_wconf 79' lang='lat' dir='ltr'><strong>Gap.</strong></span> <span class='ocrx_word' id='word_1_109' title='bbox 1638 1368 1793 1433; x_wconf 79' lang='lat' dir='ltr'><strong>Attioioc.</strong></span> <span class='ocrx_word' id='word_1_110' title='bbox 1810 1369 1882 1445; x_wconf 83' lang='grc'><strong>854,</strong></span> 
     </span>
     <span class='ocr_line' id='line_1_10' title="bbox 259 1459 1430 1545; baseline 0.008 -21"><span class='ocrx_word' id='word_1_111' title='bbox 259 1481 284 1525; x_wconf 92' lang='lat' dir='ltr'><strong>c.</strong></span> <span class='ocrx_word' id='word_1_112' title='bbox 304 1466 330 1525; x_wconf 93' lang='grc'><strong>1.</strong></span> <span class='ocrx_word' id='word_1_113' title='bbox 353 1464 383 1523; x_wconf 89' lang='lat' dir='ltr'><strong>ot</strong></span> <span class='ocrx_word' id='word_1_114' title='bbox 408 1459 582 1526; x_wconf 77' lang='lat' dir='ltr'><strong>Consilium</strong></span> <span class='ocrx_word' id='word_1_115' title='bbox 603 1482 769 1542; x_wconf 78' lang='lat' dir='ltr'><strong>procorum</strong></span> <span class='ocrx_word' id='word_1_116' title='bbox 792 1465 863 1542; x_wconf 80' lang='lat'><strong>856,</strong></span> <span class='ocrx_word' id='word_1_117' title='bbox 887 1463 977 1545; x_wconf 78' lang='lat' dir='ltr'><strong>infre</strong></span> <span class='ocrx_word' id='word_1_118' title='bbox 999 1465 1057 1530; x_wconf 82' lang='lat' dir='ltr'><strong>sub</strong></span> <span class='ocrx_word' id='word_1_119' title='bbox 1078 1487 1128 1531; x_wconf 81' lang='lat' dir='ltr'><strong>or.</strong></span> <span class='ocrx_word' id='word_1_120' title='bbox 1146 1471 1218 1532; x_wconf 79' lang='lat'><strong>261.</strong></span> <span class='ocrx_word' id='word_1_121' title='bbox 1243 1470 1314 1534; x_wconf 80' lang='lat'>295.</span> <span class='ocrx_word' id='word_1_122' title='bbox 1338 1468 1430 1533; x_wconf 82' lang='lat' dir='ltr'><strong>edito.</strong></span> 
     </span>
    </p>

    <p class='ocr_par' dir='ltr' id='par_1_4' title="bbox 219 1562 1883 1757">
     <span class='ocr_line' id='line_1_11' title="bbox 219 1562 1883 1654; baseline 0.008 -29"><span class='ocrx_word' id='word_1_123' title='bbox 219 1588 244 1626; x_wconf 84' lang='lat' dir='ltr'><strong>ro</strong></span> <span class='ocrx_word' id='word_1_124' title='bbox 373 1562 523 1644; x_wconf 75' lang='lat' dir='ltr'><strong>Oopitolo</strong></span> <span class='ocrx_word' id='word_1_125' title='bbox 545 1566 660 1630; x_wconf 85' lang='lat' dir='ltr'><strong>litteris</strong></span> <span class='ocrx_word' id='word_1_126' title='bbox 683 1567 834 1631; x_wconf 80' lang='lat' dir='ltr'><strong>mandato</strong></span> <span class='ocrx_word' id='word_1_127' title='bbox 857 1571 887 1631; x_wconf 87' lang='lat' dir='ltr'><strong>et</strong></span> <span class='ocrx_word' id='word_1_128' title='bbox 907 1567 992 1632; x_wconf 76' lang='lat' dir='ltr'><strong>colito</strong></span> <span class='ocrx_word' id='word_1_129' title='bbox 1013 1574 1101 1648; x_wconf 80' lang='lat' dir='ltr'><strong>sant,</strong></span> <span class='ocrx_word' id='word_1_130' title='bbox 1122 1574 1293 1652; x_wconf 79' lang='lat' dir='ltr'><strong>postquam</strong></span> <span class='ocrx_word' id='word_1_131' title='bbox 1313 1571 1456 1637; x_wconf 80' lang='lat' dir='ltr'><strong>Korolos</strong></span> <span class='ocrx_word' id='word_1_132' title='bbox 1476 1573 1565 1654; x_wconf 80' lang='lat' dir='ltr'><strong>epod</strong></span> <span class='ocrx_word' id='word_1_133' title='bbox 1586 1573 1793 1638; x_wconf 81' lang='lat' dir='ltr'><strong>Volcatioaos</strong></span> <span class='ocrx_word' id='word_1_134' title='bbox 1815 1595 1883 1640; x_wconf 84' lang='lat' dir='ltr'><strong>com</strong></span> 
     </span>
     <span class='ocr_line' id='line_1_12' title="bbox 258 1666 1881 1757; baseline 0.007 -25"><span class='ocrx_word' id='word_1_135' title='bbox 258 1668 429 1733; x_wconf 81' lang='lat' dir='ltr'><strong>Htotborr&#39;o</strong></span> <span class='ocrx_word' id='word_1_136' title='bbox 450 1666 559 1752; x_wconf 85' lang='lat' dir='ltr'><strong>fratre</strong></span> <span class='ocrx_word' id='word_1_137' title='bbox 586 1669 623 1733; x_wconf 83' lang='lat' dir='ltr'><strong>de</strong></span> <span class='ocrx_word' id='word_1_138' title='bbox 651 1669 778 1735; x_wconf 83' lang='lat' dir='ltr'><strong>illoram</strong></span> <span class='ocrx_word' id='word_1_139' title='bbox 807 1691 928 1736; x_wconf 74' lang='lat' dir='ltr'><strong>samm</strong></span> <span class='ocrx_word' id='word_1_140' title='bbox 956 1671 1103 1738; x_wconf 80' lang='lat' dir='ltr'><strong>tractavit</strong></span> <span class='ocrx_word' id='word_1_141' title='bbox 1128 1677 1220 1756; x_wconf 81' lang='lat' dir='ltr'><strong>atquc</strong></span> <span class='ocrx_word' id='word_1_142' title='bbox 1247 1675 1404 1754; x_wconf 70' lang='lat' dir='ltr'><strong>conuenit,</strong></span> <span class='ocrx_word' id='word_1_143' title='bbox 1433 1675 1490 1757; x_wconf 69' lang='lat' dir='ltr'><strong>cfr.</strong></span> <span class='ocrx_word' id='word_1_144' title='bbox 1508 1675 1649 1757; x_wconf 74' lang='lat' dir='ltr'><strong>praeful.</strong></span> <span class='ocrx_word' id='word_1_145' title='bbox 1679 1677 1722 1740; x_wconf 82' lang='lat' dir='ltr'><strong>od</strong></span> <span class='ocrx_word' id='word_1_146' title='bbox 1742 1697 1792 1742; x_wconf 82' lang='lat' dir='ltr'><strong>ar.</strong></span> <span class='ocrx_word' id='word_1_147' title='bbox 1810 1681 1881 1756; x_wconf 82' lang='lat'><strong>206,</strong></span> 
     </span>
    </p>
   </div>
   <div class='ocr_carea' id='block_1_3' title="bbox 259 1776 1775 1865">
    <p class='ocr_par' dir='ltr' id='par_1_5' title="bbox 259 1776 1775 1865">
     <span class='ocr_line' id='line_1_13' title="bbox 259 1776 1775 1865; baseline 0.006 -29"><span class='ocrx_word' id='word_1_148' title='bbox 259 1792 359 1854; x_wconf 81' lang='lat' dir='ltr'><strong>supro</strong></span> <span class='ocrx_word' id='word_1_149' title='bbox 375 1794 411 1854; x_wconf 80' lang='lat' dir='ltr'><strong>p.</strong></span> <span class='ocrx_word' id='word_1_150' title='bbox 429 1776 479 1840; x_wconf 81' lang='lat'><strong>75.</strong></span> <span class='ocrx_word' id='word_1_151' title='bbox 1400 1779 1460 1865; x_wconf 88' lang='lat' dir='ltr'><strong>(B.</strong></span> <span class='ocrx_word' id='word_1_152' title='bbox 1475 1780 1523 1858; x_wconf 88' lang='lat' dir='ltr'><strong>II,</strong></span> <span class='ocrx_word' id='word_1_153' title='bbox 1547 1784 1608 1860; x_wconf 87' lang='grc'><strong>63;</strong></span> <span class='ocrx_word' id='word_1_154' title='bbox 1629 1779 1667 1846; x_wconf 90' lang='lat' dir='ltr'><strong>P.</strong></span> <span class='ocrx_word' id='word_1_155' title='bbox 1686 1784 1775 1864; x_wconf 83' lang='grc'><strong><em>423.)</em></strong></span> 
     </span>
    </p>
   </div>
   <div class='ocr_carea' id='block_1_4' title="bbox 215 2053 1882 3756">
    <p class='ocr_par' dir='ltr' id='par_1_6' title="bbox 215 2053 1882 3756">
     <span class='ocr_line' id='line_1_14' title="bbox 368 2053 1881 2192; baseline 0.007 -28"><span class='ocrx_word' id='word_1_156' title='bbox 368 2053 436 2170; x_wconf 74' lang='lat' dir='ltr'><strong>ln·</strong></span> <span class='ocrx_word' id='word_1_157' title='bbox 458 2105 587 2170; x_wconf 90' lang='lat' dir='ltr'><strong>nomine</strong></span> <span class='ocrx_word' id='word_1_158' title='bbox 616 2113 750 2172; x_wconf 85' lang='lat' dir='ltr'><strong>sanctae</strong></span> <span class='ocrx_word' id='word_1_159' title='bbox 779 2113 813 2172; x_wconf 91' lang='lat' dir='ltr'><strong>et</strong></span> <span class='ocrx_word' id='word_1_160' title='bbox 842 2104 1029 2171; x_wconf 88' lang='lat' dir='ltr'><strong>individuae</strong></span> <span class='ocrx_word' id='word_1_161' title='bbox 1057 2106 1219 2171; x_wconf 80' lang='lat' dir='ltr'><strong>trinitatis.</strong></span> <span class='ocrx_word' id='word_1_162' title='bbox 1270 2104 1412 2171; x_wconf 86' lang='lat' dir='ltr'><strong>Karolus</strong></span> <span class='ocrx_word' id='word_1_163' title='bbox 1436 2107 1542 2192; x_wconf 80' lang='lat' dir='ltr'><strong>gratia</strong></span> <span class='ocrx_word' id='word_1_164' title='bbox 1564 2106 1628 2173; x_wconf 92' lang='lat' dir='ltr'><strong>Dei</strong></span> <span class='ocrx_word' id='word_1_165' title='bbox 1652 2119 1732 2173; x_wconf 76' lang='lat' dir='ltr'><strong>rex·</strong></span> <span class='ocrx_word' id='word_1_166' title='bbox 1753 2107 1881 2174; x_wconf 88' lang='lat' dir='ltr'><strong>dilectis</strong></span> 
     </span>
     <span class='ocr_line' id='line_1_15' title="bbox 261 2201 1881 2296; baseline 0.004 -25"><span class='ocrx_word' id='word_1_167' title='bbox 261 2213 294 2272; x_wconf 89' lang='lat' dir='ltr'><strong>et</strong></span> <span class='ocrx_word' id='word_1_168' title='bbox 321 2207 473 2274; x_wconf 88' lang='lat' dir='ltr'><strong>fidelibus</strong></span> <span class='ocrx_word' id='word_1_169' title='bbox 505 2208 613 2274; x_wconf 88' lang='lat' dir='ltr'><strong>missis</strong></span> <span class='ocrx_word' id='word_1_170' title='bbox 642 2210 761 2274; x_wconf 88' lang='lat' dir='ltr'><strong>nostris</strong></span> <span class='ocrx_word' id='word_1_171' title='bbox 794 2230 852 2296; x_wconf 87' lang='lat' dir='ltr'><strong>per</strong></span> <span class='ocrx_word' id='word_1_172' title='bbox 883 2231 1018 2294; x_wconf 85' lang='lat' dir='ltr'><strong>regnum</strong></span> <span class='ocrx_word' id='word_1_173' title='bbox 1050 2209 1197 2274; x_wconf 85' lang='lat' dir='ltr'><strong>nostrum</strong></span> <span class='ocrx_word' id='word_1_174' title='bbox 1230 2201 1436 2274; x_wconf 80' lang='lat' dir='ltr'><strong>constitutis1</strong></span> <span class='ocrx_word' id='word_1_175' title='bbox 1466 2209 1615 2274; x_wconf 87' lang='lat' dir='ltr'><strong>salutem.</strong></span> <span class='ocrx_word' id='word_1_176' title='bbox 1670 2209 1760 2275; x_wconf 83' lang='lat' dir='ltr'><strong>Sicut</strong></span> <span class='ocrx_word' id='word_1_177' title='bbox 1789 2213 1881 2278; x_wconf 87' lang='lat' dir='ltr'><strong>vobis</strong></span> 
     </span>
     <span class='ocr_line' id='line_1_16' title="bbox 216 2309 1882 2400; baseline 0.001 -20"><span class='ocrx_word' id='word_1_178' title='bbox 216 2341 240 2380; x_wconf 83' lang='grc' dir='ltr'><strong>ιι</strong></span> <span class='ocrx_word' id='word_1_179' title='bbox 258 2319 370 2376; x_wconf 91' lang='lat' dir='ltr'><strong>notum</strong></span> <span class='ocrx_word' id='word_1_180' title='bbox 399 2333 473 2378; x_wconf 90' lang='lat' dir='ltr'><strong>esse</strong></span> <span class='ocrx_word' id='word_1_181' title='bbox 503 2312 680 2394; x_wconf 88' lang='lat' dir='ltr'><strong>credimus,</strong></span> <span class='ocrx_word' id='word_1_182' title='bbox 715 2334 787 2378; x_wconf 91' lang='lat' dir='ltr'><strong>oum</strong></span> <span class='ocrx_word' id='word_1_183' title='bbox 819 2314 1033 2379; x_wconf 89' lang='lat' dir='ltr'><strong>dilectissimo</strong></span> <span class='ocrx_word' id='word_1_184' title='bbox 1061 2314 1160 2378; x_wconf 80' lang='lat' dir='ltr'><strong>fratre</strong></span> <span class='ocrx_word' id='word_1_185' title='bbox 1196 2317 1306 2377; x_wconf 89' lang='lat' dir='ltr'><strong>nostro</strong></span> <span class='ocrx_word' id='word_1_186' title='bbox 1335 2312 1510 2378; x_wconf 90' lang='lat' dir='ltr'><strong>Hlothario</strong></span> <span class='ocrx_word' id='word_1_187' title='bbox 1539 2312 1626 2400; x_wconf 88' lang='lat' dir='ltr'><strong>apud</strong></span> <span class='ocrx_word' id='word_1_188' title='bbox 1648 2309 1882 2381; x_wconf 76' lang='lat' dir='ltr'><strong>Valentianas²</strong></span> 
     </span>
     <span class='ocr_line' id='line_1_17' title="bbox 259 2415 1878 2497; baseline 0.003 -18"><span class='ocrx_word' id='word_1_189' title='bbox 259 2417 358 2480; x_wconf 89' lang='lat' dir='ltr'><strong>locuti</strong></span> <span class='ocrx_word' id='word_1_190' title='bbox 382 2417 520 2497; x_wconf 83' lang='lat' dir='ltr'><strong>luimus,</strong></span> <span class='ocrx_word' id='word_1_191' title='bbox 553 2425 586 2483; x_wconf 91' lang='lat' dir='ltr'><strong>et</strong></span> <span class='ocrx_word' id='word_1_192' title='bbox 614 2418 776 2482; x_wconf 89' lang='lat' dir='ltr'><strong>communi</strong></span> <span class='ocrx_word' id='word_1_193' title='bbox 805 2417 938 2483; x_wconf 89' lang='lat' dir='ltr'><strong>consilio</strong></span> <span class='ocrx_word' id='word_1_194' title='bbox 967 2438 1039 2482; x_wconf 89' lang='lat' dir='ltr'><strong>cum</strong></span> <span class='ocrx_word' id='word_1_195' title='bbox 1068 2415 1220 2482; x_wconf 88' lang='lat' dir='ltr'><strong>fidelibus</strong></span> <span class='ocrx_word' id='word_1_196' title='bbox 1244 2415 1386 2481; x_wconf 80' lang='lat' dir='ltr'><strong>nostrisb</strong></span> <span class='ocrx_word' id='word_1_197' title='bbox 1410 2417 1634 2482; x_wconf 91' lang='lat' dir='ltr'><strong>communibus</strong></span> <span class='ocrx_word' id='word_1_198' title='bbox 1659 2419 1878 2485; x_wconf 85' lang='lat' dir='ltr'><strong>consideravi-</strong></span> 
     </span>
     <span class='ocr_line' id='line_1_18' title="bbox 259 2519 1881 2606; baseline 0.002 -24"><span class='ocrx_word' id='word_1_199' title='bbox 259 2539 343 2598; x_wconf 91' lang='lat' dir='ltr'><strong>mus,</strong></span> <span class='ocrx_word' id='word_1_200' title='bbox 366 2527 401 2584; x_wconf 93' lang='lat' dir='ltr'><strong>ut</strong></span> <span class='ocrx_word' id='word_1_201' title='bbox 423 2521 509 2586; x_wconf 90' lang='lat' dir='ltr'><strong>inter</strong></span> <span class='ocrx_word' id='word_1_202' title='bbox 526 2527 636 2587; x_wconf 87' lang='lat' dir='ltr'><strong>cetera</strong></span> <span class='ocrx_word' id='word_1_203' title='bbox 659 2527 794 2586; x_wconf 88' lang='lat' dir='ltr'><strong>sauctae</strong></span> <span class='ocrx_word' id='word_1_204' title='bbox 810 2521 873 2586; x_wconf 92' lang='lat' dir='ltr'><strong>Dei</strong></span> <span class='ocrx_word' id='word_1_205' title='bbox 889 2521 1049 2586; x_wconf 91' lang='lat' dir='ltr'><strong>ecclesiae</strong></span> <span class='ocrx_word' id='word_1_206' title='bbox 1074 2527 1108 2585; x_wconf 91' lang='lat' dir='ltr'><strong>et</strong></span> <span class='ocrx_word' id='word_1_207' title='bbox 1131 2519 1232 2584; x_wconf 88' lang='lat' dir='ltr'><strong>nostri</strong></span> <span class='ocrx_word' id='word_1_208' title='bbox 1248 2519 1449 2605; x_wconf 90' lang='lat' dir='ltr'><strong>principatus</strong></span> <span class='ocrx_word' id='word_1_209' title='bbox 1473 2541 1511 2584; x_wconf 89' lang='lat' dir='ltr'><strong>ac</strong></span> <span class='ocrx_word' id='word_1_210' title='bbox 1535 2522 1627 2606; x_wconf 84' lang='lat' dir='ltr'><strong>regni</strong></span> <span class='ocrx_word' id='word_1_211' title='bbox 1650 2520 1742 2588; x_wconf 92' lang='lat' dir='ltr'><strong>nobis</strong></span> <span class='ocrx_word' id='word_1_212' title='bbox 1766 2545 1785 2586; x_wconf 87' lang='grc' dir='ltr'><strong>ιι</strong></span> <span class='ocrx_word' id='word_1_213' title='bbox 1807 2522 1881 2589; x_wconf 91' lang='lat' dir='ltr'><strong>Deo</strong></span> 
     </span>
     <span class='ocr_line' id='line_1_19' title="bbox 258 2624 1879 2711; baseline 0.001 -21"><span class='ocrx_word' id='word_1_214' title='bbox 258 2625 441 2690; x_wconf 78' lang='lat' dir='ltr'><strong>commissi⁰</strong></span> <span class='ocrx_word' id='word_1_215' title='bbox 457 2625 590 2711; x_wconf 88' lang='lat' dir='ltr'><strong>negotia</strong></span> <span class='ocrx_word' id='word_1_216' title='bbox 610 2627 796 2692; x_wconf 86' lang='lat' dir='ltr'><strong>necessaria</strong></span> <span class='ocrx_word' id='word_1_217' title='bbox 818 2625 859 2691; x_wconf 92' lang='lat' dir='ltr'><strong>de</strong></span> <span class='ocrx_word' id='word_1_218' title='bbox 881 2625 942 2704; x_wconf 89' lang='lat' dir='ltr'><strong>his,</strong></span> <span class='ocrx_word' id='word_1_219' title='bbox 965 2646 1049 2711; x_wconf 85' lang='lat' dir='ltr'><strong>quse</strong></span> <span class='ocrx_word' id='word_1_220' title='bbox 1066 2625 1291 2704; x_wconf 89' lang='lat' dir='ltr'><strong>subsecuntur,</strong></span> <span class='ocrx_word' id='word_1_221' title='bbox 1314 2643 1371 2689; x_wconf 87' lang='lat' dir='ltr'><strong>vos</strong></span> <span class='ocrx_word' id='word_1_222' title='bbox 1386 2624 1573 2710; x_wconf 83' lang='lat' dir='ltr'><strong>specialiter</strong></span> <span class='ocrx_word' id='word_1_223' title='bbox 1587 2627 1879 2710; x_wconf 63' lang='lat' dir='ltr'><strong>ammoneremusd,</strong></span> 
     </span>
     <span class='ocr_line' id='line_1_20' title="bbox 259 2725 1881 2815; baseline 0.002 -23"><span class='ocrx_word' id='word_1_224' title='bbox 259 2733 305 2808; x_wconf 83' lang='lat' dir='ltr'><strong>ut,</strong></span> <span class='ocrx_word' id='word_1_225' title='bbox 329 2727 414 2793; x_wconf 89' lang='lat' dir='ltr'><strong>siout</strong></span> <span class='ocrx_word' id='word_1_226' title='bbox 441 2727 493 2792; x_wconf 91' lang='lat' dir='ltr'><strong>hic</strong></span> <span class='ocrx_word' id='word_1_227' title='bbox 521 2729 688 2815; x_wconf 88' lang='lat' dir='ltr'><strong>descripta</strong></span> <span class='ocrx_word' id='word_1_228' title='bbox 717 2729 894 2807; x_wconf 80' lang='lat' dir='ltr'><strong>habentur,</strong></span> <span class='ocrx_word' id='word_1_229' title='bbox 927 2749 992 2792; x_wconf 87' lang='lat' dir='ltr'><strong>una</strong></span> <span class='ocrx_word' id='word_1_230' title='bbox 1020 2748 1093 2794; x_wconf 89' lang='lat' dir='ltr'><strong>cum</strong></span> <span class='ocrx_word' id='word_1_231' title='bbox 1116 2727 1180 2794; x_wconf 90' lang='lat' dir='ltr'><strong>Dei</strong></span> <span class='ocrx_word' id='word_1_232' title='bbox 1212 2725 1402 2808; x_wconf 67' lang='lat' dir='ltr'><strong>adiutoriob,</strong></span> <span class='ocrx_word' id='word_1_233' title='bbox 1430 2735 1526 2814; x_wconf 89' lang='lat' dir='ltr'><strong>prout</strong></span> <span class='ocrx_word' id='word_1_234' title='bbox 1553 2729 1669 2794; x_wconf 89' lang='lat' dir='ltr'><strong>melius</strong></span> <span class='ocrx_word' id='word_1_235' title='bbox 1697 2730 1881 2815; x_wconf 89' lang='lat' dir='ltr'><strong>potueritis,</strong></span> 
     </span>
     <span class='ocr_line' id='line_1_21' title="bbox 216 2830 1878 2919; baseline 0.001 -22"><span class='ocrx_word' id='word_1_236' title='bbox 216 2857 242 2897; x_wconf 81' lang='lat' dir='ltr'><strong>as</strong></span> <span class='ocrx_word' id='word_1_237' title='bbox 261 2837 394 2897; x_wconf 89' lang='lat' dir='ltr'><strong>strenue</strong></span> <span class='ocrx_word' id='word_1_238' title='bbox 411 2834 547 2918; x_wconf 82' lang='lat' dir='ltr'><strong>exsequi</strong></span> <span class='ocrx_word' id='word_1_239' title='bbox 563 2834 744 2918; x_wconf 84' lang='lat' dir='ltr'><strong>procuretis</strong></span> <span class='ocrx_word' id='word_1_240' title='bbox 767 2840 801 2897; x_wconf 88' lang='lat' dir='ltr'><strong>et</strong></span> <span class='ocrx_word' id='word_1_241' title='bbox 824 2832 885 2897; x_wconf 89' lang='lat' dir='ltr'><strong>hoe</strong></span> <span class='ocrx_word' id='word_1_242' title='bbox 908 2831 1160 2918; x_wconf 79' lang='lat' dir='ltr'><strong>praesentaliter</strong></span> <span class='ocrx_word' id='word_1_243' title='bbox 1174 2830 1396 2897; x_wconf 90' lang='lat' dir='ltr'><strong>necessarium</strong></span> <span class='ocrx_word' id='word_1_244' title='bbox 1414 2852 1494 2918; x_wconf 91' lang='lat' dir='ltr'><strong>opus</strong></span> <span class='ocrx_word' id='word_1_245' title='bbox 1515 2833 1583 2898; x_wconf 89' lang='lat' dir='ltr'><strong>sine</strong></span> <span class='ocrx_word' id='word_1_246' title='bbox 1599 2833 1709 2919; x_wconf 91' lang='lat' dir='ltr'><strong>aliqua</strong></span> <span class='ocrx_word' id='word_1_247' title='bbox 1724 2833 1878 2898; x_wconf 88' lang='lat' dir='ltr'><strong>dilatione</strong></span> 
     </span>
     <span class='ocr_line' id='line_1_22' title="bbox 257 2935 1877 3020; baseline 0.002 -21"><span class='ocrx_word' id='word_1_248' title='bbox 257 2935 311 2999; x_wconf 89' lang='lat' dir='ltr'><strong>vel</strong></span> <span class='ocrx_word' id='word_1_249' title='bbox 334 2936 564 3016; x_wconf 83' lang='lat' dir='ltr'><strong>excusatione,</strong></span> <span class='ocrx_word' id='word_1_250' title='bbox 596 2937 680 3001; x_wconf 89' lang='lat' dir='ltr'><strong>sicut</strong></span> <span class='ocrx_word' id='word_1_251' title='bbox 702 2937 735 3001; x_wconf 92' lang='lat' dir='ltr'><strong>iu</strong></span> <span class='ocrx_word' id='word_1_252' title='bbox 758 2937 933 3000; x_wconf 80' lang='lat' dir='ltr'><strong>missaticis</strong></span> <span class='ocrx_word' id='word_1_253' title='bbox 963 2935 1125 3000; x_wconf 88' lang='lat' dir='ltr'><strong>coniuncti</strong></span> <span class='ocrx_word' id='word_1_254' title='bbox 1148 2941 1182 2999; x_wconf 90' lang='lat' dir='ltr'><strong>et</strong></span> <span class='ocrx_word' id='word_1_255' title='bbox 1205 2935 1353 3020; x_wconf 89' lang='lat' dir='ltr'><strong>deputati</strong></span> <span class='ocrx_word' id='word_1_256' title='bbox 1377 2937 1471 3014; x_wconf 87' lang='lat' dir='ltr'><strong>estis,</strong></span> <span class='ocrx_word' id='word_1_257' title='bbox 1501 2936 1596 3001; x_wconf 90' lang='lat' dir='ltr'><strong>simul</strong></span> <span class='ocrx_word' id='word_1_258' title='bbox 1619 2937 1821 3002; x_wconf 85' lang='lat' dir='ltr'><strong>conveniatis</strong></span> <span class='ocrx_word' id='word_1_259' title='bbox 1844 2945 1877 3002; x_wconf 90' lang='lat' dir='ltr'><strong>et</strong></span> 
     </span>
     <span class='ocr_line' id='line_1_23' title="bbox 256 3037 1877 3126; baseline 0.003 -23"><span class='ocrx_word' id='word_1_260' title='bbox 256 3039 318 3104; x_wconf 91' lang='lat' dir='ltr'><strong>hoc</strong></span> <span class='ocrx_word' id='word_1_261' title='bbox 335 3037 375 3103; x_wconf 89' lang='lat' dir='ltr'><strong>ad</strong></span> <span class='ocrx_word' id='word_1_262' title='bbox 391 3039 624 3126; x_wconf 86' lang='lat' dir='ltr'><strong>perficiendum</strong></span> <span class='ocrx_word' id='word_1_263' title='bbox 637 3042 830 3126; x_wconf 87' lang='lat' dir='ltr'><strong>quantocius</strong></span> <span class='ocrx_word' id='word_1_264' title='bbox 842 3039 1003 3105; x_wconf 91' lang='lat' dir='ltr'><strong>inchoetis</strong></span> <span class='ocrx_word' id='word_1_265' title='bbox 1020 3046 1063 3120; x_wconf 88' lang='lat' dir='ltr'><strong>et,</strong></span> <span class='ocrx_word' id='word_1_266' title='bbox 1076 3046 1232 3125; x_wconf 90' lang='lat' dir='ltr'><strong>quantum</strong></span> <span class='ocrx_word' id='word_1_267' title='bbox 1245 3038 1299 3104; x_wconf 85' lang='lat' dir='ltr'><strong>vel</strong></span> <span class='ocrx_word' id='word_1_268' title='bbox 1312 3039 1453 3124; x_wconf 89' lang='lat' dir='ltr'><strong>qualiter</strong></span> <span class='ocrx_word' id='word_1_269' title='bbox 1464 3039 1539 3106; x_wconf 89' lang='lat' dir='ltr'><strong>inde</strong></span> <span class='ocrx_word' id='word_1_270' title='bbox 1550 3041 1673 3107; x_wconf 87' lang='lat' dir='ltr'><strong>iactum</strong></span> <span class='ocrx_word' id='word_1_271' title='bbox 1686 3041 1877 3123; x_wconf 87' lang='lat' dir='ltr'><strong>habueritis,</strong></span> 
     </span>
     <span class='ocr_line' id='line_1_24' title="bbox 215 3141 1878 3231; baseline 0.002 -23"><span class='ocrx_word' id='word_1_272' title='bbox 215 3173 217 3178; x_wconf 88' lang='lat'><em>·</em></span> <span class='ocrx_word' id='word_1_273' title='bbox 258 3145 500 3230; x_wconf 78' lang='lat' dir='ltr'><strong>unusquisque⁶</strong></span> <span class='ocrx_word' id='word_1_274' title='bbox 528 3151 688 3225; x_wconf 86' lang='lat' dir='ltr'><strong>vestrum,</strong></span> <span class='ocrx_word' id='word_1_275' title='bbox 716 3144 800 3208; x_wconf 89' lang='lat' dir='ltr'><strong>sicut</strong></span> <span class='ocrx_word' id='word_1_276' title='bbox 830 3145 864 3208; x_wconf 93' lang='lat' dir='ltr'><strong>in</strong></span> <span class='ocrx_word' id='word_1_277' title='bbox 887 3143 1077 3209; x_wconf 65' lang='lat' dir='ltr'><strong>missaticis*</strong></span> <span class='ocrx_word' id='word_1_278' title='bbox 1098 3143 1266 3208; x_wconf 88' lang='lat' dir='ltr'><strong>constituti</strong></span> <span class='ocrx_word' id='word_1_279' title='bbox 1289 3143 1384 3224; x_wconf 88' lang='lat' dir='ltr'><strong>estis,</strong></span> <span class='ocrx_word' id='word_1_280' title='bbox 1414 3141 1455 3208; x_wconf 92' lang='lat' dir='ltr'><strong>de</strong></span> <span class='ocrx_word' id='word_1_281' title='bbox 1483 3165 1680 3231; x_wconf 88' lang='lat' dir='ltr'><strong>unoquoque</strong></span> <span class='ocrx_word' id='word_1_282' title='bbox 1711 3145 1878 3211; x_wconf 89' lang='lat' dir='ltr'><strong>missatico</strong></span> 
     </span>
     <span class='ocr_line' id='line_1_25' title="bbox 258 3240 1877 3335; baseline 0.002 -23"><span class='ocrx_word' id='word_1_283' title='bbox 258 3246 353 3312; x_wconf 90' lang='lat' dir='ltr'><strong>nobis</strong></span> <span class='ocrx_word' id='word_1_284' title='bbox 377 3247 417 3312; x_wconf 85' lang='lat' dir='ltr'><strong>ad</strong></span> <span class='ocrx_word' id='word_1_285' title='bbox 442 3248 659 3333; x_wconf 89' lang='lat' dir='ltr'><strong>conloquium,</strong></span> <span class='ocrx_word' id='word_1_286' title='bbox 683 3248 768 3335; x_wconf 93' lang='lat' dir='ltr'><strong>quod</strong></span> <span class='ocrx_word' id='word_1_287' title='bbox 791 3250 824 3312; x_wconf 91' lang='lat' dir='ltr'><strong>in</strong></span> <span class='ocrx_word' id='word_1_288' title='bbox 847 3247 995 3334; x_wconf 85' lang='lat' dir='ltr'><strong>proximo</strong></span> <span class='ocrx_word' id='word_1_289' title='bbox 1018 3268 1091 3312; x_wconf 89' lang='lat' dir='ltr'><strong>cum</strong></span> <span class='ocrx_word' id='word_1_290' title='bbox 1121 3245 1276 3312; x_wconf 85' lang='lat' dir='ltr'><strong>iratribus</strong></span> <span class='ocrx_word' id='word_1_291' title='bbox 1304 3248 1424 3312; x_wconf 88' lang='lat' dir='ltr'><strong>nostris</strong></span> <span class='ocrx_word' id='word_1_292' title='bbox 1447 3240 1670 3329; x_wconf 78' lang='lat' dir='ltr'><strong>habebimus3,</strong></span> <span class='ocrx_word' id='word_1_293' title='bbox 1694 3250 1877 3316; x_wconf 89' lang='lat' dir='ltr'><strong>renuntiare</strong></span> 
     </span>
     <span class='ocr_line' id='line_1_26' title="bbox 217 3350 1877 3439; baseline 0 -21"><span class='ocrx_word' id='word_1_294' title='bbox 217 3378 242 3418; x_wconf 82' lang='lat' dir='ltr'><strong>rs</strong></span> <span class='ocrx_word' id='word_1_295' title='bbox 260 3359 423 3439; x_wconf 88' lang='lat' dir='ltr'><strong>procuret.</strong></span> <span class='ocrx_word' id='word_1_296' title='bbox 468 3350 560 3416; x_wconf 81' lang='lat' dir='ltr'><strong>Etsi</strong></span> <span class='ocrx_word' id='word_1_297' title='bbox 584 3353 768 3438; x_wconf 83' lang='lat' dir='ltr'><strong>contigerit,</strong></span> <span class='ocrx_word' id='word_1_298' title='bbox 792 3359 828 3418; x_wconf 91' lang='lat' dir='ltr'><strong>ut</strong></span> <span class='ocrx_word' id='word_1_299' title='bbox 850 3353 969 3439; x_wconf 88' lang='lat' dir='ltr'><strong>aliquis</strong></span> <span class='ocrx_word' id='word_1_300' title='bbox 992 3357 1133 3417; x_wconf 85' lang='lat' dir='ltr'><strong>vestrum</strong></span> <span class='ocrx_word' id='word_1_301' title='bbox 1158 3358 1268 3416; x_wconf 89' lang='lat' dir='ltr'><strong>nostro</strong></span> <span class='ocrx_word' id='word_1_302' title='bbox 1293 3351 1425 3416; x_wconf 86' lang='lat' dir='ltr'><strong>servitio</strong></span> <span class='ocrx_word' id='word_1_303' title='bbox 1440 3352 1492 3416; x_wconf 88' lang='lat' dir='ltr'><strong>vel</strong></span> <span class='ocrx_word' id='word_1_304' title='bbox 1509 3352 1696 3418; x_wconf 87' lang='lat' dir='ltr'><strong>infirmitate</strong></span> <span class='ocrx_word' id='word_1_305' title='bbox 1718 3359 1774 3418; x_wconf 89' lang='lat' dir='ltr'><strong>aut</strong></span> <span class='ocrx_word' id='word_1_306' title='bbox 1797 3373 1877 3438; x_wconf 87' lang='lat' dir='ltr'><strong>qua-</strong></span> 
     </span>
     <span class='ocr_line' id='line_1_27' title="bbox 260 3453 1877 3543; baseline 0 -23"><span class='ocrx_word' id='word_1_307' title='bbox 260 3475 399 3542; x_wconf 89' lang='lat' dir='ltr'><strong>cumque</strong></span> <span class='ocrx_word' id='word_1_308' title='bbox 423 3457 595 3521; x_wconf 88' lang='lat' dir='ltr'><strong>ocoasione</strong></span> <span class='ocrx_word' id='word_1_309' title='bbox 612 3454 767 3522; x_wconf 90' lang='lat' dir='ltr'><strong>detentus</strong></span> <span class='ocrx_word' id='word_1_310' title='bbox 784 3457 893 3538; x_wconf 84' lang='lat' dir='ltr'><strong>fuerit,</strong></span> <span class='ocrx_word' id='word_1_311' title='bbox 916 3476 973 3542; x_wconf 90' lang='lat' dir='ltr'><strong>pro</strong></span> <span class='ocrx_word' id='word_1_312' title='bbox 996 3456 1058 3520; x_wconf 91' lang='lat' dir='ltr'><strong>hoc</strong></span> <span class='ocrx_word' id='word_1_313' title='bbox 1081 3456 1136 3520; x_wconf 93' lang='lat' dir='ltr'><strong>alii</strong></span> <span class='ocrx_word' id='word_1_314' title='bbox 1160 3477 1224 3520; x_wconf 94' lang='lat' dir='ltr'><strong>non</strong></span> <span class='ocrx_word' id='word_1_315' title='bbox 1249 3453 1422 3534; x_wconf 90' lang='lat' dir='ltr'><strong>dimittant,</strong></span> <span class='ocrx_word' id='word_1_316' title='bbox 1446 3463 1482 3520; x_wconf 94' lang='lat' dir='ltr'><strong>ut</strong></span> <span class='ocrx_word' id='word_1_317' title='bbox 1498 3455 1726 3521; x_wconf 88' lang='lat' dir='ltr'><strong>commendata</strong></span> <span class='ocrx_word' id='word_1_318' title='bbox 1741 3457 1877 3543; x_wconf 86' lang='lat' dir='ltr'><strong>exsequi</strong></span> 
     </span>
     <span class='ocr_line' id='line_1_28' title="bbox 259 3558 1877 3648; baseline -0.002 -21"><span class='ocrx_word' id='word_1_319' title='bbox 259 3584 324 3628; x_wconf 94' lang='lat' dir='ltr'><strong>non</strong></span> <span class='ocrx_word' id='word_1_320' title='bbox 346 3561 512 3636; x_wconf 74' lang='lat' dir='ltr'><strong>studeant:</strong></span> <span class='ocrx_word' id='word_1_321' title='bbox 538 3563 634 3628; x_wconf 89' lang='lat' dir='ltr'><strong>etiam</strong></span> <span class='ocrx_word' id='word_1_322' title='bbox 659 3565 687 3628; x_wconf 89' lang='lat' dir='ltr'><strong>si</strong></span> <span class='ocrx_word' id='word_1_323' title='bbox 703 3584 787 3628; x_wconf 88' lang='lat' dir='ltr'><strong>unus</strong></span> <span class='ocrx_word' id='word_1_324' title='bbox 802 3564 967 3628; x_wconf 83' lang='lat' dir='ltr'><strong>vacaverit</strong></span> <span class='ocrx_word' id='word_1_325' title='bbox 989 3583 1009 3626; x_wconf 93' lang='lat' dir='ltr'><strong>a</strong></span> <span class='ocrx_word' id='word_1_326' title='bbox 1030 3561 1206 3648; x_wconf 89' lang='lat' dir='ltr'><strong>praedictis</strong></span> <span class='ocrx_word' id='word_1_327' title='bbox 1223 3558 1481 3640; x_wconf 68' lang='lat' dir='ltr'><strong>occasionibusss,</strong></span> <span class='ocrx_word' id='word_1_328' title='bbox 1507 3561 1588 3646; x_wconf 91' lang='lat' dir='ltr'><strong>ipse,</strong></span> <span class='ocrx_word' id='word_1_329' title='bbox 1612 3566 1770 3645; x_wconf 88' lang='lat' dir='ltr'><strong>quantum</strong></span> <span class='ocrx_word' id='word_1_330' title='bbox 1785 3559 1877 3626; x_wconf 89' lang='lat' dir='ltr'><strong>Deus</strong></span> 
     </span>
     <span class='ocr_line' id='line_1_29' title="bbox 257 3665 889 3756; baseline -0.005 -23"><span class='ocrx_word' id='word_1_331' title='bbox 257 3665 394 3748; x_wconf 87' lang='lat' dir='ltr'><strong>dederit,</strong></span> <span class='ocrx_word' id='word_1_332' title='bbox 417 3667 507 3731; x_wconf 88' lang='lat' dir='ltr'><strong>iussa</strong></span> <span class='ocrx_word' id='word_1_333' title='bbox 529 3665 709 3756; x_wconf 75' lang='lat' dir='ltr'><strong>perficerel</strong></span> <span class='ocrx_word' id='word_1_334' title='bbox 732 3665 889 3732; x_wconf 83' lang='lat' dir='ltr'><strong>studeat*.</strong></span> 
     </span>
    </p>
   </div>
   <div class='ocr_carea' id='block_1_5' title="bbox 552 3889 1718 3978">
    <p class='ocr_par' dir='ltr' id='par_1_7' title="bbox 552 3889 1718 3978">
     <span class='ocr_line' id='line_1_30' title="bbox 552 3889 1718 3978; baseline -0.003 -21"><span class='ocrx_word' id='word_1_335' title='bbox 552 3892 635 3958; x_wconf 89' lang='lat' dir='ltr'><strong>Ista</strong></span> <span class='ocrx_word' id='word_1_336' title='bbox 657 3892 928 3959; x_wconf 88' lang='lat' dir='ltr'><strong>denuntianda</strong></span> <span class='ocrx_word' id='word_1_337' title='bbox 952 3897 1041 3956; x_wconf 91' lang='lat' dir='ltr'><strong>sunt</strong></span> <span class='ocrx_word' id='word_1_338' title='bbox 1063 3891 1205 3978; x_wconf 91' lang='lat' dir='ltr'><strong>populo</strong></span> <span class='ocrx_word' id='word_1_339' title='bbox 1228 3911 1248 3955; x_wconf 92' lang='lat' dir='ltr'><strong>a</strong></span> <span class='ocrx_word' id='word_1_340' title='bbox 1270 3889 1406 3954; x_wconf 90' lang='lat' dir='ltr'><strong>missis</strong></span> <span class='ocrx_word' id='word_1_341' title='bbox 1428 3889 1587 3954; x_wconf 89' lang='lat' dir='ltr'><strong>uostris.</strong></span> <span class='ocrx_word' id='word_1_342' title='bbox 1715 3914 1718 3920; x_wconf 93' lang='lat'>·</span> 
     </span>
    </p>
   </div>
   <div class='ocr_carea' id='block_1_6' title="bbox 214 4019 1879 4637">
    <p class='ocr_par' dir='ltr' id='par_1_8' title="bbox 214 4019 1879 4513">
     <span class='ocr_line' id='line_1_31' title="bbox 214 4019 1879 4116; baseline 0 -22"><span class='ocrx_word' id='word_1_343' title='bbox 214 4054 240 4094; x_wconf 80' lang='lat' dir='ltr'><strong>ao</strong></span> <span class='ocrx_word' id='word_1_344' title='bbox 369 4037 396 4101; x_wconf 87' lang='grc'><strong>1.</strong></span> <span class='ocrx_word' id='word_1_345' title='bbox 431 4023 564 4096; x_wconf 75' lang='lat' dir='ltr'><strong>Nostri⁴</strong></span> <span class='ocrx_word' id='word_1_346' title='bbox 593 4031 756 4114; x_wconf 89' lang='lat' dir='ltr'><strong>seniores,</strong></span> <span class='ocrx_word' id='word_1_347' title='bbox 789 4031 874 4096; x_wconf 90' lang='lat' dir='ltr'><strong>sicut</strong></span> <span class='ocrx_word' id='word_1_348' title='bbox 901 4030 1055 4110; x_wconf 89' lang='lat' dir='ltr'><strong>audistis,</strong></span> <span class='ocrx_word' id='word_1_349' title='bbox 1084 4019 1380 4116; x_wconf 70' lang='lat' dir='ltr'><strong>parabolaveruntl</strong></span> <span class='ocrx_word' id='word_1_350' title='bbox 1404 4027 1500 4092; x_wconf 92' lang='lat' dir='ltr'><strong>simul</strong></span> <span class='ocrx_word' id='word_1_351' title='bbox 1529 4034 1563 4093; x_wconf 90' lang='lat' dir='ltr'><strong>et</strong></span> <span class='ocrx_word' id='word_1_352' title='bbox 1591 4028 1879 4094; x_wconf 85' lang='lat' dir='ltr'><strong>consideraverunt</strong></span> 
     </span>
     <span class='ocr_line' id='line_1_32' title="bbox 257 4130 1877 4218; baseline -0.002 -17"><span class='ocrx_word' id='word_1_353' title='bbox 257 4156 331 4201; x_wconf 89' lang='lat' dir='ltr'><strong>cum</strong></span> <span class='ocrx_word' id='word_1_354' title='bbox 355 4134 583 4201; x_wconf 88' lang='lat' dir='ltr'><strong>communibus</strong></span> <span class='ocrx_word' id='word_1_355' title='bbox 605 4135 734 4199; x_wconf 91' lang='lat' dir='ltr'><strong>illorum</strong></span> <span class='ocrx_word' id='word_1_356' title='bbox 757 4133 907 4200; x_wconf 88' lang='lat' dir='ltr'><strong>fidelibus</strong></span> <span class='ocrx_word' id='word_1_357' title='bbox 931 4132 972 4199; x_wconf 92' lang='lat' dir='ltr'><strong>de</strong></span> <span class='ocrx_word' id='word_1_358' title='bbox 995 4133 1058 4198; x_wconf 90' lang='lat' dir='ltr'><strong>Dei</strong></span> <span class='ocrx_word' id='word_1_359' title='bbox 1083 4132 1217 4198; x_wconf 84' lang='lat' dir='ltr'><strong>servitio</strong></span> <span class='ocrx_word' id='word_1_360' title='bbox 1241 4139 1274 4196; x_wconf 90' lang='lat' dir='ltr'><strong>et</strong></span> <span class='ocrx_word' id='word_1_361' title='bbox 1290 4136 1425 4197; x_wconf 90' lang='lat' dir='ltr'><strong>sanotae</strong></span> <span class='ocrx_word' id='word_1_362' title='bbox 1449 4130 1610 4197; x_wconf 89' lang='lat' dir='ltr'><strong>ecclesiae</strong></span> <span class='ocrx_word' id='word_1_363' title='bbox 1627 4153 1665 4197; x_wconf 91' lang='lat' dir='ltr'><strong>ao</strong></span> <span class='ocrx_word' id='word_1_364' title='bbox 1682 4133 1774 4218; x_wconf 85' lang='lat' dir='ltr'><strong>regni</strong></span> <span class='ocrx_word' id='word_1_365' title='bbox 1790 4139 1877 4198; x_wconf 86' lang='lat' dir='ltr'><strong>statu</strong></span> 
     </span>
     <span class='ocr_line' id='line_1_33' title="bbox 258 4235 1877 4326; baseline -0.001 -22"><span class='ocrx_word' id='word_1_366' title='bbox 258 4245 293 4304; x_wconf 90' lang='lat' dir='ltr'><strong>et</strong></span> <span class='ocrx_word' id='word_1_367' title='bbox 314 4239 454 4326; x_wconf 90' lang='lat' dir='ltr'><strong>qualiter</strong></span> <span class='ocrx_word' id='word_1_368' title='bbox 475 4259 545 4318; x_wconf 79' lang='lat' dir='ltr'><strong>ros,</strong></span> <span class='ocrx_word' id='word_1_369' title='bbox 569 4239 624 4325; x_wconf 92' lang='lat' dir='ltr'><strong>qui</strong></span> <span class='ocrx_word' id='word_1_370' title='bbox 646 4239 680 4303; x_wconf 93' lang='lat' dir='ltr'><strong>in</strong></span> <span class='ocrx_word' id='word_1_371' title='bbox 702 4259 804 4325; x_wconf 84' lang='lat' dir='ltr'><strong>regno</strong></span> <span class='ocrx_word' id='word_1_372' title='bbox 827 4239 1019 4317; x_wconf 88' lang='lat' dir='ltr'><strong>consistitis,</strong></span> <span class='ocrx_word' id='word_1_373' title='bbox 1044 4257 1159 4324; x_wconf 91' lang='lat' dir='ltr'><strong>paoem</strong></span> <span class='ocrx_word' id='word_1_374' title='bbox 1183 4243 1216 4302; x_wconf 89' lang='lat' dir='ltr'><strong>et</strong></span> <span class='ocrx_word' id='word_1_375' title='bbox 1239 4236 1396 4301; x_wconf 90' lang='lat' dir='ltr'><strong>iustitiam</strong></span> <span class='ocrx_word' id='word_1_376' title='bbox 1420 4235 1542 4302; x_wconf 87' lang='lat' dir='ltr'><strong>habere</strong></span> <span class='ocrx_word' id='word_1_377' title='bbox 1565 4237 1712 4323; x_wconf 90' lang='lat' dir='ltr'><strong>possitis;</strong></span> <span class='ocrx_word' id='word_1_378' title='bbox 1736 4245 1769 4302; x_wconf 88' lang='lat' dir='ltr'><strong>et</strong></span> <span class='ocrx_word' id='word_1_379' title='bbox 1792 4237 1877 4302; x_wconf 91' lang='lat' dir='ltr'><strong>ordi-</strong></span> 
     </span>
     <span class='ocr_line' id='line_1_34' title="bbox 257 4339 1876 4430; baseline -0.001 -22"><span class='ocrx_word' id='word_1_380' title='bbox 257 4349 418 4410; x_wconf 83' lang='lat' dir='ltr'><strong>naverunt</strong></span> <span class='ocrx_word' id='word_1_381' title='bbox 448 4343 567 4409; x_wconf 89' lang='lat' dir='ltr'><strong>missos</strong></span> <span class='ocrx_word' id='word_1_382' title='bbox 595 4364 654 4430; x_wconf 93' lang='lat' dir='ltr'><strong>per</strong></span> <span class='ocrx_word' id='word_1_383' title='bbox 685 4364 822 4429; x_wconf 78' lang='lat' dir='ltr'><strong>regnum</strong></span> <span class='ocrx_word' id='word_1_384' title='bbox 853 4343 999 4424; x_wconf 87' lang='lat' dir='ltr'><strong>illorum,</strong></span> <span class='ocrx_word' id='word_1_385' title='bbox 1035 4341 1090 4429; x_wconf 92' lang='lat' dir='ltr'><strong>qui</strong></span> <span class='ocrx_word' id='word_1_386' title='bbox 1119 4343 1152 4406; x_wconf 94' lang='lat' dir='ltr'><strong>in</strong></span> <span class='ocrx_word' id='word_1_387' title='bbox 1181 4340 1243 4406; x_wconf 89' lang='lat' dir='ltr'><strong>hoo</strong></span> <span class='ocrx_word' id='word_1_388' title='bbox 1274 4341 1459 4418; x_wconf 87' lang='lat' dir='ltr'><strong>decertent,</strong></span> <span class='ocrx_word' id='word_1_389' title='bbox 1492 4345 1649 4426; x_wconf 90' lang='lat' dir='ltr'><strong>quantum</strong></span> <span class='ocrx_word' id='word_1_390' title='bbox 1671 4339 1762 4406; x_wconf 90' lang='lat' dir='ltr'><strong>Deus</strong></span> <span class='ocrx_word' id='word_1_391' title='bbox 1786 4341 1876 4406; x_wconf 92' lang='lat' dir='ltr'><strong>adiu-</strong></span> 
     </span>
     <span class='ocr_line' id='line_1_35' title="bbox 256 4446 533 4513; baseline 0.004 -1"><span class='ocrx_word' id='word_1_392' title='bbox 256 4448 375 4512; x_wconf 89' lang='lat' dir='ltr'><strong>torium</strong></span> <span class='ocrx_word' id='word_1_393' title='bbox 397 4446 533 4513; x_wconf 88' lang='lat' dir='ltr'><strong>dederit.</strong></span> 
     </span>
    </p>

    <p class='ocr_par' dir='ltr' id='par_1_9' title="bbox 214 4547 1876 4637">
     <span class='ocr_line' id='line_1_36' title="bbox 214 4547 1876 4637; baseline -0.001 -22"><span class='ocrx_word' id='word_1_394' title='bbox 214 4569 239 4608; x_wconf 79' lang='lat' dir='ltr'><strong>ss</strong></span> <span class='ocrx_word' id='word_1_395' title='bbox 365 4555 395 4615; x_wconf 74' lang='lat'><strong>2.</strong></span> <span class='ocrx_word' id='word_1_396' title='bbox 429 4550 521 4616; x_wconf 90' lang='lat' dir='ltr'><strong>Inter</strong></span> <span class='ocrx_word' id='word_1_397' title='bbox 543 4569 657 4616; x_wconf 88' lang='lat' dir='ltr'><strong>omnes</strong></span> <span class='ocrx_word' id='word_1_398' title='bbox 680 4550 831 4631; x_wconf 88' lang='lat' dir='ltr'><strong>iustitias,</strong></span> <span class='ocrx_word' id='word_1_399' title='bbox 854 4570 936 4637; x_wconf 89' lang='lat' dir='ltr'><strong>quas</strong></span> <span class='ocrx_word' id='word_1_400' title='bbox 952 4550 1192 4632; x_wconf 85' lang='lat' dir='ltr'><strong>ordinaverunt,</strong></span> <span class='ocrx_word' id='word_1_401' title='bbox 1215 4553 1253 4613; x_wconf 91' lang='lat' dir='ltr'><strong>ut</strong></span> <span class='ocrx_word' id='word_1_402' title='bbox 1275 4548 1498 4634; x_wconf 89' lang='lat' dir='ltr'><strong>unusquisque</strong></span> <span class='ocrx_word' id='word_1_403' title='bbox 1520 4547 1650 4628; x_wconf 90' lang='lat' dir='ltr'><strong>habeat,</strong></span> <span class='ocrx_word' id='word_1_404' title='bbox 1673 4549 1777 4635; x_wconf 88' lang='lat' dir='ltr'><strong>primo</strong></span> <span class='ocrx_word' id='word_1_405' title='bbox 1799 4569 1876 4614; x_wconf 92' lang='lat' dir='ltr'><strong>con-</strong></span> 
     </span>
    </p>
   </div>
   <div class='ocr_carea' id='block_1_7' title="bbox 257 4768 1877 4933">
    <p class='ocr_par' dir='ltr' id='par_1_10' title="bbox 257 4768 1877 4933">
     <span class='ocr_line' id='line_1_37' title="bbox 362 4768 1877 4843; baseline -0.001 -13"><span class='ocrx_word' id='word_1_406' title='bbox 362 4777 390 4843; x_wconf 77' lang='lat'><strong>⁸)</strong></span> <span class='ocrx_word' id='word_1_407' title='bbox 412 4773 473 4831; x_wconf 81' lang='lat' dir='ltr'><strong>coo.</strong></span> <span class='ocrx_word' id='word_1_408' title='bbox 490 4776 516 4830; x_wconf 88' lang='grc'><strong>6.</strong></span> <span class='ocrx_word' id='word_1_409' title='bbox 538 4774 609 4828; x_wconf 75' lang='lat' dir='ltr'><strong>tanc</strong></span> <span class='ocrx_word' id='word_1_410' title='bbox 635 4773 777 4830; x_wconf 67' lang='lat' dir='ltr'><strong>memorari</strong></span> <span class='ocrx_word' id='word_1_411' title='bbox 795 4772 936 4843; x_wconf 78' lang='lat' dir='ltr'><strong>prolopom</strong></span> <span class='ocrx_word' id='word_1_412' title='bbox 958 4772 1079 4842; x_wconf 74' lang='lat' dir='ltr'><strong>praebet:</strong></span> <span class='ocrx_word' id='word_1_413' title='bbox 1106 4770 1164 4825; x_wconf 84' lang='lat' dir='ltr'><strong>Ista</strong></span> <span class='ocrx_word' id='word_1_414' title='bbox 1186 4768 1380 4826; x_wconf 85' lang='lat' dir='ltr'><strong>denuntianda</strong></span> <span class='ocrx_word' id='word_1_415' title='bbox 1407 4771 1474 4826; x_wconf 86' lang='lat' dir='ltr'><strong>sunt</strong></span> <span class='ocrx_word' id='word_1_416' title='bbox 1494 4787 1512 4824; x_wconf 83' lang='lat' dir='ltr'><strong>a</strong></span> <span class='ocrx_word' id='word_1_417' title='bbox 1535 4770 1639 4840; x_wconf 89' lang='lat' dir='ltr'><strong>populo</strong></span> <span class='ocrx_word' id='word_1_418' title='bbox 1662 4770 1753 4828; x_wconf 86' lang='lat' dir='ltr'><strong>missis</strong></span> <span class='ocrx_word' id='word_1_419' title='bbox 1776 4773 1877 4828; x_wconf 86' lang='lat' dir='ltr'><strong>nostris</strong></span> 
     </span>
     <span class='ocr_line' id='line_1_38' title="bbox 257 4855 1877 4933; baseline -0.002 -15"><span class='ocrx_word' id='word_1_420' title='bbox 257 4862 394 4933; x_wconf 82' lang='lat' dir='ltr'><strong>capitula,</strong></span> <span class='ocrx_word' id='word_1_421' title='bbox 422 4879 494 4932; x_wconf 81' lang='lat' dir='ltr'><strong>quae</strong></span> <span class='ocrx_word' id='word_1_422' title='bbox 516 4860 575 4916; x_wconf 88' lang='lat' dir='ltr'><strong>fieri</strong></span> <span class='ocrx_word' id='word_1_423' title='bbox 599 4860 741 4926; x_wconf 82' lang='lat' dir='ltr'><strong>iussimus,</strong></span> <span class='ocrx_word' id='word_1_424' title='bbox 768 4859 881 4929; x_wconf 87' lang='lat' dir='ltr'><strong>quando</strong></span> <span class='ocrx_word' id='word_1_425' title='bbox 906 4877 968 4914; x_wconf 87' lang='lat' dir='ltr'><strong>cunr</strong></span> <span class='ocrx_word' id='word_1_426' title='bbox 991 4859 1076 4913; x_wconf 81' lang='lat' dir='ltr'><strong>fratre</strong></span> <span class='ocrx_word' id='word_1_427' title='bbox 1102 4859 1197 4912; x_wconf 81' lang='lat' dir='ltr'><strong>nostro</strong></span> <span class='ocrx_word' id='word_1_428' title='bbox 1221 4855 1353 4912; x_wconf 68' lang='lat' dir='ltr'><strong>lauthario</strong></span> <span class='ocrx_word' id='word_1_429' title='bbox 1375 4855 1452 4927; x_wconf 89' lang='lat' dir='ltr'><strong>apud</strong></span> <span class='ocrx_word' id='word_1_430' title='bbox 1468 4855 1634 4913; x_wconf 79' lang='lat' dir='ltr'><strong>Valentinus</strong></span> <span class='ocrx_word' id='word_1_431' title='bbox 1657 4857 1742 4914; x_wconf 85' lang='lat' dir='ltr'><strong>locuti</strong></span> <span class='ocrx_word' id='word_1_432' title='bbox 1766 4860 1877 4916; x_wconf 82' lang='lat' dir='ltr'><strong>tuimur.</strong></span> 
     </span>
    </p>
   </div>
   <div class='ocr_carea' id='block_1_8' title="bbox 258 4947 641 5006">
    <p class='ocr_par' dir='ltr' id='par_1_11' title="bbox 258 4947 641 5006">
     <span class='ocr_line' id='line_1_39' title="bbox 258 4947 641 5006; baseline -0.008 -1"><span class='ocrx_word' id='word_1_433' title='bbox 258 4949 353 5006; x_wconf 87' lang='lat' dir='ltr'><strong>Nostri</strong></span> <span class='ocrx_word' id='word_1_434' title='bbox 371 4948 494 5004; x_wconf 86' lang='lat' dir='ltr'><strong>seniores</strong></span> <span class='ocrx_word' id='word_1_435' title='bbox 509 4947 565 5004; x_wconf 81' lang='lat' dir='ltr'><strong>rell.</strong></span> <span class='ocrx_word' id='word_1_436' title='bbox 582 4964 604 5002; x_wconf 88' lang='lat' dir='ltr'><strong>o.</strong></span> <span class='ocrx_word' id='word_1_437' title='bbox 618 4950 641 5003; x_wconf 88' lang='lat' dir='ltr'><strong>l.</strong></span> 
     </span>
    </p>
   </div>
   <div class='ocr_carea' id='block_1_9' title="bbox 215 5151 1879 5308">
    <p class='ocr_par' dir='ltr' id='par_1_12' title="bbox 215 5151 1879 5308">
     <span class='ocr_line' id='line_1_40' title="bbox 361 5151 1877 5226; baseline -0.003 -13"><span class='ocrx_word' id='word_1_438' title='bbox 361 5159 389 5226; x_wconf 84' lang='lat' dir='ltr'><strong>a)</strong></span> <span class='ocrx_word' id='word_1_439' title='bbox 409 5163 439 5212; x_wconf 91' lang='lat' dir='ltr'><strong>lu</strong></span> <span class='ocrx_word' id='word_1_440' title='bbox 526 5163 632 5212; x_wconf 74' lang='lat' dir='ltr'><strong>rsxorra</strong></span> <span class='ocrx_word' id='word_1_441' title='bbox 646 5157 673 5222; x_wconf 77' lang='lat'><strong>13</strong></span> <span class='ocrx_word' id='word_1_442' title='bbox 690 5157 864 5210; x_wconf 62' lang='lat' dir='ltr'><strong>recewiooimo</strong></span> <span class='ocrx_word' id='word_1_443' title='bbox 876 5172 957 5206; x_wconf 79' lang='lat' dir='ltr'><strong>mona</strong></span> <span class='ocrx_word' id='word_1_444' title='bbox 968 5153 1171 5220; x_wconf 62' lang='lat' dir='ltr'><strong>asporacius.</strong></span> <span class='ocrx_word' id='word_1_445' title='bbox 1243 5151 1371 5218; x_wconf 77' lang='lat' dir='ltr'><strong>b)om.2.</strong></span> <span class='ocrx_word' id='word_1_446' title='bbox 1441 5151 1466 5218; x_wconf 92' lang='lat' dir='ltr'><strong>c)</strong></span> <span class='ocrx_word' id='word_1_447' title='bbox 1480 5155 1621 5207; x_wconf 81' lang='lat' dir='ltr'><strong>commissis</strong></span> <span class='ocrx_word' id='word_1_448' title='bbox 1633 5156 1655 5208; x_wconf 85' lang='lat' dir='ltr'><strong>si</strong></span> <span class='ocrx_word' id='word_1_449' title='bbox 1669 5154 1691 5207; x_wconf 92' lang='lat' dir='ltr'><strong>l.</strong></span> <span class='ocrx_word' id='word_1_450' title='bbox 1760 5157 1877 5222; x_wconf 74' lang='lat' dir='ltr'><strong>dlaam-</strong></span> 
     </span>
     <span class='ocr_line' id='line_1_41' title="bbox 215 5237 1879 5308; baseline -0.005 -6"><span class='ocrx_word' id='word_1_451' title='bbox 215 5266 241 5305; x_wconf 81' lang='lat' dir='ltr'><strong>so</strong></span> <span class='ocrx_word' id='word_1_452' title='bbox 259 5245 520 5300; x_wconf 67' lang='lat' dir='ltr'><strong>morasmoras.</strong></span> <span class='ocrx_word' id='word_1_453' title='bbox 606 5245 630 5308; x_wconf 84' lang='lat' dir='ltr'><strong>e)</strong></span> <span class='ocrx_word' id='word_1_454' title='bbox 648 5261 716 5296; x_wconf 91' lang='lat' dir='ltr'><strong>unus</strong></span> <span class='ocrx_word' id='word_1_455' title='bbox 735 5243 757 5294; x_wconf 90' lang='grc'><strong>1.</strong></span> <span class='ocrx_word' id='word_1_456' title='bbox 770 5243 795 5296; x_wconf 87' lang='grc'><strong>3.</strong></span> <span class='ocrx_word' id='word_1_457' title='bbox 876 5241 900 5305; x_wconf 88' lang='lat' dir='ltr'><strong>i)</strong></span> <span class='ocrx_word' id='word_1_458' title='bbox 921 5241 1052 5293; x_wconf 79' lang='lat' dir='ltr'><strong>missatied</strong></span> <span class='ocrx_word' id='word_1_459' title='bbox 1070 5237 1095 5292; x_wconf 80' lang='lat'><strong>³.</strong></span> <span class='ocrx_word' id='word_1_460' title='bbox 1174 5239 1203 5307; x_wconf 81' lang='lat' dir='ltr'><strong>g)</strong></span> <span class='ocrx_word' id='word_1_461' title='bbox 1222 5239 1434 5308; x_wconf 80' lang='lat' dir='ltr'><strong>occupationibus</strong></span> <span class='ocrx_word' id='word_1_462' title='bbox 1451 5237 1475 5292; x_wconf 87' lang='grc'><strong>3.</strong></span> <span class='ocrx_word' id='word_1_463' title='bbox 1488 5238 1513 5306; x_wconf 84' lang='lat'><strong>4,</strong></span> <span class='ocrx_word' id='word_1_464' title='bbox 1532 5241 1587 5294; x_wconf 75' lang='lat' dir='ltr'><strong>cod</strong></span> <span class='ocrx_word' id='word_1_465' title='bbox 1601 5241 1731 5296; x_wconf 80' lang='lat' dir='ltr'><strong>Belloooc.</strong></span> <span class='ocrx_word' id='word_1_466' title='bbox 1745 5243 1879 5296; x_wconf 77' lang='lat' dir='ltr'><strong>Sirosouds&#39;</strong></span> 
     </span>
    </p>
   </div>
   <div class='ocr_carea' id='block_1_10' title="bbox 258 5331 626 5404">
    <p class='ocr_par' dir='ltr' id='par_1_13' title="bbox 258 5331 626 5404">
     <span class='ocr_line' id='line_1_42' title="bbox 258 5331 626 5404; baseline -0.019 -15"><span class='ocrx_word' id='word_1_467' title='bbox 258 5337 285 5402; x_wconf 87' lang='lat' dir='ltr'><strong>b)</strong></span> <span class='ocrx_word' id='word_1_468' title='bbox 303 5335 440 5404; x_wconf 77' lang='lat' dir='ltr'><strong>adimplere</strong></span> <span class='ocrx_word' id='word_1_469' title='bbox 457 5333 534 5386; x_wconf 80' lang='lat' dir='ltr'><strong>iidem</strong></span> <span class='ocrx_word' id='word_1_470' title='bbox 551 5331 626 5384; x_wconf 80' lang='lat' dir='ltr'><strong>codd.</strong></span> 
     </span>
    </p>
   </div>
   <div class='ocr_carea' id='block_1_11' title="bbox 257 5529 1877 5814">
    <p class='ocr_par' dir='ltr' id='par_1_14' title="bbox 257 5529 1877 5814">
     <span class='ocr_line' id='line_1_43' title="bbox 363 5529 1877 5608; baseline 0.003 -19"><span class='ocrx_word' id='word_1_471' title='bbox 363 5531 1057 5608; x_wconf 64' lang='lat' dir='ltr'><strong>1)Gfr.rlls&#39;ttbcitasrpond.1nst.s.obtow.61t,</strong></span> <span class='ocrx_word' id='word_1_472' title='bbox 1078 5529 1302 5601; x_wconf 59' lang='lat' dir='ltr'><strong>Keneston</strong></span> <span class='ocrx_word' id='word_1_473' title='bbox 1390 5532 1419 5598; x_wconf 77' lang='lat'><strong>2)</strong></span> <span class='ocrx_word' id='word_1_474' title='bbox 1437 5531 1503 5588; x_wconf 78' lang='lat' dir='ltr'><strong>Vr&#39;clo</strong></span> <span class='ocrx_word' id='word_1_475' title='bbox 1525 5548 1611 5602; x_wconf 74' lang='lat' dir='ltr'><strong>supro</strong></span> <span class='ocrx_word' id='word_1_476' title='bbox 1627 5535 1741 5600; x_wconf 58' lang='lat' dir='ltr'><strong>arcos,</strong></span> <span class='ocrx_word' id='word_1_477' title='bbox 1756 5539 1877 5608; x_wconf 76' lang='lat' dir='ltr'><strong>plbsq.</strong></span> 
     </span>
     <span class='ocr_line' id='line_1_44' title="bbox 257 5635 1877 5712; baseline 0.006 -12"><span class='ocrx_word' id='word_1_478' title='bbox 257 5641 520 5712; x_wconf 63' lang='lat' dir='ltr'><strong>amaricatos·</strong></span> <span class='ocrx_word' id='word_1_479' title='bbox 545 5639 592 5706; x_wconf 75' lang='lat' dir='ltr'><strong>cfr.</strong></span> <span class='ocrx_word' id='word_1_480' title='bbox 613 5655 699 5708; x_wconf 75' lang='lat' dir='ltr'><strong>sorra</strong></span> <span class='ocrx_word' id='word_1_481' title='bbox 722 5637 994 5706; x_wconf 56' lang='lat' dir='ltr'><strong>mmo-liuo-</strong></span> <span class='ocrx_word' id='word_1_482' title='bbox 1103 5635 1877 5708; x_wconf 72' lang='lat' dir='ltr'><strong>4)coao.ap.varestan.ssa,aapmp.rs,11ma</strong></span> 
     </span>
     <span class='ocr_line' id='line_1_45' title="bbox 260 5738 1876 5814; baseline -0.001 -13"><span class='ocrx_word' id='word_1_483' title='bbox 260 5745 383 5802; x_wconf 70' lang='lat' dir='ltr'><strong>Adsunt</strong></span> <span class='ocrx_word' id='word_1_484' title='bbox 407 5761 430 5800; x_wconf 88' lang='lat' dir='ltr'><strong>c.</strong></span> <span class='ocrx_word' id='word_1_485' title='bbox 450 5747 472 5798; x_wconf 88' lang='lat'><strong>1.</strong></span> <span class='ocrx_word' id='word_1_486' title='bbox 576 5747 604 5812; x_wconf 81' lang='lat' dir='ltr'><strong>b)</strong></span> <span class='ocrx_word' id='word_1_487' title='bbox 629 5741 865 5814; x_wconf 71' lang='lat' dir='ltr'><strong>Franco-pollice:</strong></span> <span class='ocrx_word' id='word_1_488' title='bbox 889 5741 1010 5810; x_wconf 81' lang='lat' dir='ltr'><strong>porolcr,</strong></span> <span class='ocrx_word' id='word_1_489' title='bbox 1033 5741 1139 5809; x_wconf 59' lang='lat' dir='ltr'><strong>poclm</strong></span> <span class='ocrx_word' id='word_1_490' title='bbox 1164 5739 1212 5807; x_wconf 73' lang='lat' dir='ltr'><strong>oft.</strong></span> <span class='ocrx_word' id='word_1_491' title='bbox 1238 5739 1316 5808; x_wconf 72' lang='lat' dir='ltr'><strong>Dios,</strong></span> <span class='ocrx_word' id='word_1_492' title='bbox 1345 5739 1416 5795; x_wconf 82' lang='lat' dir='ltr'><strong>WB.</strong></span> <span class='ocrx_word' id='word_1_493' title='bbox 1438 5738 1463 5795; x_wconf 86' lang='lat' dir='ltr'><strong>d.</strong></span> <span class='ocrx_word' id='word_1_494' title='bbox 1486 5755 1551 5795; x_wconf 75' lang='lat' dir='ltr'><strong>rona</strong></span> <span class='ocrx_word' id='word_1_495' title='bbox 1572 5740 1632 5810; x_wconf 76' lang='lat' dir='ltr'><strong>Sps.</strong></span> <span class='ocrx_word' id='word_1_496' title='bbox 1651 5741 1678 5809; x_wconf 87' lang='lat'><strong>1,</strong></span> <span class='ocrx_word' id='word_1_497' title='bbox 1700 5759 1720 5796; x_wconf 81' lang='lat' dir='ltr'><strong>s.</strong></span> <span class='ocrx_word' id='word_1_498' title='bbox 1733 5759 1754 5797; x_wconf 88' lang='lat' dir='ltr'><strong>o.</strong></span> <span class='ocrx_word' id='word_1_499' title='bbox 1769 5745 1876 5812; x_wconf 80' lang='lat' dir='ltr'><strong>parato.</strong></span> 
     </span>
    </p>
   </div>
   <div class='ocr_carea' id='block_1_12' title="bbox 0 0 2284 6423">
    <p class='ocr_par' dir='ltr' id='par_1_15' title="bbox 0 0 2284 6423">
     <span class='ocr_line' id='line_1_46' title="bbox 0 0 2284 6423; baseline 0 0"><span class='ocrx_word' id='word_1_500' title='bbox 0 0 2284 6423; x_wconf 95' lang='lat' dir='ltr'><strong> </strong></span> 
     </span>
    </p>
   </div>
  </div>
 </body>
</html>
