4568 6420
400 439 462 500 506
630 433 874 489 ueneramus
894 434 939 487 DE
960 433 1127 488 ltllGltllllS
1149 433 1193 486 lli*
1214 432 1465 488 lNGltltblllhl'llS
1484 435 1565 488 aaa.
1586 433 1681 488 ECGlr.
1701 436 1776 490 aaa

399 629 529 693 ymnos;
556 609 648 692 isque
676 608 806 672 modum
831 609 964 672 visionis
988 609 1212 674 Antiochense
1243 608 1415 673 tradidisse
1445 608 1600 695 probatur
1624 609 1796 686 ccclesiae,
1829 615 1861 671 ct
1885 632 1925 674 ex
1958 610 2020 674 hoo

400 712 439 775 ad
466 717 600 776 cunctas
623 712 772 776 transivit
796 710 975 776 ecclesias'
1014 711 1202 776 Notandum
1227 719 1335 776 autern
1356 733 1470 796 ymnos
1494 712 1558 776 dici
1582 733 1645 776 non
1670 719 1806 788 tanturn,
1831 715 1884 796 qui
1908 716 2021 777 metris

400 817 451 880 vel
476 815 600 879 rithmis
625 815 811 894 decurrunt,
836 816 950 899 quales
968 823 1220 900 composuerunt
1237 814 1428 878 Ambrosius
1453 815 1504 880 etd
1529 815 1674 879 Hilarius
1684 826 1706 894 ⁰,
1731 815 1823 879 Beda
1839 817 2020 901 Anglorum

400 918 585 1005 presbyterf
610 925 643 983 et
665 918 861 982 Prudentius
889 919 1123 1004 Hispaniarum
1147 919 1339 982 scolasticus
1365 925 1397 982 et
1426 919 1479 982 alii
1504 919 1608 997 multi,
1635 940 1746 982 verum
1772 920 1869 982 etiarn
1893 926 2021 985 ceteras

401 1023 615 1102 laudationes,
644 1042 727 1105 quae
753 1022 861 1086 verbis
887 1023 1155 1086 convenientibus
1180 1029 1213 1086 et
1236 1023 1324 1086 sonis
1348 1021 1495 1086 dulcibus
1520 1022 1740 1106 proferuntur:
1771 1022 1857 1086 unde
1881 1031 1914 1088 et
1937 1025 2021 1090 liber

400 1127 600 1211 psalmorum
623 1125 710 1211 apud
725 1125 877 1190 Hebreos
903 1127 984 1192 liber
1007 1147 1175 1210 ymnorum
1193 1133 1335 1189 vocatur.
1373 1124 1416 1188 Et
1432 1127 1579 1209 quamvis
1603 1127 1634 1188 in
1651 1124 1843 1209 quibusdam
1870 1127 2020 1190 ecclesiis

400 1229 488 1312 ymni
522 1230 646 1292 metrici
678 1250 742 1293 non
769 1236 956 1308 cantentur,
987 1236 1094 1292 tamen
1123 1230 1156 1292 in
1186 1229 1335 1292 omnibus
1359 1229 1556 1312 generales&
1583 1230 1685 1314 ymni,
1717 1227 1771 1291 id¹¹
1800 1227 1871 1291 cst¹¹
1894 1229 2020 1308 leudes,

400 1329 563 1396 dicuntur.
604 1331 792 1396 (tentandos
817 1334 916 1397 etiarn
939 1333 1023 1410 illos,
1048 1332 1102 1416 qui
1126 1332 1271 1415 legitime
1295 1315 1542 1416 componuntur,
1567 1329 1717 1393 Toletani
1741 1332 1919 1394 auotoritas
1943 1353 2020 1396 con-

403 1434 467 1497 cilii
500 1435 642 1499 ostendit
670 1437 754 1499 inter
781 1435 844 1499 alia
874 1437 919 1499 sic
951 1435 1077 1499 dicens:
1108 1427 1178 1498 ‘Et¹
1210 1435 1285 1519 quia
1314 1455 1333 1497 a
1364 1433 1529 1498 nonnullis
1559 1431 1668 1516 ymnid
1700 1453 1816 1517 magno
1850 1434 1956 1498 studio
1988 1436 2021 1498 in

402 1537 532 1601 laudern
559 1537 624 1604 Dei
654 1545 751 1623 atque
782 1539 1002 1623 apostolorum
1038 1543 1070 1602 et
1104 1545 1281 1622 martyrum
1314 1535 1494 1621 triumphos
1522 1537 1693 1620 compositi
1728 1557 1801 1600 csse
1832 1545 2019 1618 noscuntur,

400 1641 483 1704 sieut
512 1641 600 1705 sunt¹
629 1642 675 1720 hi,
707 1663 787 1727 quos
817 1642 998 1706 beatissimi
1029 1641 1180 1705 doctores
1204 1641 1350 1704 Hilarius
1380 1652 1476 1723 atque
1502 1639 1694 1702 Ambrosius
1724 1638 1909 1720 ediderunt,
1941 1662 2022 1726 quos

401 1749 510 1808 tamen
534 1744 665 1829 quidam
690 1745 877 1828 specialiter
901 1745 1079 1831 reprobant
1101 1743 1180 1829 prod
1205 1765 1254 1818 eo,
1285 1742 1370 1828 quod
1394 1741 1435 1806 de
1459 1743 1627 1828 scripturis
1651 1749 1837 1806 sanctorum
1861 1764 2021 1809 canonum

401 1846 474 1910 velt
498 1847 675 1933 apostolica
691 1847 865 1912 traditione
890 1869 953 1912 non
971 1848 1130 1912 existunt:
1156 1844 1332 1932 respuant*
1348 1865 1432 1929 ergo.
1451 1845 1590 1908 stillum
1607 1865 1738 1929 ymnum
1762 1846 1803 1910 ah
1822 1847 2023 1914 hominibus¹

402 1952 630 2036 compositum,
661 1971 757 2035 quem
786 1951 903 2015 cotidie
937 1951 1068 2036 publico
1104 1952 1295 2037 privatoque
1327 1950 1461 2013 osficio¹¹¹
1495 1950 1527 2013 in
1555 1949 1619 2012 fine
1649 1949 1791 2012 omnium
1825 1952 2022 2035 psalmorum

402 2053 554 2118 dicimus:
587 2053 723 2118 “Gloria
746 2061 779 2118 et
807 2055 910 2119 honor
932 2054 1021 2119 Patri
1045 2063 1078 2118 et
1101 2054 1183 2118 Filio
1214 2063 1246 2118 et
1276 2052 1409 2138 Spiritui
1442 2061 1554 2116 sancto
1586 2053 1617 2115 in
1647 2054 1779 2117 saecula
1808 2056 2021 2136 saeculorum,

401 2155 527 2222 amen.”
574 2156 656 2221 uste
680 2166 713 2222 et
736 2158 790 2222 ille
815 2178 945 2242 ymnus,
969 2179 1065 2242 quem
1089 2163 1166 2221 nato
1189 2159 1222 2221 in
1247 2177 1343 2220 carne
1368 2155 1498 2220 Christo
1522 2156 1630 2240 angeli
1654 2157 1856 2221 cecinerunt:
1889 2157 2023 2223 “Gloria

403 2260 435 2323 in
467 2261 608 2324 excelsis
637 2260 709 2324 Deo
746 2267 778 2324 ct
811 2263 843 2324 in
873 2267 960 2324 terra
993 2281 1060 2345 pax
1095 2259 1278 2323 hominihus
1309 2258 1415 2323 bonae
1444 2256 1663 2333 voluntatis”;
1697 2260 1836 2343 reliqua,
1867 2282 1950 2346 quae
1977 2262 2023 2326 ihi
2119 2257 2121 2260 ’

404 2371 593 2448 sequuntur,
624 2363 839 2428 ecclesiastici
862 2363 1013 2428 doctores
1044 2368 1306 2449 composuerunt.
1352 2361 1439 2446 Ergo
1469 2382 1530 2425 nec
1553 2362 1616 2446 ipsi
1646 2362 1678 2424 in
1707 2362 1856 2427 ecclesiis
1886 2365 2023 2430 canendi

303 2489 311 2506 ·
404 2476 489 2545 sunt,
513 2469 589 2553 quia
612 2469 645 2531 in
668 2474 854 2532 sanctarum
879 2469 1113 2553 scripturarum
1136 2467 1228 2531 libris
1252 2487 1314 2530 non
1337 2466 1566 2530 inveniuntur?
1612 2457 1877 2550 Gomponuntur²
1905 2469 2023 2534 missae

402 2570 470 2635 sive
495 2593 609 2656 preces
633 2572 687 2636 vel
711 2572 874 2636 orationes
898 2572 966 2635 sire
984 2570 1282 2634 commendationes
1307 2579 1385 2632 seu⁰
1407 2588 1523 2632 manus
1547 2569 1802 2653 impositiones0,
1827 2591 1869 2634 ex
1893 2573 2020 2656 quibus,
2049 2601 2076 2641 ao

402 2675 429 2737 si
455 2674 545 2738 nulla
572 2675 786 2739 decantantur
809 2677 841 2739 in
872 2674 1025 2755 ecclesia,
1055 2680 1194 2739 vacante
1225 2674 1352 2737 ofliciaq
1384 2673 1493 2736 omnia
1523 2670 1764 2736 ecclesiastica)
1820 2672 1881 2737 His
1915 2675 2022 2740 verbis

403 2778 587 2842 ostenditur
610 2780 711 2844 multe
734 2780 767 2842 in
791 2780 930 2843 ecclesia
954 2780 1081 2842 noviter
1103 2779 1263 2864 componi,
1294 2798 1377 2860 quae
1400 2796 1464 2839 non
1489 2775 1581 2852 siner,
1610 2776 1637 2838 si
1660 2795 1679 2839 a
1703 2774 1766 2840 tide
1791 2778 1935 2842 veritatis
1959 2799 2024 2843 non

402 2881 610 2961 abhorreant,
634 2881 814 2947 abicienda.
849 2881 950 2945 Porro
966 2883 1052 2968 ymni
1071 2884 1198 2948 metrici
1221 2904 1258 2946 ac
1276 2881 1416 2945 rithmioi
1439 2881 1471 2943 in
1488 2879 1714 2944 Ambrosianis
1732 2881 1846 2944 officiis
1864 2881 2023 2962 dicuntur,

401 3005 481 3069 quos
510 2987 609 3049 etiam
640 2986 740 3070 aliqui
770 2987 801 3050 in
824 2987 996 3051 missarum
1024 2987 1201 3051 sollemniis
1233 2992 1366 3071 propter
1397 2982 1652 3067 compunctionis
1683 2985 1838 3068 gratiam,
1869 3006 1953 3070 quae
1982 3007 2024 3050 ex

402 3085 573 3153 dulcedine
613 3091 769 3154 concinna
806 3098 958 3174 augetur,
994 3089 1158 3154 interdum
1194 3109 1362 3153 assumere
1398 3093 1619 3151 consuerunt·
1675 3086 1828 3152 Traditur
1862 3089 2020 3173 siquidem
2049 3117 2075 3157 sa

400 3189 573 3255 Paulinum
606 3191 852 3257 Foroiulcnscm
890 3191 1109 3277 patriarcham
1145 3193 1275 3276 saepius
1310 3197 1342 3256 et
1376 3191 1518 3255 maxime
1554 3191 1587 3253 in
1621 3191 1757 3275 privatis
1791 3192 1900 3256 missis
1938 3194 2024 3257 circa

401 3293 656 3359 immolationem
684 3302 960 3360 sacramentorum
984 3317 1100 3381 ymnos
1129 3297 1182 3361 vel
1212 3297 1253 3360 ab
1281 3296 1355 3360 aliis
1379 3297 1490 3360 vel‘e
1521 3316 1556 3359 se
1586 3287 1803 3380 compositos³
1827 3296 2023 3362 celebrasse.

401 3395 471 3481 Ego
495 3419 573 3464 vero
597 3398 787 3463 crediderim
812 3407 938 3462 tentum
961 3407 1138 3485 tantaeque
1163 3400 1321 3462 scientiae
1345 3399 1448 3462 virum
1473 3397 1532 3463 hoe
1555 3419 1616 3463 nco
1646 3401 1716 3463 sine
1744 3401 1938 3466 auctoritate
1961 3423 2022 3466 nec

402 3501 472 3565 sine
496 3502 632 3566 rationis
656 3502 912 3587 ponderationeu
935 3502 1065 3569 fecisse.
1102 3501 1141 3566 In
1164 3503 1279 3567 officiis
1302 3523 1443 3588 quoque,
1467 3522 1550 3586 quae
1575 3503 1690 3567 beatus
1713 3502 1912 3586 Benedictus
1937 3505 2022 3570 abba

402 3604 487 3667 omni
511 3605 687 3669 sanctitate
711 3607 906 3692 praecipuus
930 3603 1099 3684 ordinavit,
1131 3607 1221 3691 ymni
1244 3604 1394 3669 dicuntur
1418 3625 1477 3691 per
1498 3606 1595 3670 horas
1619 3607 1801 3684 canonicas,
1826 3628 1906 3693 quos
1929 3610 2020 3694 ipsev
2048 3642 2074 3680 ω

401 3706 636 3772 Ambrosianos
660 3699 852 3773 nominans4
870 3709 921 3774 vel
944 3709 1016 3772 illos
1039 3708 1108 3772 vult
1131 3710 1287 3794 intellegi,
1312 3729 1393 3793 quos
1417 3709 1558 3773 confecit
1572 3709 1776 3788 Ambrosius,
1800 3711 1852 3774 vel
1876 3712 1957 3776 alios
1980 3714 2022 3777 ad

401 3810 614 3875 imitationem
637 3811 927 3876 Ambrosianorum
952 3812 1157 3896 compositos.
1193 3810 1369 3876 Sciendum
1385 3818 1495 3876 tamen
1517 3812 1635 3876 multos
1659 3815 1765 3897 putari
1791 3812 1830 3877 ah
1847 3814 2021 3880 Ambrosio

400 3914 515 3994 factos,
540 3916 593 3999 qui
616 3936 821 4000 nequaquam
844 3915 885 3980 ah
910 3916 966 3979 illo
989 3921 1064 3980 sunt
1088 3916 1176 3981 aditi.
1210 3915 1406 3980 Incredibile
1432 3915 1517 3980 enirn
1533 3916 1661 3981 videtur
1682 3918 1773 3981 illum
1797 3918 1879 3982 tales
1896 3919 2022 4004 aliquos

400 4017 527 4101 fecisse,
558 4020 673 4103 quales
702 4019 792 4083 multi
816 4019 1033 4099 inveniuntur,
1063 4019 1095 4083 id
1119 4020 1245 4104 estqui
1275 4020 1397 4084 nullam
1426 4041 1542 4084 sensus
1567 4021 1833 4106 consequentiam
1862 4021 2023 4090 habentes

400 4121 566 4185 insolitam
588 4122 760 4188 Ambrosio
792 4123 824 4186 in
853 4123 933 4208 ipsis
964 4121 1159 4188 dictionibus
1191 4123 1404 4186 rusticitatem
1438 4122 1673 4188 demonstrant.
1726 4121 1908 4188 Dicendum
1943 4148 2020 4191 vero
2049 4159 2074 4199 ³⁵

401 4221 441 4287 de
464 4245 574 4309 ymno,
605 4227 659 4310 qui
683 4227 723 4290 oh
747 4226 905 4291 honorem
928 4233 1060 4292 sanctae
1091 4233 1124 4291 et
1154 4227 1270 4291 unicae
1301 4226 1457 4290 trinitatis
1487 4226 1601 4290 officiis
1627 4226 1778 4290 omnihus
1807 4227 2023 4311 interseritur,

402 4345 476 4389 eum
499 4347 519 4390 a
541 4329 663 4392 sanctis
693 4328 840 4414 patribus
864 4330 960 4394 aliter
991 4337 1088 4415 atque
1120 4331 1215 4394 aliter
1238 4329 1431 4393 ordinatum.
1477 4328 1561 4392 Nam
1585 4330 1735 4415 Hispani,
1766 4331 1850 4394 sicut
1873 4334 2023 4418 superius

401 4432 723 4495 commemoravimus
735 4423 758 4510 ⁵,
781 4432 827 4495 ita
851 4453 925 4496 eum
948 4433 1012 4497 dici
1036 4433 1225 4498 omnimodis
1250 4434 1436 4508 voluerunt;
1462 4432 1558 4496 Greci
1582 4440 1704 4497 autem:
1730 4432 1854 4498 ‘Gloria
1878 4433 1966 4499 Petri
1991 4442 2024 4500 et

400 4533 483 4597 Filio
506 4541 539 4598 ct
553 4533 689 4620 Spiritui
713 4541 825 4600 sancto
844 4543 904 4600 etw
927 4558 1013 4601 nunc
1037 4544 1070 4602 et
1093 4557 1222 4621 semper
1245 4543 1279 4600 et
1301 4537 1333 4599 in
1351 4535 1483 4600 saecula
1499 4536 1714 4618 saeculomm,
1738 4534 1870 4601 amcnw'
1894 4537 2024 4603 dicere¹

400 4644 653 4721 cognoscuntur3
682 4638 792 4702 Latini
821 4661 898 4704 vero
929 4640 1045 4705 eodem
1074 4640 1186 4704 ordine
1218 4645 1251 4703 et
1280 4639 1405 4704 eisdem
1429 4638 1537 4702 verbis
1569 4638 1653 4703 hunc
1685 4660 1815 4723 ymnum
1845 4640 2021 4712 decantant
2048 4671 2076 4711 ιο

401 4740 562 4806 addentes
598 4747 723 4805 tanturn
755 4743 786 4805 in
816 4742 936 4807 medio:
970 4734 1086 4808 ‘sicut⁶
1117 4749 1188 4807 erat
1218 4742 1251 4806 in
1284 4739 1469 4827 principio’;
1494 4762 1551 4826 pro
1580 4741 1696 4827 quibus
1726 4743 1824 4806 etiam
1855 4744 2024 4827 particulis

503 4899 529 4963 d)
548 4915 596 4949 one.
616 4897 641 4950 3.
716 4897 741 4962 e)
760 4906 785 4950 et
804 4899 866 4951 cdd.
885 4897 961 4952 3-5.
1044 4899 1069 4963 f)
1089 4906 1161 4966 pater
1178 4896 1203 4950 3.
1284 4901 1312 4964 g)
1330 4915 1343 4949 a
1360 4899 1513 4965 generaliter
1530 4915 1598 4949 corr.
1616 4897 1640 4948 4.
1715 4895 1744 4964 h)
1762 4915 1810 4949 om.
1829 4899 1854 4949 b.
1936 4901 1956 4964 i)
1974 4917 2022 4952 om.

398 4983 423 5036 4.
436 4985 461 5050 5,
482 4985 557 5036 Corra.
569 4985 609 5036 cit.
690 4986 719 5051 k)
738 4993 864 5052 respuunt
882 4985 906 5038 2.
986 4985 1005 5048 l)
1025 4983 1276 5038 omnibus1-3.5.
1356 4982 1392 5050 m)
1411 4985 1547 5049 officioque
1561 4981 1586 5036 2.
1665 4984 1693 5047 n)
1712 4986 1757 5036 sad
1774 4983 1799 5036 3.
1878 4985 1904 5051 o)
1922 5001 2022 5037 seu...

398 5073 508 5140 imposit.
527 5089 574 5123 om.
594 5071 619 5123 5.
719 5072 745 5138 p)
764 5081 860 5124 vocam
877 5071 900 5123 4.
920 5071 943 5124 5.
1050 5072 1076 5138 q)
1096 5075 1182 5124 omnia
1200 5073 1287 5123 officia
1306 5069 1329 5122 3.
1348 5071 1373 5122 4.
1477 5070 1499 5134 r)
1518 5087 1531 5122 c
1550 5080 1611 5122 sunt
1629 5090 1695 5124 corr.
1715 5074 1744 5138 4?
1762 5075 1814 5125 sint
1832 5089 1902 5124 cor-r.
1919 5081 1980 5123 sunt
1997 5072 2022 5124 5.

398 5159 420 5223 s)
439 5164 630 5210 consueverunt
647 5156 671 5208 3.
684 5157 707 5209 4.
778 5160 799 5218 t)
818 5167 843 5209 ct
861 5157 886 5210 4.
899 5158 923 5210 5.
998 5159 1026 5224 u)
1045 5177 1058 5209 c
1078 5160 1189 5226 pondere
1209 5177 1274 5210 corr.
1289 5157 1450 5208 increatas.
1527 5157 1556 5221 v)
1576 5158 1692 5209 Ambros.
1712 5159 1765 5225 ipse
1783 5157 1807 5210 3.
1884 5157 1919 5224 w)
1939 5168 2020 5210 et...
2048 5188 2075 5226 45

398 5261 474 5297 amen
492 5246 519 5294 ia
537 5262 618 5310 mar-y.
641 5243 662 5295 1.
751 5243 780 5310 x)
798 5246 881 5296 dicere
900 5262 1018 5312 cognosc.
1037 5263 1085 5297 om.
1104 5245 1129 5298 3.

502 5382 527 5448 l)
547 5379 624 5434 Corae.
647 5357 725 5434 Tolct.
747 5380 796 5447 IV,
815 5397 837 5434 o.
853 5382 893 5448 13,
913 5380 1008 5434 Marcei
1028 5380 1064 5449 X,
1083 5382 1129 5435 col.
1142 5381 1255 5449 622eq.:
1275 5380 1312 5434 ut
1329 5381 1395 5449 quia
1414 5378 1540 5434 nonnulli
1561 5378 1658 5447 hymni
1678 5379 1808 5434 humano.
1895 5380 1923 5447 2)
1943 5379 2023 5434 Gom·

397 5486 541 5553 ponuntur
553 5499 618 5554 ergo
631 5483 737 5551 hymni,
757 5483 829 5538 sicut
842 5487 1047 5553 componuntur
1059 5483 1159 5538 missae
1172 5489 1217 5538 etc.
1237 5483 1315 5538 Gonc.
1335 5483 1379 5537 oi-t.
1458 5484 1485 5552 3)
1507 5482 1561 5548 Csr.
1578 5483 1674 5536 Poetae
1686 5482 1785 5550 Lacr,
1800 5501 1827 5550 p.
1838 5483 1896 5537 124.
1911 5483 2023 5551 13baqq.

397 5589 425 5654 4)
447 5587 502 5655 Osr.
524 5587 585 5656 naq.
599 5587 742 5641 Benedicti
759 5603 779 5642 c.
790 5589 814 5642 9.
829 5590 868 5642 12.
883 5589 923 5642 13.
938 5589 978 5654 17,
996 5587 1036 5643 ed.
1050 5589 1174 5642 Mardara
1187 5603 1215 5654 p.
1231 5588 1282 5642 260
1292 5603 1328 5655 sq.
1348 5588 1407 5641 286.
1426 5587 1478 5639 290
1485 5601 1521 5653 sq.
1540 5587 1634 5654 306aq.
1710 5588 1738 5654 b)
1760 5586 1853 5654 Supra
1869 5587 1916 5640 lia.
1930 5589 2022 5656 lbsqq.

398 5691 424 5760 c)
444 5691 500 5758 cfr.
521 5689 597 5744 coac.
613 5691 673 5746 aaa.
688 5691 725 5745 rr
741 5695 776 5758 (a.
787 5693 859 5759 sao),
877 5707 898 5746 c.
911 5694 935 5758 5,
956 5691 1016 5747 aa.
1033 5691 1109 5746 conc.
1122 5691 1145 5758 r,
1159 5671 1246 5759 agar,-
1266 5690 1406 5758 Knopsur
1424 5689 1441 5743 r.
1460 5705 1481 5742 ο.
1497 5706 1526 5757 p.
1537 5689 1578 5756 rs,
1597 5690 1684 5744 aaa.
2049 5717 2075 5756 a
