4560 6426
418 479 480 542 284
542 477 788 533 carrucarum
808 476 936 532 REGUM
955 477 1138 533 seuuemo
1156 474 1416 530 Oecloauunms
1435 473 1583 543 (llllltOLl
1597 475 1642 545 ll).
1662 505 1693 515 -
1712 474 1761 528 Νι.
1773 476 1831 530 264.
1850 476 1909 530 uuo.

341 658 399 712 856.
420 672 494 715 eum
518 651 684 736 postulare
707 651 884 732 volueritis,
909 672 991 735 quae
1014 650 1054 715 ed
1079 671 1171 715 suum
1196 651 1349 715 honorem
1373 649 1469 715 etad
1492 657 1635 715 vestrum
1658 648 1839 734 profectum
1863 651 2034 735 pertineat,

418 760 552 839 paratus
576 759 626 818 est
649 755 746 819 etiam
769 755 802 819 in
825 754 885 818 hoe
911 754 1088 819 seeundum
1112 760 1252 819 vestram
1283 753 1473 840 petitionem
1501 752 1610 818 faeere
1639 753 1731 818 iuxta
1758 753 1930 818 consilium
1953 753 2033 818 fide-

417 858 496 921 lium
520 879 661 924 suorum.

527 966 555 1026 3.
590 952 746 1026 Mandat³
768 962 876 1042 etiam,
900 968 935 1026 nt
958 960 1168 1027 recordemini
1192 961 1254 1026 Dei
1279 968 1312 1027 et
1334 968 1463 1026 vestrae
1494 960 1740 1026 christianitatis
1770 971 1803 1026 et
1831 961 2033 1027 condoleatis

418 1071 516 1150 atque
539 1065 780 1153 compatiemini
804 1065 878 1130 huie
903 1071 1036 1131 sanetae
1060 1067 1231 1146 ecelesiae,
1254 1085 1337 1151 quae
1367 1073 1401 1130 et
1429 1087 1448 1130 a
1470 1065 1563 1130 vobis
1587 1072 1620 1130 et
1644 1067 1683 1131 ab
1707 1066 1780 1130 aliis
1803 1066 2034 1132 miserabiliter
2066 1113 2079 1150 5

419 1177 469 1233 est
493 1190 650 1256 oppressa
673 1175 707 1236 et
728 1168 938 1255 depraedata,
963 1176 996 1234 et
1017 1189 1101 1254 quae
1125 1168 1366 1234 crudeliter·ex
1387 1169 1491 1234 altera
1506 1173 1599 1255 parte
1616 1170 1823 1254 persequitur
1845 1172 2034 1256 apaganis;

418 1281 451 1336 et
475 1293 537 1337 non
560 1295 617 1337 vos
639 1273 822 1338 dissocietis
846 1273 887 1337 ab
910 1272 1037 1337 unitate
1062 1279 1093 1336 et
1107 1272 1321 1336 unanimitate
1337 1271 1479 1336 fidelium
1497 1271 1572 1351 Dei,
1596 1271 1653 1336 sed
1669 1272 1860 1336 acceleretis
1877 1294 2031 1358 praesen·

418 1374 527 1440 taliter
556 1385 634 1440 vos*
660 1377 707 1441 illi
740 1375 881 1441 adunare
913 1383 947 1440 et
976 1375 1173 1460 coniungere
1202 1374 1273 1439 aliis
1302 1373 1363 1438 Dei
1395 1375 1526 1458 suisque
1556 1374 1707 1439 fidelibus
1738 1374 1779 1439 ad
1809 1374 2034 1442 defensionem

419 1485 551 1544 sanctae
575 1480 735 1545 eeclesiae
759 1485 792 1544 et
815 1501 906 1545 suam
930 1478 1130 1545 fidelitatem.

525 1589 554 1650 4.
590 1583 625 1648 Si
653 1590 760 1649 autem
793 1583 900 1649 dicitis
924 1605 981 1648 vos
1004 1590 1138 1670 propter
1159 1604 1253 1669 pares
1278 1591 1420 1663 vestros,
1454 1584 1507 1668 qui
1531 1589 1722 1669 praesentes
1746 1604 1811 1649 non
1835 1576 1942 1664 sanct,
1972 1585 2034 1649 hoe
2055 1631 2081 1670 ,0

419 1709 481 1752 non
505 1709 602 1774 posse
631 1688 756 1768 facere,
780 1687 929 1762 mandat,
957 1693 992 1751 ut
1015 1708 1089 1765 vos,
1120 1687 1172 1772 qui
1200 1687 1492 1772 inpraesentiarum
1516 1687 1613 1766 estis,
1645 1686 1743 1751 talem
1773 1689 1979 1752 securitatem
2003 1690 2033 1753 ei

418 1791 558 1870 faciatis,
592 1798 627 1856 ut
654 1812 718 1856 non
746 1797 880 1876 propter
907 1791 1004 1855 aliam
1035 1810 1167 1854 causam
1198 1790 1259 1854 hoc
1283 1788 1468 1866 dimittatis,
1500 1788 1583 1875 quod
1613 1810 1672 1875 per
1693 1810 1753 1853 nos
1777 1791 1868 1855 robis
1893 1791 2034 1870 mandat,

418 1893 480 1957 nisi
503 1900 636 1980 propter
658 1894 731 1957 illos
755 1902 882 1958 vestros
907 1915 1012 1980 pares,
1035 1893 1088 1978 qui
1112 1899 1304 1978 praesentes
1334 1915 1399 1958 non
1428 1899 1513 1957 sunt.
1569 1892 1612 1956 Et
1634 1892 1731 1958 facite
1760 1895 1790 1959 ci
1815 1896 2035 1975 securitatem,

419 2003 454 2060 ut
476 1997 549 2062 illos
572 2003 700 2062 vestros
724 2018 820 2083 pares
844 1996 885 2062 ad
901 1996 964 2061 Dei
987 1997 1153 2062 servitium
1180 2003 1213 2059 et
1236 1995 1276 2060 ad
1301 2017 1393 2061 suam
1409 1995 1610 2077 fidelitatem,
1633 1997 1666 2061 in
1683 2005 1839 2082 quantum
1855 1999 2034 2083 potueritis,

419 2101 633 2166 exhortemini
656 2107 688 2164 et
711 2101 907 2166 convertatis
931 2107 981 2176 et,
1010 2101 1035 2164 si
1068 2101 1141 2164 illos
1173 2101 1317 2165 converti
1347 2121 1411 2164 non
1436 2102 1631 2194 potueritis,
1662 2102 1783 2166 vosab
1807 2103 2080 2189 cineardus„

419 2228 484 2270 non
515 2227 572 2271 vos
604 2206 816 2280 subtrahatis;
851 2206 1016 2291 quoniam,
1049 2206 1076 2270 si
1107 2226 1219 2270 omnes
1249 2207 1395 2269 converti
1424 2204 1465 2269 ad
1495 2204 1584 2269 illum
1614 2204 1796 2284 volueritis,
1828 2213 1958 2291 paratus
1986 2212 2037 2271 est

419 2329 476 2374 vos
500 2330 612 2376 omnes
637 2309 815 2376 secundum
839 2316 972 2375 sanctae
996 2311 1156 2375 eeclesiae
1180 2310 1352 2374 utilitatem
1375 2316 1409 2374 et
1432 2331 1525 2375 suum
1549 2309 1764 2380 honoremet
1778 2317 1923 2376 vestrum
1948 2331 2034 2376 eom-

422 2433 550 2478 munem
573 2415 753 2499 profectum
777 2406 946 2499 recipere⁵
968 2422 1002 2479 et
1025 2415 1152 2478 salvare
1176 2420 1209 2478 et
1231 2413 1438 2478 honorabiles
1455 2434 1586 2499 semper
1601 2412 1722 2478 habere
1739 2422 1772 2478 et
1787 2415 1866 2478 nulli
1883 2435 2036 2501 umquam

419 2517 593 2603 imputare,
622 2518 833 2604 inquantum
862 2517 902 2582 ad
926 2539 961 2581 se
984 2517 1137 2602 pertinet,
1170 2515 1320 2601 quiequid
1352 2516 1564 2600 neglegenter
1593 2515 1715 2580 laetum
1744 2515 1870 2581 habetis
1901 2516 1942 2582 de
1965 2519 2036 2583 eius

419 2619 550 2686 servitio
574 2626 631 2685 aut
652 2620 685 2685 in
709 2620 773 2685 ista
796 2642 896 2686 causa
919 2626 1031 2685 contra
1054 2619 1144 2684 illum
1168 2619 1292 2704 egistis.
2056 2667 2083 2707 ,0

527 2728 556 2789 5.
591 2722 635 2787 Et
664 2723 796 2788 mandat
819 2724 927 2803 vobis,
957 2725 1050 2810 quia,
1081 2730 1254 2810 postquam
1279 2729 1420 2787 vestram
1451 2721 1641 2788 fidelitatem
1672 2725 1875 2808 cognoverit,
1904 2745 2038 2790 securos

420 2829 518 2892 etiam
541 2848 599 2893 vos
626 2827 724 2894 faciet
753 2848 795 2892 ex
824 2848 883 2892 sua
909 2833 1018 2913 parte,
1054 2825 1140 2912 quod
1172 2825 1251 2891 nulli
1286 2824 1406 2891 debeat
1435 2832 1587 2910 reputare
1619 2826 1693 2904 hoe,
1726 2825 1810 2912 quod
1841 2849 1921 2912 erga
1946 2829 2037 2893 illum

418 2932 635 3018 neglegenter
661 2931 731 3017 egit
754 2931 787 2995 in
810 2930 871 2996 hae
895 2951 1008 3003 causa;
1037 2931 1083 2995 ita
1105 2935 1230 3009 tamen,
1259 2930 1286 2994 si
1310 2951 1366 2994 vos
1395 2949 1523 3015 quoque
1547 2951 1626 3014 erga
1649 2928 1740 2994 illum
1763 2929 1911 2995 debitum
1935 2931 2037 2996 hono-

419 3056 487 3100 rem
510 3042 544 3101 et
567 3035 709 3100 debitam
732 3033 925 3100 fidelitatem
951 3033 1222 3100 conservaveritis
1246 3034 1330 3098 sicut
1352 3033 1415 3098 Dei
1438 3031 1552 3118 suique
1575 3025 1721 3100 fidelesl.

527 3139 557 3201 6.
592 3137 635 3203 Et
658 3138 685 3204 si
709 3139 818 3222 aliqua
840 3159 914 3224 pars
936 3160 979 3205 ex
1002 3137 1093 3203 vobis
1116 3138 1158 3204 ad
1181 3139 1252 3204 eius
1275 3139 1472 3204 senioratum
1497 3143 1530 3202 et
1553 3136 1593 3203 ad
1617 3132 1687 3204 eius
1707 3137 1900 3204 fidelitatem
1915 3138 2035 3204 reverti
2055 3177 2081 3216 2,

420 3241 574 3321 voluerit,
602 3241 749 3306 similiter
772 3248 822 3306 est
850 3247 984 3327 paratus
1013 3263 1069 3307 eos
1098 3241 1238 3327 benigne
1264 3242 1409 3328 recipere
1440 3246 1473 3303 ot
1502 3259 1581 3324 erga
1610 3241 1683 3305 illos
1714 3241 1904 3306 omnimodis
1934 3242 2038 3308 adim-

420 3346 521 3431 plere,
545 3365 629 3430 quse
652 3345 802 3431 superius
825 3345 944 3430 scripta
969 3349 1054 3408 sunt.

522 3519 548 3584 a)
566 3536 612 3571 vos
629 3536 675 3572 ves
693 3518 716 3571 1.

519 3673 547 3742 3)
567 3669 633 3740 cap.
651 3675 733 3726 eatae.
752 3687 773 3725 c.
792 3672 816 3726 5.
902 3672 931 3740 4)
950 3670 1020 3726 Ibirl.
1038 3688 1058 3726 c.
1072 3674 1098 3727 2.
1186 3673 1213 3736 5)
1234 3671 1290 3738 Ofr.
1312 3671 1376 3740 cap.
1392 3690 1421 3741 p.
1434 3674 1493 3740 aab,
1513 3689 1535 3727 c.
1550 3671 1572 3725 7.

1031 3937 1137 3943 ---.
1147 3937 1438 3944 ..——--—--——..——.

682 4256 780 4361 265.
830 4250 1214 4361 TERTIUM
1251 4250 1774 4362 MISSATIOUM
2056 4314 2083 4354 a

422 4409 536 4518 AD
570 4403 1040 4539 AQUITANOS
1071 4404 1171 4516 ET
1202 4404 1574 4517 FRANOOS
1602 4405 2039 4518 DIREOTUM.

969 4585 1066 4667 856.
1097 4593 1197 4685 Sept.
1223 4593 1412 4667 1.-oc.
1437 4594 1494 4669 ro.

530 4766 660 4844 Exstat
673 4779 709 4842 ia
724 4776 834 4842 iisdem
849 4776 948 4854 librae,
971 4794 1047 4857 quos
1061 4793 1159 4856 supro
1175 4775 1211 4840 ia
1226 4797 1276 4843 nr.
1294 4780 1366 4844 263.
1389 4779 1647 4856 enumeravimus,
1669 4779 1856 4862 subsequens
1874 4779 2041 4846 scalarium

422 4885 622 4950 missaticam.
1561 4883 1620 4964 (B.
1643 4883 1690 4962 II,
1707 4885 1765 4962 873
1788 4882 1827 4948 P.
1844 4885 1934 4963 449.)

457 5058 579 5121 Istum
609 5055 852 5122 missaticum
883 5053 1113 5118 transmisit
1142 5074 1211 5118 rex
1238 5075 1305 5141 per
1333 5049 1603 5120 Hincmarnm¹
1636 5063 1674 5120 et
1702 5049 2006 5122 Yrminfridnm²
2060 5087 2084 5126 a

423 5162 631 5247 episcopos
662 5166 702 5223 et
730 5178 799 5243 per
829 5155 1074 5222 Adalardum
1108 5149 1313 5221 abbatem3
1349 5165 1383 5223 et
1414 5157 1624 5225 Rodullum
1656 5166 1696 5224 et
1726 5159 1968 5226 Richuinum
2001 5167 2041 5224 et

1076 5258 1392 5346 Berengarinm.

533 5325 683 5440 Mandat
705 5375 797 5439 vobis
821 5374 930 5439 senior
952 5380 1063 5438 noster
1086 5373 1219 5440 salutes.
1263 5371 1307 5438 Et
1329 5373 1460 5439 mandet
1483 5375 1583 5456 vobis,
1607 5376 1683 5460 quia
1706 5396 1763 5461 pro
1786 5375 1849 5440 Dei
1874 5397 1984 5441 amore
2008 5384 2041 5442 et

424 5499 482 5563 pro
505 5485 633 5544 vestrae
657 5477 817 5564 quondam
841 5477 1009 5543 fidelitatis
1039 5477 1170 5542 servitio
1199 5477 1261 5541 sibi
1284 5479 1432 5563 impenso
1463 5500 1576 5544 omnes
1601 5498 1657 5542 ros
1688 5480 1758 5543 vult
1781 5479 1889 5543 salvos
1913 5502 1985 5544 esse
2009 5487 2042 5544 et

424 5582 495 5647 sine
519 5582 628 5669 aliqua
652 5581 821 5647 occasione
846 5603 958 5647 omues
981 5602 1038 5646 vos
1061 5579 1102 5644 ad
1125 5578 1187 5644 Dei
1211 5581 1380 5646 servitium
1411 5588 1444 5647 st
1472 5583 1513 5648 ad
1537 5605 1628 5650 suam
1651 5580 1841 5646 fidelitatem
1866 5583 2039 5649 adtrahere
2058 5616 2085 5655 ω

529 5756 555 5822 1)
576 5753 736 5809 Rectorem.
824 5753 852 5818 2)
872 5752 1087 5807 Bellovaccrmem.
1174 5753 1201 5818 3)
1221 5751 1277 5818 Osa.
1295 5767 1381 5822 aspra
1394 5770 1422 5822 p.
1435 5755 1495 5823 279,
1514 5756 1560 5811 lia.
1576 5757 1654 5823 18sq.
