<?xml version="1.0" encoding="UTF-8"?>
<!DOCTYPE html PUBLIC "-//W3C//DTD XHTML 1.0 Transitional//EN"
    "http://www.w3.org/TR/xhtml1/DTD/xhtml1-transitional.dtd">
<html xmlns="http://www.w3.org/1999/xhtml" xml:lang="en" lang="en">
 <head>
  <title>
</title>
<meta http-equiv="Content-Type" content="text/html;charset=utf-8" />
  <meta name='ocr-system' content='tesseract 3.04.00' />
  <meta name='ocr-capabilities' content='ocr_page ocr_carea ocr_par ocr_line ocrx_word'/>
</head>
<body>
  <div class='ocr_page' id='page_1' title='image "./monumentagerman07mittgoog_0509.png"; bbox 0 0 4568 6420; ppageno 0'>
   <div class='ocr_carea' id='block_1_1' title="bbox 342 637 405 693">
    <p class='ocr_par' dir='ltr' id='par_1_1' title="bbox 342 637 405 693">
     <span class='ocr_line' id='line_1_1' title="bbox 342 637 405 693; baseline 0.016 -1"><span class='ocrx_word' id='word_1_1' title='bbox 342 637 405 693; x_wconf 85' lang='grc'><strong>860.</strong></span> 
     </span>
    </p>
   </div>
   <div class='ocr_carea' id='block_1_2' title="bbox 424 438 1794 526">
    <p class='ocr_par' dir='ltr' id='par_1_2' title="bbox 424 438 1794 526">
     <span class='ocr_line' id='line_1_2' title="bbox 424 438 1794 526; baseline -0.009 0"><span class='ocrx_word' id='word_1_2' title='bbox 424 465 487 526; x_wconf 78' lang='grc'>466</span> <span class='ocrx_word' id='word_1_3' title='bbox 787 463 882 519; x_wconf 78' lang='lat' dir='ltr'><strong>ACTA</strong></span> <span class='ocrx_word' id='word_1_4' title='bbox 900 463 947 518; x_wconf 79' lang='lat' dir='ltr'>Du</span> <span class='ocrx_word' id='word_1_5' title='bbox 965 462 1212 518; x_wconf 72' lang='lat' dir='ltr'>turonenses</span> <span class='ocrx_word' id='word_1_6' title='bbox 1229 438 1370 520; x_wconf 74' lang='lat' dir='ltr'>auarus</span> <span class='ocrx_word' id='word_1_7' title='bbox 1388 459 1520 516; x_wconf 75' lang='lat' dir='ltr'>unless</span> <span class='ocrx_word' id='word_1_8' title='bbox 1539 489 1572 500; x_wconf 86' lang='lat'>—</span> <span class='ocrx_word' id='word_1_9' title='bbox 1591 459 1639 514; x_wconf 87' lang='lat' dir='ltr'>Nr.</span> <span class='ocrx_word' id='word_1_10' title='bbox 1654 459 1715 516; x_wconf 82' lang='lat'>305.</span> <span class='ocrx_word' id='word_1_11' title='bbox 1733 459 1794 514; x_wconf 86' lang='grc'><strong>306.</strong></span> 
     </span>
    </p>
   </div>
   <div class='ocr_carea' id='block_1_3' title="bbox 795 632 1669 700">
    <p class='ocr_par' dir='ltr' id='par_1_3' title="bbox 795 632 1669 700">
     <span class='ocr_line' id='line_1_3' title="bbox 795 632 1669 700; baseline -0.005 0"><span class='ocrx_word' id='word_1_12' title='bbox 795 636 836 700; x_wconf 82' lang='grc' dir='ltr'>Α.</span> <span class='ocrx_word' id='word_1_13' title='bbox 1636 632 1669 696; x_wconf 89' lang='grc' dir='ltr'><strong><em>Β</em></strong></span> 
     </span>
    </p>
   </div>
   <div class='ocr_carea' id='block_1_4' title="bbox 419 733 2096 1443">
    <p class='ocr_par' dir='ltr' id='par_1_4' title="bbox 419 733 2096 1443">
     <span class='ocr_line' id='line_1_4' title="bbox 419 733 2049 825; baseline -0.001 -24"><span class='ocrx_word' id='word_1_14' title='bbox 419 744 488 802; x_wconf 92' lang='lat' dir='ltr'>tcto</span> <span class='ocrx_word' id='word_1_15' title='bbox 512 739 632 804; x_wconf 90' lang='lat' dir='ltr'>mundo</span> <span class='ocrx_word' id='word_1_16' title='bbox 661 741 737 804; x_wconf 88' lang='lat' dir='ltr'>nolo</span> <span class='ocrx_word' id='word_1_17' title='bbox 761 761 866 804; x_wconf 89' lang='lat' dir='ltr'>mecm</span> <span class='ocrx_word' id='word_1_18' title='bbox 890 739 1036 804; x_wconf 89' lang='lat' dir='ltr'>animam</span> <span class='ocrx_word' id='word_1_19' title='bbox 1058 739 1210 824; x_wconf 86' lang='lat' dir='ltr'>perdere.</span> <span class='ocrx_word' id='word_1_20' title='bbox 1373 737 1453 825; x_wconf 82' lang='lat' dir='ltr'>Cap.</span> <span class='ocrx_word' id='word_1_21' title='bbox 1466 741 1496 802; x_wconf 84' lang='grc'>7.</span> <span class='ocrx_word' id='word_1_22' title='bbox 1524 735 1601 822; x_wconf 80' lang='lat' dir='ltr'>Egil</span> <span class='ocrx_word' id='word_1_23' title='bbox 1616 736 1703 801; x_wconf 88' lang='lat' dir='ltr'>abba</span> <span class='ocrx_word' id='word_1_24' title='bbox 1718 735 1787 800; x_wconf 84' lang='lat' dir='ltr'>vice</span> <span class='ocrx_word' id='word_1_25' title='bbox 1805 733 1953 798; x_wconf 90' lang='lat' dir='ltr'>eiusdem</span> <span class='ocrx_word' id='word_1_26' title='bbox 1969 735 2049 799; x_wconf 84' lang='lat' dir='ltr'>Tet-</span> 
     </span>
     <span class='ocr_line' id='line_1_5' title="bbox 421 838 2053 929; baseline -0.003 -24"><span class='ocrx_word' id='word_1_27' title='bbox 421 841 464 905; x_wconf 81' lang='lat' dir='ltr'>Et</span> <span class='ocrx_word' id='word_1_28' title='bbox 487 842 561 906; x_wconf 93' lang='lat' dir='ltr'>ideo</span> <span class='ocrx_word' id='word_1_29' title='bbox 578 864 656 928; x_wconf 90' lang='lat' dir='ltr'>rogo</span> <span class='ocrx_word' id='word_1_30' title='bbox 674 865 731 907; x_wconf 89' lang='lat' dir='ltr'>vos</span> <span class='ocrx_word' id='word_1_31' title='bbox 747 849 880 929; x_wconf 91' lang='lat' dir='ltr'>propter</span> <span class='ocrx_word' id='word_1_32' title='bbox 895 842 1003 908; x_wconf 91' lang='lat' dir='ltr'>Deum</span> <span class='ocrx_word' id='word_1_33' title='bbox 1029 848 1062 907; x_wconf 91' lang='lat' dir='ltr'>et</span> <span class='ocrx_word' id='word_1_34' title='bbox 1077 849 1211 928; x_wconf 86' lang='lat' dir='ltr'>propter</span> <span class='ocrx_word' id='word_1_35' title='bbox 1263 843 1385 927; x_wconf 84' lang='lat' dir='ltr'>bergas</span> <span class='ocrx_word' id='word_1_36' title='bbox 1409 843 1456 906; x_wconf 88' lang='lat' dir='ltr'>ita</span> <span class='ocrx_word' id='word_1_37' title='bbox 1479 839 1663 905; x_wconf 84' lang='lat' dir='ltr'>laciendum</span> <span class='ocrx_word' id='word_1_38' title='bbox 1686 839 1790 903; x_wconf 83' lang='lat' dir='ltr'>suasit</span> <span class='ocrx_word' id='word_1_39' title='bbox 1814 844 1848 903; x_wconf 91' lang='lat' dir='ltr'>et</span> <span class='ocrx_word' id='word_1_40' title='bbox 1868 838 1979 924; x_wconf 89' lang='lat' dir='ltr'>petiit,</span> <span class='ocrx_word' id='word_1_41' title='bbox 2003 846 2053 910; x_wconf 86' lang='lat' dir='ltr'>ut,</span> 
     </span>
     <span class='ocr_line' id='line_1_6' title="bbox 421 941 2051 1031; baseline -0.002 -23"><span class='ocrx_word' id='word_1_42' title='bbox 421 946 653 1021; x_wconf 88' lang='lat' dir='ltr'>ministerium,</span> <span class='ocrx_word' id='word_1_43' title='bbox 691 946 778 1031; x_wconf 92' lang='lat' dir='ltr'>quod</span> <span class='ocrx_word' id='word_1_44' title='bbox 811 945 1019 1031; x_wconf 79' lang='lat' dir='ltr'>suscepistis,</span> <span class='ocrx_word' id='word_1_45' title='bbox 1057 953 1093 1009; x_wconf 92' lang='lat' dir='ltr'>ut</span> <span class='ocrx_word' id='word_1_46' title='bbox 1119 945 1210 1024; x_wconf 91' lang='lat' dir='ltr'>mihi,</span> <span class='ocrx_word' id='word_1_47' title='bbox 1264 947 1340 1031; x_wconf 92' lang='lat' dir='ltr'>quia</span> <span class='ocrx_word' id='word_1_48' title='bbox 1363 965 1429 1009; x_wconf 93' lang='lat' dir='ltr'>non</span> <span class='ocrx_word' id='word_1_49' title='bbox 1447 965 1506 1008; x_wconf 91' lang='lat' dir='ltr'>sua</span> <span class='ocrx_word' id='word_1_50' title='bbox 1522 948 1651 1029; x_wconf 90' lang='lat' dir='ltr'>sponte,</span> <span class='ocrx_word' id='word_1_51' title='bbox 1675 941 1734 1007; x_wconf 90' lang='lat' dir='ltr'>sed</span> <span class='ocrx_word' id='word_1_52' title='bbox 1750 942 1781 1004; x_wconf 80' lang='lat' dir='ltr'>vi</span> <span class='ocrx_word' id='word_1_53' title='bbox 1798 961 1957 1026; x_wconf 90' lang='lat' dir='ltr'>oppressa</span> <span class='ocrx_word' id='word_1_54' title='bbox 1981 961 2051 1005; x_wconf 88' lang='lat' dir='ltr'>rem</span> 
     </span>
     <span class='ocr_line' id='line_1_7' title="bbox 420 1043 2096 1134; baseline -0.007 -22"><span class='ocrx_word' id='word_1_55' title='bbox 420 1047 506 1134; x_wconf 92' lang='lat' dir='ltr'>quod</span> <span class='ocrx_word' id='word_1_56' title='bbox 536 1049 685 1134; x_wconf 92' lang='lat' dir='ltr'>postulo,</span> <span class='ocrx_word' id='word_1_57' title='bbox 720 1048 761 1113; x_wconf 87' lang='lat' dir='ltr'>ad</span> <span class='ocrx_word' id='word_1_58' title='bbox 790 1051 932 1114; x_wconf 87' lang='lat' dir='ltr'>salutem</span> <span class='ocrx_word' id='word_1_59' title='bbox 963 1049 1092 1114; x_wconf 87' lang='lat' dir='ltr'>animae</span> <span class='ocrx_word' id='word_1_60' title='bbox 1119 1068 1211 1113; x_wconf 89' lang='lat' dir='ltr'>meae</span> <span class='ocrx_word' id='word_1_61' title='bbox 1266 1048 1440 1113; x_wconf 84' lang='lat' dir='ltr'>nefandam</span> <span class='ocrx_word' id='word_1_62' title='bbox 1455 1051 1713 1132; x_wconf 76' lang='lat' dir='ltr'>perpetraverat,</span> <span class='ocrx_word' id='word_1_63' title='bbox 1737 1044 1936 1108; x_wconf 89' lang='lat' dir='ltr'>tribueretur</span> <span class='ocrx_word' id='word_1_64' title='bbox 1951 1044 1982 1107; x_wconf 91' lang='lat' dir='ltr'>ei</span> <span class='ocrx_word' id='word_1_65' title='bbox 1998 1043 2049 1106; x_wconf 86' lang='lat' dir='ltr'>la·</span> <span class='ocrx_word' id='word_1_66' title='bbox 2084 1062 2096 1100; x_wconf 83' lang='lat' dir='ltr'>s</span> 
     </span>
     <span class='ocr_line' id='line_1_8' title="bbox 421 1148 2052 1236; baseline -0.003 -21"><span class='ocrx_word' id='word_1_67' title='bbox 421 1171 485 1216; x_wconf 89' lang='lat' dir='ltr'>uon</span> <span class='ocrx_word' id='word_1_68' title='bbox 509 1150 703 1236; x_wconf 63' lang='lat' dir='ltr'>denegetis)</span> <span class='ocrx_word' id='word_1_69' title='bbox 1267 1150 1371 1214; x_wconf 87' lang='lat' dir='ltr'>cultas</span> <span class='ocrx_word' id='word_1_70' title='bbox 1406 1149 1536 1215; x_wconf 85' lang='lat' dir='ltr'>velandi</span> <span class='ocrx_word' id='word_1_71' title='bbox 1572 1155 1605 1214; x_wconf 90' lang='lat' dir='ltr'>ct</span> <span class='ocrx_word' id='word_1_72' title='bbox 1641 1148 1752 1228; x_wconf 88' lang='lat' dir='ltr'>locus,</span> <span class='ocrx_word' id='word_1_73' title='bbox 1786 1167 1849 1232; x_wconf 89' lang='lat' dir='ltr'>quo</span> <span class='ocrx_word' id='word_1_74' title='bbox 1887 1151 2052 1231; x_wconf 87' lang='lat' dir='ltr'>patratum</span> 
     </span>
     <span class='ocr_line' id='line_1_9' title="bbox 529 1249 2053 1340; baseline -0.005 -21"><span class='ocrx_word' id='word_1_75' title='bbox 529 1254 609 1340; x_wconf 78' lang='lat' dir='ltr'>Gap.</span> <span class='ocrx_word' id='word_1_76' title='bbox 636 1257 666 1317; x_wconf 83' lang='lat'>7.</span> <span class='ocrx_word' id='word_1_77' title='bbox 698 1254 791 1319; x_wconf 83' lang='lat' dir='ltr'>Tunc</span> <span class='ocrx_word' id='word_1_78' title='bbox 808 1273 866 1318; x_wconf 96' lang='lat' dir='ltr'>nos</span> <span class='ocrx_word' id='word_1_79' title='bbox 883 1254 1030 1339; x_wconf 81' lang='lat' dir='ltr'>episcopi</span> <span class='ocrx_word' id='word_1_80' title='bbox 1047 1259 1213 1319; x_wconf 91' lang='lat' dir='ltr'>tentantes</span> <span class='ocrx_word' id='word_1_81' title='bbox 1266 1253 1384 1318; x_wconf 88' lang='lat' dir='ltr'>vulnus</span> <span class='ocrx_word' id='word_1_82' title='bbox 1408 1258 1558 1331; x_wconf 88' lang='lat' dir='ltr'>sanaret,</span> <span class='ocrx_word' id='word_1_83' title='bbox 1588 1250 1673 1337; x_wconf 91' lang='lat' dir='ltr'>quod</span> <span class='ocrx_word' id='word_1_84' title='bbox 1696 1272 1774 1316; x_wconf 86' lang='lat' dir='ltr'>vero</span> <span class='ocrx_word' id='word_1_85' title='bbox 1804 1249 1995 1334; x_wconf 88' lang='lat' dir='ltr'>simpliciter</span> <span class='ocrx_word' id='word_1_86' title='bbox 2018 1255 2053 1311; x_wconf 93' lang='lat' dir='ltr'>et</span> 
     </span>
     <span class='ocr_line' id='line_1_10' title="bbox 422 1352 2052 1443; baseline -0.005 -21"><span class='ocrx_word' id='word_1_87' title='bbox 422 1359 669 1443; x_wconf 78' lang='lat' dir='ltr'>requisivimus,</span> <span class='ocrx_word' id='word_1_88' title='bbox 694 1378 734 1421; x_wconf 91' lang='lat' dir='ltr'>an</span> <span class='ocrx_word' id='word_1_89' title='bbox 758 1359 830 1443; x_wconf 91' lang='lat' dir='ltr'>ipsa</span> <span class='ocrx_word' id='word_1_90' title='bbox 853 1358 989 1422; x_wconf 89' lang='lat' dir='ltr'>ulterius</span> <span class='ocrx_word' id='word_1_91' title='bbox 1012 1356 1114 1422; x_wconf 90' lang='lat' dir='ltr'>vellet</span> <span class='ocrx_word' id='word_1_92' title='bbox 1136 1355 1211 1420; x_wconf 88' lang='lat' dir='ltr'>inde</span> <span class='ocrx_word' id='word_1_93' title='bbox 1266 1357 1355 1420; x_wconf 91' lang='lat' dir='ltr'>nullo</span> <span class='ocrx_word' id='word_1_94' title='bbox 1367 1355 1577 1421; x_wconf 87' lang='lat' dir='ltr'>incumbente</span> <span class='ocrx_word' id='word_1_95' title='bbox 1591 1356 1705 1419; x_wconf 89' lang='lat' dir='ltr'>timore</span> <span class='ocrx_word' id='word_1_96' title='bbox 1721 1360 1778 1418; x_wconf 90' lang='lat' dir='ltr'>aut</span> <span class='ocrx_word' id='word_1_97' title='bbox 1796 1352 1942 1437; x_wconf 89' lang='lat' dir='ltr'>qualibet</span> <span class='ocrx_word' id='word_1_98' title='bbox 1954 1371 2052 1415; x_wconf 92' lang='lat' dir='ltr'>occa-</span> 
     </span>
    </p>
   </div>
   <div class='ocr_carea' id='block_1_5' title="bbox 326 1455 2051 1545">
    <p class='ocr_par' dir='ltr' id='par_1_5' title="bbox 326 1455 2051 1545">
     <span class='ocr_line' id='line_1_11' title="bbox 326 1455 2051 1545; baseline -0.005 -20"><span class='ocrx_word' id='word_1_99' title='bbox 326 1507 329 1514; x_wconf 65' lang='grc'><strong><em>»</em></strong></span> <span class='ocrx_word' id='word_1_100' title='bbox 421 1461 562 1545; x_wconf 91' lang='lat' dir='ltr'>aliquam</span> <span class='ocrx_word' id='word_1_101' title='bbox 588 1461 822 1545; x_wconf 89' lang='lat' dir='ltr'>querimoniam</span> <span class='ocrx_word' id='word_1_102' title='bbox 844 1480 979 1525; x_wconf 87' lang='lat' dir='ltr'>movere</span> <span class='ocrx_word' id='word_1_103' title='bbox 1003 1467 1060 1525; x_wconf 87' lang='lat' dir='ltr'>aut</span> <span class='ocrx_word' id='word_1_104' title='bbox 1082 1459 1208 1545; x_wconf 85' lang='lat' dir='ltr'>aliquas</span> <span class='ocrx_word' id='word_1_105' title='bbox 1264 1460 1354 1522; x_wconf 90' lang='lat' dir='ltr'>sione</span> <span class='ocrx_word' id='word_1_106' title='bbox 1378 1459 1430 1523; x_wconf 85' lang='lat' dir='ltr'>vel</span> <span class='ocrx_word' id='word_1_107' title='bbox 1454 1458 1637 1530; x_wconf 88' lang='lat' dir='ltr'>voluntate,</span> <span class='ocrx_word' id='word_1_108' title='bbox 1669 1455 1727 1520; x_wconf 89' lang='lat' dir='ltr'>sed</span> <span class='ocrx_word' id='word_1_109' title='bbox 1756 1475 1816 1540; x_wconf 92' lang='lat' dir='ltr'>pro</span> <span class='ocrx_word' id='word_1_110' title='bbox 1844 1455 1909 1518; x_wconf 92' lang='lat' dir='ltr'>Dei</span> <span class='ocrx_word' id='word_1_111' title='bbox 1939 1474 2051 1518; x_wconf 90' lang='lat' dir='ltr'>amore</span> 
     </span>
    </p>
   </div>
   <div class='ocr_carea' id='block_1_6' title="bbox 420 1558 2118 2679">
    <p class='ocr_par' dir='ltr' id='par_1_6' title="bbox 420 1558 2097 1752">
     <span class='ocr_line' id='line_1_12' title="bbox 421 1558 2097 1648; baseline -0.007 -21"><span class='ocrx_word' id='word_1_112' title='bbox 421 1564 686 1643; x_wconf 87' lang='lat' dir='ltr'>iusidissmoliri,</span> <span class='ocrx_word' id='word_1_113' title='bbox 703 1565 729 1629; x_wconf 92' lang='lat' dir='ltr'>si</span> <span class='ocrx_word' id='word_1_114' title='bbox 746 1585 825 1628; x_wconf 89' lang='lat' dir='ltr'>suae</span> <span class='ocrx_word' id='word_1_115' title='bbox 842 1564 992 1648; x_wconf 87' lang='lat' dir='ltr'>petitioni</span> <span class='ocrx_word' id='word_1_116' title='bbox 1006 1562 1209 1627; x_wconf 87' lang='lat' dir='ltr'>satisfactum</span> <span class='ocrx_word' id='word_1_117' title='bbox 1264 1567 1298 1624; x_wconf 89' lang='lat' dir='ltr'>et</span> <span class='ocrx_word' id='word_1_118' title='bbox 1319 1562 1449 1625; x_wconf 89' lang='lat' dir='ltr'>animae</span> <span class='ocrx_word' id='word_1_119' title='bbox 1474 1583 1552 1626; x_wconf 90' lang='lat' dir='ltr'>suae</span> <span class='ocrx_word' id='word_1_120' title='bbox 1576 1561 1736 1625; x_wconf 88' lang='lat' dir='ltr'>solutione</span> <span class='ocrx_word' id='word_1_121' title='bbox 1760 1558 1904 1644; x_wconf 90' lang='lat' dir='ltr'>petebat.</span> <span class='ocrx_word' id='word_1_122' title='bbox 2071 1576 2097 1615; x_wconf 83' lang='lat' dir='ltr'>rc</span> 
     </span>
     <span class='ocr_line' id='line_1_13' title="bbox 420 1665 1211 1752; baseline -0.001 -21"><span class='ocrx_word' id='word_1_123' title='bbox 420 1667 523 1732; x_wconf 91' lang='lat' dir='ltr'>fieret.</span> <span class='ocrx_word' id='word_1_124' title='bbox 581 1666 633 1732; x_wconf 85' lang='lat' dir='ltr'>Ad</span> <span class='ocrx_word' id='word_1_125' title='bbox 662 1666 747 1752; x_wconf 91' lang='lat' dir='ltr'>quod</span> <span class='ocrx_word' id='word_1_126' title='bbox 780 1666 836 1729; x_wconf 92' lang='lat' dir='ltr'>illa</span> <span class='ocrx_word' id='word_1_127' title='bbox 870 1666 974 1730; x_wconf 87' lang='lat' dir='ltr'>libera</span> <span class='ocrx_word' id='word_1_128' title='bbox 1002 1685 1095 1730; x_wconf 84' lang='lat' dir='ltr'>voce:</span> <span class='ocrx_word' id='word_1_129' title='bbox 1135 1665 1211 1730; x_wconf 86' lang='lat' dir='ltr'>‘Per</span> 
     </span>
    </p>

    <p class='ocr_par' dir='ltr' id='par_1_7' title="bbox 422 1767 1210 1855">
     <span class='ocr_line' id='line_1_14' title="bbox 422 1767 1210 1855; baseline -0.003 -21"><span class='ocrx_word' id='word_1_130' title='bbox 422 1771 511 1834; x_wconf 89' lang='lat' dir='ltr'>illam</span> <span class='ocrx_word' id='word_1_131' title='bbox 535 1770 644 1848; x_wconf 80' lang='lat' dir='ltr'>tidem,</span> <span class='ocrx_word' id='word_1_132' title='bbox 668 1791 764 1855; x_wconf 88' lang='lat' dir='ltr'>quam</span> <span class='ocrx_word' id='word_1_133' title='bbox 782 1767 875 1849; x_wconf 89' lang='lat' dir='ltr'>colo’,</span> <span class='ocrx_word' id='word_1_134' title='bbox 899 1770 956 1850; x_wconf 88' lang='lat' dir='ltr'>ait,</span> <span class='ocrx_word' id='word_1_135' title='bbox 980 1769 1084 1832; x_wconf 83' lang='lat' dir='ltr'>‘robis</span> <span class='ocrx_word' id='word_1_136' title='bbox 1103 1789 1210 1833; x_wconf 91' lang='lat' dir='ltr'>coram</span> 
     </span>
    </p>

    <p class='ocr_par' dir='ltr' id='par_1_8' title="bbox 422 1867 2118 2062">
     <span class='ocr_line' id='line_1_15' title="bbox 422 1867 2118 1960; baseline -0.005 -22"><span class='ocrx_word' id='word_1_137' title='bbox 422 1873 494 1938; x_wconf 90' lang='lat' dir='ltr'>Deo</span> <span class='ocrx_word' id='word_1_138' title='bbox 524 1875 694 1960; x_wconf 90' lang='lat' dir='ltr'>promitto,</span> <span class='ocrx_word' id='word_1_139' title='bbox 724 1874 800 1958; x_wconf 86' lang='lat' dir='ltr'>quic</span> <span class='ocrx_word' id='word_1_140' title='bbox 828 1873 861 1937; x_wconf 93' lang='lat' dir='ltr'>in</span> <span class='ocrx_word' id='word_1_141' title='bbox 885 1879 1053 1938; x_wconf 87' lang='lat' dir='ltr'>aeternum</span> <span class='ocrx_word' id='word_1_142' title='bbox 1076 1893 1137 1936; x_wconf 91' lang='lat' dir='ltr'>nec</span> <span class='ocrx_word' id='word_1_143' title='bbox 1164 1891 1223 1958; x_wconf 90' lang='lat' dir='ltr'>per</span> <span class='ocrx_word' id='word_1_144' title='bbox 1244 1893 1298 1937; x_wconf 89' lang='lat' dir='ltr'>me</span> <span class='ocrx_word' id='word_1_145' title='bbox 1321 1872 1425 1957; x_wconf 89' lang='lat' dir='ltr'>ipsam</span> <span class='ocrx_word' id='word_1_146' title='bbox 1452 1893 1513 1936; x_wconf 91' lang='lat' dir='ltr'>nec</span> <span class='ocrx_word' id='word_1_147' title='bbox 1540 1893 1599 1956; x_wconf 91' lang='lat' dir='ltr'>per</span> <span class='ocrx_word' id='word_1_148' title='bbox 1626 1890 1734 1934; x_wconf 92' lang='lat' dir='ltr'>meum</span> <span class='ocrx_word' id='word_1_149' title='bbox 1762 1869 1928 1953; x_wconf 83' lang='lat' dir='ltr'>ingenium</span> <span class='ocrx_word' id='word_1_150' title='bbox 1952 1867 2053 1931; x_wconf 90' lang='lat' dir='ltr'>ullam</span> <span class='ocrx_word' id='word_1_151' title='bbox 2112 1879 2118 1884; x_wconf 75' lang='grc'><em>”</em></span> 
     </span>
     <span class='ocr_line' id='line_1_16' title="bbox 422 1974 1923 2062; baseline -0.004 -22"><span class='ocrx_word' id='word_1_152' title='bbox 422 1975 496 2040; x_wconf 93' lang='lat' dir='ltr'>inde</span> <span class='ocrx_word' id='word_1_153' title='bbox 519 1978 687 2062; x_wconf 90' lang='lat' dir='ltr'>querelam</span> <span class='ocrx_word' id='word_1_154' title='bbox 710 1974 872 2041; x_wconf 86' lang='lat' dir='ltr'>movebo.‘</span> <span class='ocrx_word' id='word_1_155' title='bbox 1920 2027 1923 2034; x_wconf 86' lang='lat'>.</span> 
     </span>
    </p>

    <p class='ocr_par' dir='ltr' id='par_1_9' title="bbox 421 2075 2101 2679">
     <span class='ocr_line' id='line_1_17' title="bbox 530 2075 2098 2165; baseline -0.004 -22"><span class='ocrx_word' id='word_1_156' title='bbox 530 2078 611 2164; x_wconf 84' lang='lat' dir='ltr'>Cap.</span> <span class='ocrx_word' id='word_1_157' title='bbox 627 2082 657 2144; x_wconf 88' lang='lat'>8.</span> <span class='ocrx_word' id='word_1_158' title='bbox 693 2078 777 2153; x_wconf 84' lang='lat' dir='ltr'>Quid</span> <span class='ocrx_word' id='word_1_159' title='bbox 800 2079 941 2164; x_wconf 90' lang='lat' dir='ltr'>denique</span> <span class='ocrx_word' id='word_1_160' title='bbox 965 2078 1177 2165; x_wconf 71' lang='lat' dir='ltr'>a&#39;saepelsto</span> <span class='ocrx_word' id='word_1_161' title='bbox 1202 2079 1363 2144; x_wconf 78' lang='lat' dir='ltr'>confratre</span> <span class='ocrx_word' id='word_1_162' title='bbox 1391 2085 1501 2143; x_wconf 90' lang='lat' dir='ltr'>nostro</span> <span class='ocrx_word' id='word_1_163' title='bbox 1523 2077 1563 2141; x_wconf 89' lang='lat' dir='ltr'>de</span> <span class='ocrx_word' id='word_1_164' title='bbox 1591 2077 1653 2142; x_wconf 91' lang='lat' dir='ltr'>hac</span> <span class='ocrx_word' id='word_1_165' title='bbox 1679 2097 1716 2141; x_wconf 89' lang='lat' dir='ltr'>re</span> <span class='ocrx_word' id='word_1_166' title='bbox 1739 2075 1878 2140; x_wconf 90' lang='lat' dir='ltr'>multum</span> <span class='ocrx_word' id='word_1_167' title='bbox 1899 2075 2098 2138; x_wconf 75' lang='lat' dir='ltr'>tristantem</span> 
     </span>
     <span class='ocr_line' id='line_1_18' title="bbox 421 2177 2052 2268; baseline -0.006 -20"><span class='ocrx_word' id='word_1_168' title='bbox 421 2189 455 2248; x_wconf 90' lang='lat' dir='ltr'>et</span> <span class='ocrx_word' id='word_1_169' title='bbox 481 2183 689 2268; x_wconf 78' lang='lat' dir='ltr'>angustiante</span> <span class='ocrx_word' id='word_1_170' title='bbox 723 2203 762 2247; x_wconf 87' lang='lat' dir='ltr'>ao</span> <span class='ocrx_word' id='word_1_171' title='bbox 791 2184 926 2267; x_wconf 89' lang='lat' dir='ltr'>lugente</span> <span class='ocrx_word' id='word_1_172' title='bbox 956 2187 1074 2267; x_wconf 89' lang='lat' dir='ltr'>atquc,</span> <span class='ocrx_word' id='word_1_173' title='bbox 1111 2182 1196 2267; x_wconf 94' lang='lat' dir='ltr'>quod</span> <span class='ocrx_word' id='word_1_174' title='bbox 1222 2203 1363 2268; x_wconf 86' lang='lat' dir='ltr'>unquam</span> <span class='ocrx_word' id='word_1_175' title='bbox 1394 2183 1481 2246; x_wconf 92' lang='lat' dir='ltr'>illius</span> <span class='ocrx_word' id='word_1_176' title='bbox 1513 2179 1723 2246; x_wconf 89' lang='lat' dir='ltr'>consessionis</span> <span class='ocrx_word' id='word_1_177' title='bbox 1753 2179 1904 2243; x_wconf 87' lang='lat' dir='ltr'>conscius</span> <span class='ocrx_word' id='word_1_178' title='bbox 1932 2177 2052 2256; x_wconf 86' lang='lat' dir='ltr'>extitit,</span> 
     </span>
     <span class='ocr_line' id='line_1_19' title="bbox 421 2280 2053 2370; baseline -0.004 -20"><span class='ocrx_word' id='word_1_179' title='bbox 421 2284 594 2350; x_wconf 86' lang='lat' dir='ltr'>admodum</span> <span class='ocrx_word' id='word_1_180' title='bbox 618 2286 807 2370; x_wconf 86' lang='lat' dir='ltr'>poenitente</span> <span class='ocrx_word' id='word_1_181' title='bbox 838 2284 1024 2365; x_wconf 91' lang='lat' dir='ltr'>didicimus,-</span> <span class='ocrx_word' id='word_1_182' title='bbox 1055 2285 1116 2349; x_wconf 88' lang='lat' dir='ltr'>hoc</span> <span class='ocrx_word' id='word_1_183' title='bbox 1139 2285 1293 2350; x_wconf 85' lang='lat' dir='ltr'>fratribus</span> <span class='ocrx_word' id='word_1_184' title='bbox 1317 2293 1350 2350; x_wconf 90' lang='lat' dir='ltr'>et</span> <span class='ocrx_word' id='word_1_185' title='bbox 1373 2284 1577 2369; x_wconf 89' lang='lat' dir='ltr'>coepiscopis</span> <span class='ocrx_word' id='word_1_186' title='bbox 1600 2284 1691 2348; x_wconf 85' lang='lat' dir='ltr'>iuxta</span> <span class='ocrx_word' id='word_1_187' title='bbox 1714 2280 1932 2347; x_wconf 90' lang='lat' dir='ltr'>conditionem</span> <span class='ocrx_word' id='word_1_188' title='bbox 1956 2281 2053 2344; x_wconf 88' lang='lat' dir='ltr'>datae</span> 
     </span>
     <span class='ocr_line' id='line_1_20' title="bbox 421 2387 2053 2474; baseline -0.003 -23"><span class='ocrx_word' id='word_1_189' title='bbox 421 2388 574 2452; x_wconf 88' lang='lat' dir='ltr'>licentiae</span> <span class='ocrx_word' id='word_1_190' title='bbox 597 2390 672 2452; x_wconf 84' lang='lat' dir='ltr'>riva</span> <span class='ocrx_word' id='word_1_191' title='bbox 694 2408 775 2452; x_wconf 82' lang='lat' dir='ltr'>voce</span> <span class='ocrx_word' id='word_1_192' title='bbox 799 2387 995 2453; x_wconf 89' lang='lat' dir='ltr'>narrandum</span> <span class='ocrx_word' id='word_1_193' title='bbox 1018 2395 1080 2467; x_wconf 89' lang='lat' dir='ltr'>est,</span> <span class='ocrx_word' id='word_1_194' title='bbox 1102 2394 1149 2466; x_wconf 92' lang='lat' dir='ltr'>ut,</span> <span class='ocrx_word' id='word_1_195' title='bbox 1173 2389 1257 2453; x_wconf 93' lang='lat' dir='ltr'>sicut</span> <span class='ocrx_word' id='word_1_196' title='bbox 1279 2388 1313 2452; x_wconf 95' lang='lat' dir='ltr'>in</span> <span class='ocrx_word' id='word_1_197' title='bbox 1336 2387 1512 2474; x_wconf 92' lang='lat' dir='ltr'>primordio</span> <span class='ocrx_word' id='word_1_198' title='bbox 1536 2387 1660 2451; x_wconf 88' lang='lat' dir='ltr'>dictum</span> <span class='ocrx_word' id='word_1_199' title='bbox 1684 2392 1745 2464; x_wconf 92' lang='lat' dir='ltr'>est,</span> <span class='ocrx_word' id='word_1_200' title='bbox 1769 2406 1842 2450; x_wconf 92' lang='lat' dir='ltr'>cum</span> <span class='ocrx_word' id='word_1_201' title='bbox 1859 2389 2053 2468; x_wconf 84' lang='lat' dir='ltr'>argumenta</span> 
     </span>
     <span class='ocr_line' id='line_1_21' title="bbox 422 2489 2053 2578; baseline -0.003 -24"><span class='ocrx_word' id='word_1_202' title='bbox 422 2491 579 2556; x_wconf 90' lang='lat' dir='ltr'>hactenus</span> <span class='ocrx_word' id='word_1_203' title='bbox 614 2492 747 2556; x_wconf 87' lang='lat' dir='ltr'>latentis</span> <span class='ocrx_word' id='word_1_204' title='bbox 784 2513 903 2558; x_wconf 89' lang='lat' dir='ltr'>causac</span> <span class='ocrx_word' id='word_1_205' title='bbox 932 2493 1158 2578; x_wconf 86' lang='lat' dir='ltr'>perceperint,</span> <span class='ocrx_word' id='word_1_206' title='bbox 1191 2513 1256 2557; x_wconf 91' lang='lat' dir='ltr'>uuo</span> <span class='ocrx_word' id='word_1_207' title='bbox 1292 2492 1473 2576; x_wconf 89' lang='lat' dir='ltr'>eodemque</span> <span class='ocrx_word' id='word_1_208' title='bbox 1506 2509 1620 2554; x_wconf 91' lang='lat' dir='ltr'>omues</span> <span class='ocrx_word' id='word_1_209' title='bbox 1655 2489 1790 2554; x_wconf 89' lang='lat' dir='ltr'>consilio</span> <span class='ocrx_word' id='word_1_210' title='bbox 1824 2494 1858 2550; x_wconf 91' lang='lat' dir='ltr'>et</span> <span class='ocrx_word' id='word_1_211' title='bbox 1890 2506 2053 2552; x_wconf 91' lang='lat' dir='ltr'>consensu</span> 
     </span>
     <span class='ocr_line' id='line_1_22' title="bbox 423 2594 2101 2679; baseline -0.002 -20"><span class='ocrx_word' id='word_1_212' title='bbox 423 2615 565 2659; x_wconf 89' lang='lat' dir='ltr'>errorem</span> <span class='ocrx_word' id='word_1_213' title='bbox 588 2594 756 2679; x_wconf 85' lang='lat' dir='ltr'>expellant</span> <span class='ocrx_word' id='word_1_214' title='bbox 780 2603 814 2661; x_wconf 93' lang='lat' dir='ltr'>et</span> <span class='ocrx_word' id='word_1_215' title='bbox 836 2616 949 2660; x_wconf 86' lang='lat' dir='ltr'>verum</span> <span class='ocrx_word' id='word_1_216' title='bbox 973 2599 1129 2660; x_wconf 86' lang='lat' dir='ltr'>statuant.</span> <span class='ocrx_word' id='word_1_217' title='bbox 2073 2607 2101 2648; x_wconf 69' lang='lat'>²⁰</span> 
     </span>
    </p>
   </div>
   <div class='ocr_carea' id='block_1_7' title="bbox 1033 2839 1445 2848">
    <p class='ocr_par' dir='ltr' id='par_1_10' title="bbox 1033 2839 1445 2848">
     <span class='ocr_line' id='line_1_23' title="bbox 1033 2839 1445 2848; baseline -0.007 0"><span class='ocrx_word' id='word_1_218' title='bbox 1033 2839 1445 2848; x_wconf 54' lang='grc' dir='ltr'>Ἠ</span> 
     </span>
    </p>
   </div>
   <div class='ocr_carea' id='block_1_8' title="bbox 690 3063 1781 3198">
    <p class='ocr_par' dir='ltr' id='par_1_11' title="bbox 690 3063 1781 3198">
     <span class='ocr_line' id='line_1_24' title="bbox 690 3063 1781 3198; baseline 0 -26"><span class='ocrx_word' id='word_1_219' title='bbox 690 3067 795 3172; x_wconf 82' lang='grc'><strong>366.</strong></span> <span class='ocrx_word' id='word_1_220' title='bbox 842 3063 1217 3176; x_wconf 81' lang='lat' dir='ltr'>SYNODUS</span> <span class='ocrx_word' id='word_1_221' title='bbox 1257 3063 1679 3198; x_wconf 79' lang='lat' dir='ltr'>AQUENSIS</span> <span class='ocrx_word' id='word_1_222' title='bbox 1711 3063 1781 3172; x_wconf 89' lang='grc' dir='ltr'>Π.</span> 
     </span>
    </p>
   </div>
   <div class='ocr_carea' id='block_1_9' title="bbox 1123 3227 1949 3433">
    <p class='ocr_par' dir='ltr' id='par_1_12' title="bbox 1123 3227 1949 3433">
     <span class='ocr_line' id='line_1_25' title="bbox 1123 3227 1416 3311; baseline 0.007 -1"><span class='ocrx_word' id='word_1_223' title='bbox 1123 3227 1220 3310; x_wconf 86' lang='grc'><strong>860.</strong></span> <span class='ocrx_word' id='word_1_224' title='bbox 1248 3235 1356 3311; x_wconf 86' lang='lat' dir='ltr'>Febr.</span> <span class='ocrx_word' id='word_1_225' title='bbox 1411 3256 1416 3264; x_wconf 87' lang='grc'><strong><em>’</em></strong></span> 
     </span>
     <span class='ocr_line' id='line_1_26' title="bbox 1598 3349 1949 3433; baseline -0.003 -18"><span class='ocrx_word' id='word_1_226' title='bbox 1598 3350 1656 3433; x_wconf 90' lang='lat' dir='ltr'>(B.</span> <span class='ocrx_word' id='word_1_227' title='bbox 1679 3351 1778 3430; x_wconf 74' lang='lat' dir='ltr'>deest,</span> <span class='ocrx_word' id='word_1_228' title='bbox 1800 3349 1840 3416; x_wconf 89' lang='lat' dir='ltr'>P.</span> <span class='ocrx_word' id='word_1_229' title='bbox 1859 3352 1949 3431; x_wconf 85' lang='grc'><strong>466.)</strong></span> 
     </span>
    </p>
   </div>
   <div class='ocr_carea' id='block_1_10' title="bbox 424 3478 2115 5258">
    <p class='ocr_par' dir='ltr' id='par_1_13' title="bbox 424 3478 2101 4102">
     <span class='ocr_line' id='line_1_27' title="bbox 538 3478 2056 3603; baseline 0.001 -20"><span class='ocrx_word' id='word_1_230' title='bbox 538 3478 645 3586; x_wconf 79' lang='lat' dir='ltr'>Anno</span> <span class='ocrx_word' id='word_1_231' title='bbox 669 3521 711 3586; x_wconf 86' lang='lat' dir='ltr'>ab</span> <span class='ocrx_word' id='word_1_232' title='bbox 735 3523 961 3588; x_wconf 85' lang='lat' dir='ltr'>incarnatione</span> <span class='ocrx_word' id='word_1_233' title='bbox 978 3523 1117 3590; x_wconf 88' lang='lat' dir='ltr'>Domini</span> <span class='ocrx_word' id='word_1_234' title='bbox 1139 3523 1334 3603; x_wconf 76' lang='lat' dir='ltr'>Dooonx,</span> <span class='ocrx_word' id='word_1_235' title='bbox 1357 3524 1534 3590; x_wconf 90' lang='lat' dir='ltr'>indictione</span> <span class='ocrx_word' id='word_1_236' title='bbox 1552 3525 1651 3602; x_wconf 89' lang='lat' dir='ltr'>VIII,</span> <span class='ocrx_word' id='word_1_237' title='bbox 1684 3523 1848 3588; x_wconf 89' lang='lat' dir='ltr'>mediante</span> <span class='ocrx_word' id='word_1_238' title='bbox 1877 3521 2056 3586; x_wconf 83' lang='lat' dir='ltr'>Februario</span> 
     </span>
     <span class='ocr_line' id='line_1_28' title="bbox 424 3624 2101 3712; baseline -0.001 -23"><span class='ocrx_word' id='word_1_239' title='bbox 424 3647 548 3702; x_wconf 84' lang='lat' dir='ltr'>meuse,</span> <span class='ocrx_word' id='word_1_240' title='bbox 573 3624 828 3690; x_wconf 85' lang='lat' dir='ltr'>decernentibus</span> <span class='ocrx_word' id='word_1_241' title='bbox 852 3626 1004 3710; x_wconf 90' lang='lat' dir='ltr'>gloriosis</span> <span class='ocrx_word' id='word_1_242' title='bbox 1029 3628 1161 3712; x_wconf 90' lang='lat' dir='ltr'>regibus</span> <span class='ocrx_word' id='word_1_243' title='bbox 1184 3626 1389 3706; x_wconf 87' lang='lat' dir='ltr'>Hludowico,</span> <span class='ocrx_word' id='word_1_244' title='bbox 1414 3628 1532 3693; x_wconf 83' lang='lat' dir='ltr'>Carolo</span> <span class='ocrx_word' id='word_1_245' title='bbox 1554 3631 1652 3712; x_wconf 88' lang='lat' dir='ltr'>atque</span> <span class='ocrx_word' id='word_1_246' title='bbox 1669 3626 1843 3692; x_wconf 88' lang='lat' dir='ltr'>Hlothario</span> <span class='ocrx_word' id='word_1_247' title='bbox 1865 3625 2000 3702; x_wconf 91' lang='lat' dir='ltr'>iuniore,</span> <span class='ocrx_word' id='word_1_248' title='bbox 2023 3626 2055 3688; x_wconf 93' lang='lat' dir='ltr'>in</span> <span class='ocrx_word' id='word_1_249' title='bbox 2074 3637 2101 3678; x_wconf 77' lang='lat'>²⁵</span> 
     </span>
     <span class='ocr_line' id='line_1_29' title="bbox 424 3727 2057 3814; baseline -0.003 -21"><span class='ocrx_word' id='word_1_250' title='bbox 424 3729 571 3814; x_wconf 88' lang='lat' dir='ltr'>generali</span> <span class='ocrx_word' id='word_1_251' title='bbox 595 3735 758 3793; x_wconf 89' lang='lat' dir='ltr'>conventu</span> <span class='ocrx_word' id='word_1_252' title='bbox 787 3727 979 3793; x_wconf 85' lang='lat' dir='ltr'>obtimatum</span> <span class='ocrx_word' id='word_1_253' title='bbox 1003 3751 1047 3797; x_wconf 83' lang='lat' dir='ltr'>ex</span> <span class='ocrx_word' id='word_1_254' title='bbox 1069 3750 1170 3814; x_wconf 92' lang='lat' dir='ltr'>regno</span> <span class='ocrx_word' id='word_1_255' title='bbox 1196 3730 1273 3793; x_wconf 88' lang='lat' dir='ltr'>almi</span> <span class='ocrx_word' id='word_1_256' title='bbox 1292 3728 1459 3795; x_wconf 90' lang='lat' dir='ltr'>Hlotharii</span> <span class='ocrx_word' id='word_1_257' title='bbox 1481 3737 1591 3795; x_wconf 91' lang='lat' dir='ltr'>actum</span> <span class='ocrx_word' id='word_1_258' title='bbox 1615 3737 1665 3794; x_wconf 89' lang='lat' dir='ltr'>est</span> <span class='ocrx_word' id='word_1_259' title='bbox 1689 3731 1863 3794; x_wconf 89' lang='lat' dir='ltr'>concilium</span> <span class='ocrx_word' id='word_1_260' title='bbox 1887 3729 2057 3813; x_wconf 88' lang='lat' dir='ltr'>episcopo-</span> 
     </span>
     <span class='ocr_line' id='line_1_30' title="bbox 425 3829 2058 3918; baseline -0.001 -23"><span class='ocrx_word' id='word_1_261' title='bbox 425 3852 496 3895; x_wconf 88' lang='lat' dir='ltr'>rum</span> <span class='ocrx_word' id='word_1_262' title='bbox 520 3831 718 3916; x_wconf 84' lang='lat' dir='ltr'>Aquisgrani</span> <span class='ocrx_word' id='word_1_263' title='bbox 740 3829 873 3915; x_wconf 89' lang='lat' dir='ltr'>palatio,</span> <span class='ocrx_word' id='word_1_264' title='bbox 898 3829 1071 3895; x_wconf 86' lang='lat' dir='ltr'>Guntharli</span> <span class='ocrx_word' id='word_1_265' title='bbox 1093 3831 1362 3917; x_wconf 87' lang='lat' dir='ltr'>Agrippinensis,</span> <span class='ocrx_word' id='word_1_266' title='bbox 1386 3831 1594 3918; x_wconf 84' lang='lat' dir='ltr'>Theotgsudi</span> <span class='ocrx_word' id='word_1_267' title='bbox 1617 3832 1844 3910; x_wconf 79' lang='lat' dir='ltr'>Trevcrensis,</span> <span class='ocrx_word' id='word_1_268' title='bbox 1871 3829 2058 3895; x_wconf 89' lang='lat' dir='ltr'>Wenilonis</span> 
     </span>
     <span class='ocr_line' id='line_1_31' title="bbox 424 3931 2057 4020; baseline 0.001 -23"><span class='ocrx_word' id='word_1_269' title='bbox 424 3932 696 4017; x_wconf 83' lang='lat' dir='ltr'>Rotomsgensis,</span> <span class='ocrx_word' id='word_1_270' title='bbox 727 3931 908 3998; x_wconf 82' lang='lat' dir='ltr'>Franconis</span> <span class='ocrx_word' id='word_1_271' title='bbox 942 3932 1160 4017; x_wconf 76' lang='lat' dir='ltr'>Tungrensis,</span> <span class='ocrx_word' id='word_1_272' title='bbox 1192 3932 1346 3998; x_wconf 86' lang='lat' dir='ltr'>Hsttouis</span> <span class='ocrx_word' id='word_1_273' title='bbox 1374 3935 1621 4016; x_wconf 76' lang='lat' dir='ltr'>viridunensis,</span> <span class='ocrx_word' id='word_1_274' title='bbox 1649 3935 1836 4020; x_wconf 87' lang='lat' dir='ltr'>Hildegarii</span> <span class='ocrx_word' id='word_1_275' title='bbox 1867 3933 2057 4012; x_wconf 88' lang='lat' dir='ltr'>Meldensis‚</span> 
     </span>
     <span class='ocr_line' id='line_1_32' title="bbox 425 4036 916 4102; baseline 0 0"><span class='ocrx_word' id='word_1_276' title='bbox 425 4036 604 4102; x_wconf 76' lang='lat' dir='ltr'>Helduini⁸</span> <span class='ocrx_word' id='word_1_277' title='bbox 626 4037 826 4102; x_wconf 76' lang='lat' dir='ltr'>liriniensis.</span> <span class='ocrx_word' id='word_1_278' title='bbox 914 4099 916 4102; x_wconf 84' lang='lat'>.</span> 
     </span>
    </p>

    <p class='ocr_par' dir='ltr' id='par_1_14' title="bbox 424 4132 2115 5258">
     <span class='ocr_line' id='line_1_33' title="bbox 535 4132 2102 4228; baseline 0 -24"><span class='ocrx_word' id='word_1_279' title='bbox 535 4139 615 4224; x_wconf 82' lang='lat' dir='ltr'>Osp.</span> <span class='ocrx_word' id='word_1_280' title='bbox 635 4142 683 4203; x_wconf 81' lang='lat'>15.</span> <span class='ocrx_word' id='word_1_281' title='bbox 720 4132 805 4225; x_wconf 76' lang='lat' dir='ltr'>[lid1</span> <span class='ocrx_word' id='word_1_282' title='bbox 830 4139 935 4203; x_wconf 90' lang='lat' dir='ltr'>locum</span> <span class='ocrx_word' id='word_1_283' title='bbox 960 4138 1000 4204; x_wconf 91' lang='lat' dir='ltr'>de</span> <span class='ocrx_word' id='word_1_284' title='bbox 1022 4139 1155 4220; x_wconf 88' lang='lat' dir='ltr'>femina,</span> <span class='ocrx_word' id='word_1_285' title='bbox 1178 4139 1265 4205; x_wconf 89' lang='lat' dir='ltr'>unde</span> <span class='ocrx_word' id='word_1_286' title='bbox 1289 4141 1412 4225; x_wconf 90' lang='lat' dir='ltr'>agitur,</span> <span class='ocrx_word' id='word_1_287' title='bbox 1444 4142 1490 4206; x_wconf 87' lang='lat' dir='ltr'>ita</span> <span class='ocrx_word' id='word_1_288' title='bbox 1515 4142 1672 4228; x_wconf 90' lang='lat' dir='ltr'>seriptum</span> <span class='ocrx_word' id='word_1_289' title='bbox 1695 4137 1925 4227; x_wconf 88' lang='lat' dir='ltr'>repperimus:]</span> <span class='ocrx_word' id='word_1_290' title='bbox 1955 4139 2056 4204; x_wconf 92' lang='lat' dir='ltr'>Porro</span> <span class='ocrx_word' id='word_1_291' title='bbox 2076 4153 2102 4194; x_wconf 79' lang='lat'>³⁰</span> 
     </span>
     <span class='ocr_line' id='line_1_34' title="bbox 424 4240 2058 4329; baseline 0 -23"><span class='ocrx_word' id='word_1_292' title='bbox 424 4244 491 4322; x_wconf 90' lang='lat' dir='ltr'>illa,</span> <span class='ocrx_word' id='word_1_293' title='bbox 514 4243 605 4306; x_wconf 90' lang='lat' dir='ltr'>nulla</span> <span class='ocrx_word' id='word_1_294' title='bbox 630 4241 809 4307; x_wconf 84' lang='lat' dir='ltr'>securitate</span> <span class='ocrx_word' id='word_1_295' title='bbox 833 4241 894 4305; x_wconf 91' lang='lat' dir='ltr'>hoc</span> <span class='ocrx_word' id='word_1_296' title='bbox 919 4240 1048 4306; x_wconf 89' lang='lat' dir='ltr'>celandi</span> <span class='ocrx_word' id='word_1_297' title='bbox 1072 4248 1130 4316; x_wconf 87' lang='lat' dir='ltr'>aut</span> <span class='ocrx_word' id='word_1_298' title='bbox 1150 4243 1327 4328; x_wconf 88' lang='lat' dir='ltr'>superandi</span> <span class='ocrx_word' id='word_1_299' title='bbox 1350 4244 1448 4322; x_wconf 87' lang='lat' dir='ltr'>fulta,</span> <span class='ocrx_word' id='word_1_300' title='bbox 1477 4245 1581 4329; x_wconf 90' lang='lat' dir='ltr'>primo</span> <span class='ocrx_word' id='word_1_301' title='bbox 1612 4245 1683 4329; x_wconf 89' lang='lat' dir='ltr'>regi</span> <span class='ocrx_word' id='word_1_302' title='bbox 1707 4243 1854 4309; x_wconf 89' lang='lat' dir='ltr'>ordinem</span> <span class='ocrx_word' id='word_1_303' title='bbox 1877 4243 2058 4329; x_wconf 86' lang='lat' dir='ltr'>perpetrati</span> 
     </span>
     <span class='ocr_line' id='line_1_35' title="bbox 424 4341 2058 4434; baseline 0 -25"><span class='ocrx_word' id='word_1_304' title='bbox 424 4353 544 4424; x_wconf 89' lang='lat' dir='ltr'>reatus,</span> <span class='ocrx_word' id='word_1_305' title='bbox 568 4350 604 4408; x_wconf 94' lang='lat' dir='ltr'>ut</span> <span class='ocrx_word' id='word_1_306' title='bbox 626 4344 714 4407; x_wconf 86' lang='lat' dir='ltr'>fama</span> <span class='ocrx_word' id='word_1_307' title='bbox 738 4341 855 4420; x_wconf 84' lang='lat' dir='ltr'>fuerat,</span> <span class='ocrx_word' id='word_1_308' title='bbox 881 4345 1057 4409; x_wconf 86' lang='lat' dir='ltr'>enarravit.</span> <span class='ocrx_word' id='word_1_309' title='bbox 1102 4344 1231 4410; x_wconf 90' lang='lat' dir='ltr'>Deinde</span> <span class='ocrx_word' id='word_1_310' title='bbox 1256 4346 1451 4431; x_wconf 89' lang='lat' dir='ltr'>quibusdam</span> <span class='ocrx_word' id='word_1_311' title='bbox 1476 4350 1702 4434; x_wconf 87' lang='lat' dir='ltr'>episcopcrum</span> <span class='ocrx_word' id='word_1_312' title='bbox 1726 4349 1879 4412; x_wconf 89' lang='lat' dir='ltr'>simulet</span> <span class='ocrx_word' id='word_1_313' title='bbox 1901 4347 2058 4410; x_wconf 89' lang='lat' dir='ltr'>laieorum</span> 
     </span>
     <span class='ocr_line' id='line_1_36' title="bbox 426 4447 2057 4535; baseline 0.002 -23"><span class='ocrx_word' id='word_1_314' title='bbox 426 4448 457 4512; x_wconf 93' lang='lat' dir='ltr'>id</span> <span class='ocrx_word' id='word_1_315' title='bbox 474 4449 581 4534; x_wconf 89' lang='lat' dir='ltr'>ipsum</span> <span class='ocrx_word' id='word_1_316' title='bbox 599 4448 794 4512; x_wconf 86' lang='lat' dir='ltr'>enucleavit.</span> <span class='ocrx_word' id='word_1_317' title='bbox 840 4447 964 4513; x_wconf 87' lang='lat' dir='ltr'>Postea</span> <span class='ocrx_word' id='word_1_318' title='bbox 979 4468 1108 4533; x_wconf 87' lang='lat' dir='ltr'>quoque</span> <span class='ocrx_word' id='word_1_319' title='bbox 1125 4450 1285 4514; x_wconf 85' lang='lat' dir='ltr'>certulam</span> <span class='ocrx_word' id='word_1_320' title='bbox 1302 4471 1381 4515; x_wconf 91' lang='lat' dir='ltr'>suae</span> <span class='ocrx_word' id='word_1_321' title='bbox 1398 4449 1612 4515; x_wconf 83' lang='lat' dir='ltr'>confessionis</span> <span class='ocrx_word' id='word_1_322' title='bbox 1629 4471 1687 4514; x_wconf 91' lang='lat' dir='ltr'>suo</span> <span class='ocrx_word' id='word_1_323' title='bbox 1703 4456 1819 4534; x_wconf 90' lang='lat' dir='ltr'>rogatu</span> <span class='ocrx_word' id='word_1_324' title='bbox 1837 4451 2057 4535; x_wconf 86' lang='lat' dir='ltr'>conscriptam</span> 
     </span>
     <span class='ocr_line' id='line_1_37' title="bbox 424 4551 2057 4639; baseline 0.003 -25"><span class='ocrx_word' id='word_1_325' title='bbox 424 4552 458 4615; x_wconf 93' lang='lat' dir='ltr'>in</span> <span class='ocrx_word' id='word_1_326' title='bbox 481 4557 593 4614; x_wconf 79' lang='lat' dir='ltr'>nostra</span> <span class='ocrx_word' id='word_1_327' title='bbox 617 4551 760 4614; x_wconf 91' lang='lat' dir='ltr'>omniurn</span> <span class='ocrx_word' id='word_1_328' title='bbox 786 4557 818 4614; x_wconf 91' lang='lat' dir='ltr'>et</span> <span class='ocrx_word' id='word_1_329' title='bbox 842 4551 1017 4616; x_wconf 92' lang='lat' dir='ltr'>multorum</span> <span class='ocrx_word' id='word_1_330' title='bbox 1040 4552 1197 4618; x_wconf 85' lang='lat' dir='ltr'>laicorum</span> <span class='ocrx_word' id='word_1_331' title='bbox 1225 4555 1412 4638; x_wconf 88' lang='lat' dir='ltr'>praesentia</span> <span class='ocrx_word' id='word_1_332' title='bbox 1440 4555 1474 4620; x_wconf 92' lang='lat' dir='ltr'>in</span> <span class='ocrx_word' id='word_1_333' title='bbox 1502 4575 1600 4619; x_wconf 90' lang='lat' dir='ltr'>manu</span> <span class='ocrx_word' id='word_1_334' title='bbox 1623 4554 1756 4639; x_wconf 93' lang='lat' dir='ltr'>gloriosi</span> <span class='ocrx_word' id='word_1_335' title='bbox 1780 4553 1867 4639; x_wconf 88' lang='lat' dir='ltr'>regis</span> <span class='ocrx_word' id='word_1_336' title='bbox 1890 4552 2057 4619; x_wconf 87' lang='lat' dir='ltr'>Hlotharii</span> 
     </span>
     <span class='ocr_line' id='line_1_38' title="bbox 426 4654 2115 4743; baseline 0.001 -25"><span class='ocrx_word' id='word_1_337' title='bbox 426 4654 571 4739; x_wconf 83' lang='lat' dir='ltr'>porrexit</span> <span class='ocrx_word' id='word_1_338' title='bbox 594 4674 737 4739; x_wconf 87' lang='lat' dir='ltr'>moxque</span> <span class='ocrx_word' id='word_1_339' title='bbox 768 4673 878 4717; x_wconf 88' lang='lat' dir='ltr'>coram</span> <span class='ocrx_word' id='word_1_340' title='bbox 909 4655 1059 4721; x_wconf 87' lang='lat' dir='ltr'>omnibus</span> <span class='ocrx_word' id='word_1_341' title='bbox 1089 4656 1196 4741; x_wconf 87' lang='lat' dir='ltr'>palam</span> <span class='ocrx_word' id='word_1_342' title='bbox 1226 4656 1347 4721; x_wconf 88' lang='lat' dir='ltr'>locuta:</span> <span class='ocrx_word' id='word_1_343' title='bbox 1385 4657 1555 4737; x_wconf 85' lang='lat' dir='ltr'>‘Domine,</span> <span class='ocrx_word' id='word_1_344' title='bbox 1587 4657 1631 4722; x_wconf 92' lang='lat' dir='ltr'>mi</span> <span class='ocrx_word' id='word_1_345' title='bbox 1654 4655 1735 4734; x_wconf 86' lang='lat' dir='ltr'>rex’,</span> <span class='ocrx_word' id='word_1_346' title='bbox 1767 4657 1886 4742; x_wconf 91' lang='lat' dir='ltr'>inquit,</span> <span class='ocrx_word' id='word_1_347' title='bbox 1914 4661 2057 4743; x_wconf 90' lang='lat' dir='ltr'>‘propter</span> <span class='ocrx_word' id='word_1_348' title='bbox 2075 4674 2115 4734; x_wconf 71' lang='lat' dir='ltr'>aa</span> 
     </span>
     <span class='ocr_line' id='line_1_39' title="bbox 426 4756 2056 4846; baseline 0.001 -25"><span class='ocrx_word' id='word_1_349' title='bbox 426 4756 534 4821; x_wconf 90' lang='lat' dir='ltr'>Deum</span> <span class='ocrx_word' id='word_1_350' title='bbox 558 4777 637 4840; x_wconf 88' lang='lat' dir='ltr'>rogo</span> <span class='ocrx_word' id='word_1_351' title='bbox 661 4763 694 4820; x_wconf 91' lang='lat' dir='ltr'>ct</span> <span class='ocrx_word' id='word_1_352' title='bbox 710 4762 843 4842; x_wconf 91' lang='lat' dir='ltr'>propter</span> <span class='ocrx_word' id='word_1_353' title='bbox 859 4763 1001 4821; x_wconf 88' lang='lat' dir='ltr'>vestram</span> <span class='ocrx_word' id='word_1_354' title='bbox 1017 4758 1214 4839; x_wconf 89' lang='lat' dir='ltr'>mercedem,</span> <span class='ocrx_word' id='word_1_355' title='bbox 1239 4764 1274 4822; x_wconf 92' lang='lat' dir='ltr'>ut</span> <span class='ocrx_word' id='word_1_356' title='bbox 1296 4759 1375 4823; x_wconf 88' lang='lat' dir='ltr'>mihi</span> <span class='ocrx_word' id='word_1_357' title='bbox 1390 4761 1628 4844; x_wconf 87' lang='lat' dir='ltr'>poenitentiam</span> <span class='ocrx_word' id='word_1_358' title='bbox 1651 4780 1750 4845; x_wconf 90' lang='lat' dir='ltr'>agere</span> <span class='ocrx_word' id='word_1_359' title='bbox 1773 4760 1880 4838; x_wconf 84' lang='lat' dir='ltr'>liceat,</span> <span class='ocrx_word' id='word_1_360' title='bbox 1904 4761 2056 4846; x_wconf 87' lang='lat' dir='ltr'>quoniam</span> 
     </span>
     <span class='ocr_line' id='line_1_40' title="bbox 427 4859 2058 4948; baseline 0.002 -24"><span class='ocrx_word' id='word_1_361' title='bbox 427 4867 460 4924; x_wconf 89' lang='lat' dir='ltr'>et</span> <span class='ocrx_word' id='word_1_362' title='bbox 483 4859 592 4924; x_wconf 85' lang='lat' dir='ltr'>verbis</span> <span class='ocrx_word' id='word_1_363' title='bbox 617 4866 650 4925; x_wconf 92' lang='lat' dir='ltr'>et</span> <span class='ocrx_word' id='word_1_364' title='bbox 675 4861 794 4946; x_wconf 88' lang='lat' dir='ltr'>scripto</span> <span class='ocrx_word' id='word_1_365' title='bbox 819 4860 977 4924; x_wconf 86' lang='lat' dir='ltr'>confiteor</span> <span class='ocrx_word' id='word_1_366' title='bbox 997 4881 1050 4926; x_wconf 92' lang='lat' dir='ltr'>me</span> <span class='ocrx_word' id='word_1_367' title='bbox 1075 4862 1282 4946; x_wconf 88' lang='lat' dir='ltr'>coniugalem</span> <span class='ocrx_word' id='word_1_368' title='bbox 1311 4863 1463 4948; x_wconf 89' lang='lat' dir='ltr'>copulam</span> <span class='ocrx_word' id='word_1_369' title='bbox 1484 4885 1549 4928; x_wconf 92' lang='lat' dir='ltr'>non</span> <span class='ocrx_word' id='word_1_370' title='bbox 1572 4865 1707 4943; x_wconf 90' lang='lat' dir='ltr'>mereri,</span> <span class='ocrx_word' id='word_1_371' title='bbox 1731 4863 1870 4948; x_wconf 90' lang='lat' dir='ltr'>ideoque</span> <span class='ocrx_word' id='word_1_372' title='bbox 1894 4869 2058 4948; x_wconf 88' lang='lat' dir='ltr'>prostrate</span> 
     </span>
     <span class='ocr_line' id='line_1_41' title="bbox 426 4963 2071 5052; baseline 0.002 -25"><span class='ocrx_word' id='word_1_373' title='bbox 426 4963 617 5048; x_wconf 88' lang='lat' dir='ltr'>suppliciter</span> <span class='ocrx_word' id='word_1_374' title='bbox 640 4963 824 5048; x_wconf 87' lang='lat' dir='ltr'>expostulo,</span> <span class='ocrx_word' id='word_1_375' title='bbox 849 4970 884 5026; x_wconf 92' lang='lat' dir='ltr'>ut</span> <span class='ocrx_word' id='word_1_376' title='bbox 906 4963 985 5026; x_wconf 90' lang='lat' dir='ltr'>mihi</span> <span class='ocrx_word' id='word_1_377' title='bbox 1008 4964 1072 5028; x_wconf 88' lang='lat' dir='ltr'>iarn</span> <span class='ocrx_word' id='word_1_378' title='bbox 1096 4984 1181 5028; x_wconf 90' lang='lat' dir='ltr'>nunc</span> <span class='ocrx_word' id='word_1_379' title='bbox 1204 4969 1237 5028; x_wconf 91' lang='lat' dir='ltr'>et</span> <span class='ocrx_word' id='word_1_380' title='bbox 1259 4964 1416 5052; x_wconf 87' lang='lat' dir='ltr'>deinceps</span> <span class='ocrx_word' id='word_1_381' title='bbox 1440 4987 1505 5029; x_wconf 88' lang='lat' dir='ltr'>non</span> <span class='ocrx_word' id='word_1_382' title='bbox 1528 4966 1708 5050; x_wconf 88' lang='lat' dir='ltr'>denegetis,</span> <span class='ocrx_word' id='word_1_383' title='bbox 1732 4965 1816 5050; x_wconf 92' lang='lat' dir='ltr'>quod</span> <span class='ocrx_word' id='word_1_384' title='bbox 1841 4987 1933 5030; x_wconf 90' lang='lat' dir='ltr'>meae</span> <span class='ocrx_word' id='word_1_385' title='bbox 1959 4966 2071 5030; x_wconf 83' lang='lat' dir='ltr'>saluti</span> 
     </span>
     <span class='ocr_line' id='line_1_42' title="bbox 427 5064 2057 5155; baseline 0.001 -25"><span class='ocrx_word' id='word_1_386' title='bbox 427 5066 565 5152; x_wconf 89' lang='lat' dir='ltr'>posthac</span> <span class='ocrx_word' id='word_1_387' title='bbox 581 5086 770 5131; x_wconf 88' lang='lat' dir='ltr'>succurrere</span> <span class='ocrx_word' id='word_1_388' title='bbox 793 5064 924 5150; x_wconf 67' lang='lat' dir='ltr'>potest!</span> <span class='ocrx_word' id='word_1_389' title='bbox 969 5065 1096 5131; x_wconf 83' lang='lat' dir='ltr'>Toxlus</span> <span class='ocrx_word' id='word_1_390' title='bbox 1113 5067 1223 5152; x_wconf 89' lang='lat' dir='ltr'>itaque</span> <span class='ocrx_word' id='word_1_391' title='bbox 1245 5068 1333 5132; x_wconf 92' lang='lat' dir='ltr'>illius</span> <span class='ocrx_word' id='word_1_392' title='bbox 1348 5069 1527 5155; x_wconf 88' lang='lat' dir='ltr'>scripturae</span> <span class='ocrx_word' id='word_1_393' title='bbox 1551 5069 1633 5134; x_wconf 89' lang='lat' dir='ltr'>haec</span> <span class='ocrx_word' id='word_1_394' title='bbox 1649 5069 1751 5133; x_wconf 81' lang='lat' dir='ltr'>verba</span> <span class='ocrx_word' id='word_1_395' title='bbox 1773 5077 1806 5134; x_wconf 89' lang='lat' dir='ltr'>et</span> <span class='ocrx_word' id='word_1_396' title='bbox 1823 5070 1909 5133; x_wconf 90' lang='lat' dir='ltr'>hunc</span> <span class='ocrx_word' id='word_1_397' title='bbox 1925 5090 2057 5134; x_wconf 90' lang='lat' dir='ltr'>sensum</span> 
     </span>
     <span class='ocr_line' id='line_1_43' title="bbox 426 5167 2100 5258; baseline 0.002 -26"><span class='ocrx_word' id='word_1_398' title='bbox 426 5170 626 5234; x_wconf 86' lang='lat' dir='ltr'>continebat:</span> <span class='ocrx_word' id='word_1_399' title='bbox 659 5168 741 5253; x_wconf 82' lang='lat' dir='ltr'>‘Ego</span> <span class='ocrx_word' id='word_1_400' title='bbox 772 5167 979 5247; x_wconf 83' lang='lat' dir='ltr'>Thietbrihc,</span> <span class='ocrx_word' id='word_1_401' title='bbox 1015 5191 1113 5254; x_wconf 89' lang='lat' dir='ltr'>quam</span> <span class='ocrx_word' id='word_1_402' title='bbox 1144 5170 1281 5236; x_wconf 80' lang='lat' dir='ltr'>feminei</span> <span class='ocrx_word' id='word_1_403' title='bbox 1313 5193 1412 5238; x_wconf 85' lang='lat' dir='ltr'>sexus</span> <span class='ocrx_word' id='word_1_404' title='bbox 1445 5172 1653 5258; x_wconf 89' lang='lat' dir='ltr'>inprudentia</span> <span class='ocrx_word' id='word_1_405' title='bbox 1687 5179 1720 5236; x_wconf 93' lang='lat' dir='ltr'>et</span> <span class='ocrx_word' id='word_1_406' title='bbox 1746 5173 1906 5258; x_wconf 88' lang='lat' dir='ltr'>fragilitas</span> <span class='ocrx_word' id='word_1_407' title='bbox 1939 5172 2056 5237; x_wconf 80' lang='lat' dir='ltr'>fefellit</span> <span class='ocrx_word' id='word_1_408' title='bbox 2073 5189 2100 5229; x_wconf 67' lang='grc' dir='ltr'>ω</span> 
     </span>
    </p>
   </div>
   <div class='ocr_carea' id='block_1_11' title="bbox 417 5271 2058 5362">
    <p class='ocr_par' dir='ltr' id='par_1_15' title="bbox 417 5271 2058 5362">
     <span class='ocr_line' id='line_1_44' title="bbox 417 5271 2058 5362; baseline 0.003 -27"><span class='ocrx_word' id='word_1_409' title='bbox 417 5271 568 5342; x_wconf 68' lang='lat' dir='ltr'>,humana</span> <span class='ocrx_word' id='word_1_410' title='bbox 592 5279 624 5336; x_wconf 87' lang='lat' dir='ltr'>et</span> <span class='ocrx_word' id='word_1_411' title='bbox 647 5272 847 5336; x_wconf 89' lang='lat' dir='ltr'>conscientia</span> <span class='ocrx_word' id='word_1_412' title='bbox 869 5271 982 5336; x_wconf 88' lang='lat' dir='ltr'>delicti</span> <span class='ocrx_word' id='word_1_413' title='bbox 1005 5272 1147 5354; x_wconf 88' lang='lat' dir='ltr'>mordet,</span> <span class='ocrx_word' id='word_1_414' title='bbox 1176 5280 1309 5358; x_wconf 89' lang='lat' dir='ltr'>propter</span> <span class='ocrx_word' id='word_1_415' title='bbox 1337 5297 1430 5361; x_wconf 90' lang='lat' dir='ltr'>spem</span> <span class='ocrx_word' id='word_1_416' title='bbox 1460 5276 1574 5340; x_wconf 87' lang='lat' dir='ltr'>salutis</span> <span class='ocrx_word' id='word_1_417' title='bbox 1598 5275 1726 5340; x_wconf 88' lang='lat' dir='ltr'>animae</span> <span class='ocrx_word' id='word_1_418' title='bbox 1749 5297 1843 5342; x_wconf 88' lang='lat' dir='ltr'>meae</span> <span class='ocrx_word' id='word_1_419' title='bbox 1868 5284 1901 5341; x_wconf 91' lang='lat' dir='ltr'>et</span> <span class='ocrx_word' id='word_1_420' title='bbox 1922 5282 2058 5362; x_wconf 90' lang='lat' dir='ltr'>propter</span> 
     </span>
    </p>
   </div>
   <div class='ocr_carea' id='block_1_12' title="bbox 425 5373 2056 5612">
    <p class='ocr_par' dir='ltr' id='par_1_16' title="bbox 425 5373 2056 5612">
     <span class='ocr_line' id='line_1_45' title="bbox 425 5373 2056 5463; baseline 0.002 -25"><span class='ocrx_word' id='word_1_421' title='bbox 425 5373 616 5438; x_wconf 89' lang='lat' dir='ltr'>fidelitatem</span> <span class='ocrx_word' id='word_1_422' title='bbox 641 5396 720 5459; x_wconf 89' lang='lat' dir='ltr'>erga</span> <span class='ocrx_word' id='word_1_423' title='bbox 744 5375 906 5439; x_wconf 90' lang='lat' dir='ltr'>seniorem</span> <span class='ocrx_word' id='word_1_424' title='bbox 936 5396 1045 5440; x_wconf 90' lang='lat' dir='ltr'>meum</span> <span class='ocrx_word' id='word_1_425' title='bbox 1069 5396 1178 5440; x_wconf 86' lang='lat' dir='ltr'>veram</span> <span class='ocrx_word' id='word_1_426' title='bbox 1209 5376 1447 5443; x_wconf 84' lang='lat' dir='ltr'>confessionem</span> <span class='ocrx_word' id='word_1_427' title='bbox 1476 5398 1585 5442; x_wconf 91' lang='lat' dir='ltr'>coram</span> <span class='ocrx_word' id='word_1_428' title='bbox 1609 5377 1682 5442; x_wconf 90' lang='lat' dir='ltr'>Dec</span> <span class='ocrx_word' id='word_1_429' title='bbox 1715 5385 1748 5444; x_wconf 90' lang='lat' dir='ltr'>et</span> <span class='ocrx_word' id='word_1_430' title='bbox 1777 5381 1899 5444; x_wconf 89' lang='lat' dir='ltr'>sanctis</span> <span class='ocrx_word' id='word_1_431' title='bbox 1928 5379 2056 5463; x_wconf 88' lang='lat' dir='ltr'>angelis</span> 
     </span>
     <span class='ocr_line' id='line_1_46' title="bbox 489 5477 497 5499; baseline 0 0"><span class='ocrx_word' id='word_1_432' title='bbox 489 5477 497 5499; x_wconf 83' lang='grc' dir='ltr'>Ι</span> 
     </span>
     <span class='ocr_line' id='line_1_47' title="bbox 531 5545 791 5612; baseline 0.004 -15"><span class='ocrx_word' id='word_1_433' title='bbox 531 5545 557 5612; x_wconf 71' lang='lat' dir='ltr'>a)</span> <span class='ocrx_word' id='word_1_434' title='bbox 576 5547 694 5598; x_wconf 79' lang='lat' dir='ltr'>flilduini</span> <span class='ocrx_word' id='word_1_435' title='bbox 713 5547 791 5600; x_wconf 66' lang='lat' dir='ltr'>sarm.</span> 
     </span>
    </p>
   </div>
   <div class='ocr_carea' id='block_1_13' title="bbox 529 5697 1574 5774">
    <p class='ocr_par' dir='ltr' id='par_1_17' title="bbox 529 5697 1574 5774">
     <span class='ocr_line' id='line_1_48' title="bbox 529 5697 1574 5774; baseline 0.003 -21"><span class='ocrx_word' id='word_1_436' title='bbox 529 5699 554 5766; x_wconf 85' lang='lat'>1)</span> <span class='ocrx_word' id='word_1_437' title='bbox 579 5698 663 5753; x_wconf 80' lang='lat' dir='ltr'>Verba</span> <span class='ocrx_word' id='word_1_438' title='bbox 681 5700 760 5754; x_wconf 75' lang='lat' dir='ltr'>unere</span> <span class='ocrx_word' id='word_1_439' title='bbox 777 5699 883 5752; x_wconf 79' lang='lat' dir='ltr'>inclusa</span> <span class='ocrx_word' id='word_1_440' title='bbox 901 5697 1073 5754; x_wconf 80' lang='lat' dir='ltr'>Hincmnrus</span> <span class='ocrx_word' id='word_1_441' title='bbox 1091 5701 1106 5754; x_wconf 79' lang='lat'>1.</span> <span class='ocrx_word' id='word_1_442' title='bbox 1119 5716 1140 5755; x_wconf 92' lang='lat' dir='ltr'>c.</span> <span class='ocrx_word' id='word_1_443' title='bbox 1159 5701 1218 5770; x_wconf 82' lang='lat' dir='ltr'>(cfr.</span> <span class='ocrx_word' id='word_1_444' title='bbox 1236 5720 1321 5774; x_wconf 61' lang='lat' dir='ltr'>capra</span> <span class='ocrx_word' id='word_1_445' title='bbox 1334 5721 1364 5773; x_wconf 76' lang='lat' dir='ltr'>p.</span> <span class='ocrx_word' id='word_1_446' title='bbox 1377 5704 1439 5774; x_wconf 84' lang='grc'>463)</span> <span class='ocrx_word' id='word_1_447' title='bbox 1457 5702 1574 5758; x_wconf 81' lang='lat' dir='ltr'>addidit.</span> 
     </span>
    </p>
   </div>
   <div class='ocr_carea' id='block_1_14' title="bbox 0 0 2297 6420">
    <p class='ocr_par' dir='ltr' id='par_1_18' title="bbox 0 0 2297 6420">
     <span class='ocr_line' id='line_1_49' title="bbox 0 0 2297 6420; baseline 0 0"><span class='ocrx_word' id='word_1_448' title='bbox 0 0 2297 6420; x_wconf 95' lang='lat' dir='ltr'> </span> 
     </span>
    </p>
   </div>
  </div>
 </body>
</html>
