4568 6420
587 472 683 528 ACTA
701 472 748 526 DE
766 471 1015 529 THEUTBERGA
1033 473 1171 528 anolus
1192 473 1322 529 EMISSA
1341 505 1376 515 -
1397 477 1444 531 Nr.
1457 476 1516 531 306.
1803 478 1866 540 467

237 646 307 710 cius
330 666 367 709 ac
385 644 626 710 venerabilibus
649 646 811 732 episcopis
835 646 904 710 sive
922 644 1087 710 nobilibus
1102 647 1194 711 laicis
1218 649 1264 712 sic
1281 649 1444 735 profiteor,
1468 638 1564 734 quia²
1581 669 1755 733 germanus
1772 667 1863 713 meus
1883 649 1944 707 860.

235 748 427 814 Huebertus
451 748 590 814 clericus
616 769 670 813 me
693 748 973 813 adulescentulam
998 751 1141 835 eorrupit
1169 757 1202 814 et
1231 753 1264 816 in
1292 773 1364 817 meo
1388 773 1523 838 corpore
1548 759 1659 816 contra
1682 751 1866 815 naturalem

237 873 332 916 nsum
362 852 610 917 fornicationem
637 852 788 917 exercuit
814 859 848 916 et
874 853 1085 937 perpetravit.
1137 851 1211 918 Hoc
1239 856 1407 934 testificor,
1437 861 1523 919 teste
1554 854 1633 918 mihi
1667 855 1867 919 conscientia

238 974 320 1033 mea,
344 973 409 1020 non
433 957 543 1041 aliqua
564 956 719 1020 malivola
743 956 955 1040 suggestione
982 976 1142 1040 persuasa
1169 979 1275 1044 neque
1305 959 1441 1023 violenti
1469 959 1668 1022 necessitate
1698 957 1867 1042 conpulsa,

205 1059 296 1124 ssed
320 1059 458 1144 simplici
481 1059 651 1123 voluntate
673 1059 719 1122 rei
747 1060 934 1136 veritatem,
963 1059 1057 1122 sicuti
1080 1066 1149 1136 est,
1172 1061 1331 1145 professa.
1384 1062 1439 1126 Sic
1461 1082 1514 1126 me
1537 1060 1670 1125 adiuvet
1693 1059 1865 1140 Dominus,

239 1164 293 1248 qui
315 1169 507 1248 peccatores
532 1162 659 1227 salvare
688 1162 780 1226 venit
807 1167 840 1224 et
868 1167 1005 1246 peccata
1033 1163 1225 1247 simpliciter
1255 1185 1293 1229 ac
1315 1165 1477 1230 veraciter
1501 1164 1732 1229 confitentibus
1755 1183 1866 1227 veram

239 1265 475 1350 indulgentiam
498 1265 660 1351 promisit,
686 1265 715 1327 'si
739 1264 819 1327 nihil
849 1263 950 1347 fingo,
982 1265 1008 1326 si
1036 1285 1113 1328 vera
1143 1267 1271 1352 propria
1301 1288 1380 1332 voce
1410 1269 1589 1353 pronuncio
1623 1273 1657 1331 et
1686 1267 1866 1330 litterarum

239 1368 439 1454 cyrographo
463 1390 532 1432 rem
556 1373 682 1453 gestam
708 1367 878 1434 confirmo:
908 1367 982 1450 quia
1006 1367 1208 1432 tolerabilius
1239 1377 1290 1434 est
1317 1371 1397 1434 mihi
1425 1369 1612 1457 inprudenti
1644 1391 1682 1433 ac
1706 1369 1865 1454 deceptae

238 1472 381 1537 feminae
413 1492 522 1536 coram
550 1470 736 1534 hominibus
766 1470 895 1556 culpam
925 1471 1115 1556 simpliciter
1141 1473 1305 1554 confiteri,
1338 1496 1435 1560 quam
1464 1482 1539 1538 ante
1568 1473 1711 1538 tribunal
1734 1471 1868 1537 Domini

197 1598 223 1638 ιο
241 1576 435 1643 erubescere
459 1581 557 1661 atque
581 1581 751 1639 aeternum
776 1595 834 1638 vae
857 1572 1000 1638 heberei
1386 1638 1390 1646 ,

351 1681 397 1742 16.
432 1677 506 1742 Hoc
529 1679 639 1762 itaque
667 1677 804 1742 recitato
835 1677 1012 1740 astantium
1039 1678 1164 1741 animos
1191 1679 1306 1743 horror
1334 1681 1458 1764 pariter
1479 1702 1517 1744 ac
1541 1680 1633 1745 dolor
1653 1679 1807 1765 perculit,
1831 1699 1869 1741 sc

241 1781 281 1848 de
304 1790 396 1846 tauta
412 1781 546 1846 lieentia
562 1780 744 1846 diabolicae
762 1779 885 1844 fraudis
909 1781 1114 1845 sacerdotum
1132 1791 1266 1867 pectora
1281 1785 1423 1868 gemitus
1439 1783 1626 1869 complevit.
1673 1782 1739 1846 Sed
1754 1801 1867 1867 quam-

239 1886 288 1949 vis
312 1885 376 1949 ista
399 1885 469 1950 eius
495 1885 660 1948 confessio
683 1883 848 1947 credibilis
873 1891 1059 1968 appareret,
1084 1892 1193 1949 tamen
1216 1907 1258 1950 ne
1281 1886 1365 1950 forte
1388 1907 1447 1971 pro
1472 1885 1789 1972 aliquaideceptions
1813 1890 1871 1947 aut

237 2008 297 2074 pro
315 1989 432 2052 timore
448 1989 587 2052 alieuius
604 2009 704 2073 saepe
722 1986 809 2050 dicta
825 1987 943 2050 mulier
958 1987 1163 2062 mentiretur,
1180 1987 1287 2052 denuo
1304 1997 1520 2053 memoratum
1536 2009 1647 2073 regem
1663 1988 1869 2072 alloquentes

196 2113 223 2154 rr
240 2093 367 2176 magnis
392 2111 467 2156 eum
490 2090 764 2156 obtestationibus
789 2091 1017 2168 astrinximus,
1048 2096 1084 2154 ut
1106 2091 1200 2154 nobis
1223 2093 1448 2173 confiteretur,
1483 2094 1510 2156 si
1539 2113 1612 2156 eam
1636 2092 1789 2156 suasione
1814 2099 1871 2156 snt

240 2195 492 2260 comminatione
521 2193 562 2257 ad
591 2215 626 2258 se
655 2194 758 2278 ipsam
788 2192 950 2256 fallaciter
980 2192 1215 2258 criminandum
1251 2195 1472 2280 compulisset.
1528 2194 1672 2260 Econtra
1697 2195 1769 2280 ipse
1798 2214 1872 2258 cum

238 2298 390 2363 maximis
414 2296 681 2362 attestationibus
705 2293 800 2360 nobis
831 2295 1010 2359 declaravit
1037 2296 1142 2360 solam
1172 2297 1219 2361 rei
1243 2297 1412 2363 veritatem
1441 2299 1529 2364 illam
1558 2297 1704 2363 confiteri
1734 2318 1769 2361 se
1794 2317 1871 2381 per-

241 2401 470 2465 suasisseuec
493 2401 526 2464 in
554 2419 595 2463 ea
624 2419 723 2464 eausa
746 2397 944 2463 industriose
968 2397 1092 2484 aliquid
1116 2400 1256 2485 emplius
1280 2401 1400 2484 egisse.
1450 2401 1631 2466 Referebat
1654 2401 1752 2464 ctiam
1776 2399 1871 2462 nobis

240 2505 274 2568 in
296 2505 368 2589 ipsa
391 2503 487 2578 hora,
521 2501 699 2588 quomodo,
727 2507 899 2586 postquam
930 2502 1071 2586 primurn
1102 2502 1268 2567 infandam
1293 2525 1362 2568 rem
1386 2503 1510 2569 audivit
1532 2510 1566 2568 et
1588 2525 1700 2569 veram
1722 2501 1872 2582 eredidit,

197 2631 224 2672 ao
242 2614 398 2692 quantum
430 2605 505 2671 inde
535 2604 656 2682 doluit,
689 2611 911 2689 quantumque
947 2604 1009 2667 sibi
1042 2605 1242 2690 inopinatum
1269 2607 1398 2670 malum
1432 2614 1466 2672 et
1498 2608 1631 2672 minime
1662 2613 1776 2691 optata
1806 2605 1873 2668 fors
1928 2607 1929 2612 ’

241 2709 421 2795 displicuit;
460 2709 603 2794 qualiter
631 2707 771 2792 denique
804 2726 872 2770 rem
907 2704 1016 2769 fedam
1052 2707 1217 2791 patienter
1250 2708 1337 2773 ferre
1365 2717 1412 2784 et,
1446 2710 1509 2774 nisi
1537 2712 1601 2774 iarn
1634 2716 1761 2773 tantum
1787 2708 1874 2772 fama

240 2814 452 2892 cucurrisset,
484 2813 648 2876 occultare
677 2810 779 2875 voluit
807 2816 840 2874 et
873 2815 1029 2894 quantum
1059 2811 1168 2894 potuit
1193 2810 1282 2875 fecit.
1334 2811 1430 2877 Unde
1461 2819 1495 2878 et
1516 2813 1635 2877 falsum
1658 2811 1813 2876 iudicium
1838 2832 1873 2875 se

241 2917 364 2981 sciente
387 2937 445 3001 pro
468 2915 600 2979 verifica
624 2913 868 2978 examinatione
892 2913 1038 2998 suscepit
1061 2919 1094 2976 et
1110 2914 1274 2995 toleravit,
1300 2921 1347 2992 ut,
1371 2915 1398 2979 si
1421 2915 1491 2981 fieri
1506 2920 1630 3002 posset,
1654 2921 1746 2979 tanta
1768 2915 1871 3001 turpi-

240 3017 319 3083 tudo
342 3019 543 3083 incredibilis
559 3023 734 3103 appareret
757 3023 790 3080 et
813 3017 859 3080 sic
883 3015 915 3079 in
940 3014 1063 3079 mundo
1080 3024 1295 3081 evanesceret
1311 3020 1448 3104 ipseque
1466 3039 1575 3082 coram
1592 3020 1726 3083 saeculo
1750 3020 1782 3082 in
1806 3027 1874 3083 tam

199 3147 224 3188 rs
242 3123 460 3208 ignominiosa
482 3122 612 3187 macula
636 3129 669 3185 et
693 3121 826 3184 ruinosa
849 3119 1030 3184 offensione
1054 3141 1119 3183 non
1144 3128 1338 3185 remaneret.
1389 3121 1566 3206 Postquam
1596 3131 1706 3187 autem
1730 3122 1875 3186 revelata

243 3228 346 3312 pestis
377 3228 481 3290 latere
503 3247 568 3289 non
591 3226 696 3311 potuit
724 3245 763 3287 ac
791 3225 863 3308 ipse
893 3222 1019 3308 pondus
1044 3225 1125 3286 tanti
1148 3223 1313 3309 obprobrii
1336 3225 1420 3289 ferre
1444 3226 1607 3310 nequivit,
1636 3227 1778 3289 maxime
1802 3247 1875 3290 cunr

241 3330 390 3415 partibus
414 3327 625 3414 Burgundiae
648 3335 746 3412 atque
771 3325 888 3391 Italiae
911 3317 1122 3391 discurrens³
1146 3328 1243 3390 nimis
1268 3327 1468 3392 diffamatam
1500 3349 1538 3392 ac
1566 3328 1767 3412 divulgatam
1791 3328 1873 3392 fedi·

243 3440 343 3498 tatem
375 3433 561 3510 exhorruit,
598 3452 663 3494 non
699 3437 749 3494 est
780 3450 898 3516 passus
932 3430 1016 3494 hanc
1046 3450 1178 3494 eausam
1210 3432 1279 3496 sine
1311 3433 1538 3518 episcoporum
1568 3434 1719 3496 examine
1751 3431 1873 3496 diutius

243 3536 417 3602 subsilere.
469 3536 601 3601 Revera
628 3535 808 3598 lacrimosis
833 3534 979 3618 suspiriis
1003 3535 1226 3619 multipliciter
1253 3535 1286 3598 id
1315 3536 1376 3600 sibi
1408 3534 1449 3600 de
1477 3543 1657 3599 memorata
1679 3537 1801 3600 femina
1823 3536 1873 3598 iu-

201 3641 408 3704 aculeatum
433 3647 466 3704 et
490 3641 523 3703 in
545 3639 606 3702 hoc
630 3639 727 3702 etiam
752 3657 854 3720 regno
879 3657 898 3699 a
922 3636 1070 3721 plurimis
1093 3637 1289 3702 affirmatum
1313 3659 1376 3702 non
1400 3639 1470 3704 sine
1494 3641 1619 3723 gemitu
1641 3638 1823 3724 repetebat.

354 3746 400 3806 17.
435 3741 505 3806 Nos
528 3741 627 3826 igitur
649 3760 761 3804 rursus
784 3738 922 3802 eandem
946 3738 1134 3814 mulierem,
1164 3741 1303 3825 primum
1330 3749 1474 3819 secreto,
1504 3741 1623 3807 deinde
1648 3763 1757 3807 eoram
1779 3742 1872 3806 laicis

244 3845 404 3910 adivimus
428 3865 566 3928 eamque
590 3865 663 3907 cum
686 3841 891 3905 adiuratione
914 3840 1022 3904 divina
1052 3843 1186 3904 monitis
1217 3844 1365 3928 pluribus
1395 3844 1558 3909 exhortati
1586 3867 1717 3922 sumus,
1746 3865 1787 3908 ne
1811 3843 1874 3907 sibi

242 3949 310 4012 ullo
333 3947 429 4012 modo
453 3946 571 4012 falsum
595 3948 716 4010 crimen
739 3944 885 4020 inferret,
909 3949 1117 4008 aeternarum
1134 3966 1264 4031 quoque
1287 3967 1465 4031 poenarum
1480 3950 1586 4028 minis,
1610 3950 1637 4012 si
1659 3933 1722 4013 hoc
1739 3948 1873 4025 faceret,

243 4051 411 4116 deterrere
435 4051 633 4127 curavimus,
665 4049 849 4130 iterumque
874 4045 914 4110 de
938 4055 1050 4111 nostro
1075 4049 1210 4111 consilio
1235 4058 1268 4112 et
1290 4051 1431 4130 auxilio,
1456 4053 1594 4115 tuitione
1618 4073 1656 4115 ac
1680 4049 1873 4115 defensione

199 4179 223 4222 as
243 4161 354 4219 contra
379 4171 492 4220 ornnes
516 4151 650 4216 insidias
674 4151 725 4214 vel
749 4149 920 4214 violentias
944 4170 1093 4214 securam
1116 4149 1330 4228 reddidimus,
1365 4162 1491 4217 tantum
1515 4161 1551 4216 ut
1579 4154 1674 4217 nobis
1703 4155 1768 4216 iarn
1798 4161 1874 4216 tunc

241 4256 436 4322 fiducialiter
455 4256 673 4331 confiteretur,
696 4259 803 4317 utrum
820 4272 988 4338 persuasa,
1012 4272 1054 4315 an
1072 4253 1230 4337 conpulsa
1252 4252 1294 4317 ad
1311 4275 1346 4318 se
1363 4255 1468 4340 ipsam
1486 4256 1723 4320 criminandum
1747 4256 1872 4319 fuisset.

243 4360 295 4425 Ad
318 4360 401 4425 haee
424 4359 480 4423 illa
495 4380 613 4446 aspero
630 4359 748 4422 iutuitu
771 4377 829 4420 uos
851 4355 1068 4439 redarguens:
1100 4354 1256 4431 ‘Putatis'‚
1281 4359 1396 4443 inquit,
1419 4364 1465 4421 ‘ut
1487 4379 1538 4422 me
1554 4359 1660 4444 ipsam
1684 4380 1742 4444 pro
1765 4359 1875 4442 aliqua

242 4485 278 4528 re
301 4462 333 4526 in
357 4462 479 4528 mundo
506 4464 552 4527 ita
573 4461 711 4547 perdere
739 4460 936 4523 voluissem?
972 4458 1067 4522 Sicut
1098 4460 1184 4524 enim
1215 4461 1367 4526 confessa
1397 4461 1462 4542 fui,
1492 4461 1539 4525 sic
1568 4462 1739 4543 confiteor,
1764 4469 1797 4524 et
1827 4463 1873 4526 sic

243 4565 433 4630 confitebor.
486 4566 628 4630 Tantum
659 4564 797 4628 obsecro
833 4567 967 4647 propter
995 4560 1060 4625 Dei
1093 4582 1249 4640 arnonem,
1288 4572 1324 4628 ut
1356 4565 1437 4629 meis
1471 4565 1624 4650 precibus
1655 4565 1874 4630 desideratam

198 4699 225 4738 ιο
245 4668 500 4734 misericordiam
522 4669 587 4732 iam
610 4667 706 4731 modo
728 4663 938 4731 concedatis’
983 4665 1070 4730 Hinc
1094 4676 1207 4731 nostra
1223 4667 1408 4731 sollicitudo
1425 4669 1603 4754 requisivit,
1628 4690 1669 4732 an
1692 4669 1764 4753 ipsa
1787 4669 1873 4732 ulte-

242 4773 310 4837 rius
331 4772 407 4837 inde
431 4772 572 4857 aliquam
596 4770 697 4835 vellet
720 4771 957 4854 querimoniam
985 4790 1117 4834 movere
1147 4778 1203 4834 aut
1233 4771 1360 4854 aliquas
1392 4770 1567 4856 aliquando
1597 4769 1732 4836 insidias
1755 4771 1874 4850 moliri,

243 4877 271 4939 si
294 4897 373 4940 suae
397 4875 547 4961 petitioni
570 4875 664 4938 fieret
687 4874 910 4946 satisfactum
934 4873 1026 4936 cuius
1050 4873 1281 4957 obligationem
1306 4881 1339 4938 et
1362 4882 1472 4938 nostra
1496 4875 1582 4938 illico
1606 4875 1804 4938 unanimitas
1828 4875 1874 4937 ita

242 4983 418 5064 prosecuta
441 4986 505 5042 est:
535 4977 657 5054 ‘Scias,
690 4976 817 5052 ofilia,
848 4976 938 5060 quia,
963 4976 990 5038 si
1014 4981 1158 5038 nostram
1182 4975 1215 5038 in
1239 4983 1272 5039 te
1295 4983 1450 5062 tuamque
1474 4977 1714 5042 confessionem
1739 4983 1871 5040 senten·
1920 5044 1925 5054 ,

242 5083 321 5146 tiam
351 5081 558 5167 expectabis,
590 5086 626 5143 ut
655 5085 688 5144 te
719 5079 848 5144 divinae
882 5087 915 5144 et
949 5081 1127 5144 canonicae
1160 5081 1414 5166 comprehendat
1442 5081 1644 5145 auctoritatis
1673 5101 1811 5144 censura
1842 5086 1875 5144 et

197 5211 223 5252 se
242 5184 477 5249 indissolubilis
498 5184 632 5268 incipiat
647 5183 752 5267 ligare
770 5182 975 5247 sacerdotum
992 5190 1120 5250 eatena.
1144 5183 1230 5247 unde
1248 5184 1354 5247 adhue
1371 5191 1465 5270 potes
1482 5203 1687 5268 recuperare,
1711 5183 1739 5246 si
1764 5190 1874 5247 tamen

240 5293 346 5372 poter,
369 5288 516 5366 ulterius,
539 5293 576 5351 ut
598 5287 824 5365 aestimamus,
856 5306 919 5349 non
943 5283 1176 5370 recuperabis!
1229 5285 1283 5348 Sic
1313 5293 1347 5350 et
1369 5286 1445 5350 laici
1468 5287 1641 5372 plurimum
1666 5305 1739 5348 eam
1762 5283 1873 5348 admo·

242 5397 393 5468 nuerunt,
417 5391 559 5454 maxime
581 5391 683 5475 ipsius
699 5389 876 5454 familiares
900 5396 933 5453 et
956 5389 1052 5453 amici
1068 5387 1241 5452 admodum
1266 5389 1365 5458 illam,
1389 5408 1430 5452 ne
1456 5408 1490 5450 se
1507 5386 1687 5473 deciperet,
1712 5386 1873 5472 pulsando
1946 5471 1950 5480 ,

241 5493 464 5578 increpabant.
509 5493 588 5579 Ipsa
611 5501 732 5570 tamen,
755 5492 857 5557 veluti
881 5493 907 5555 si
931 5491 1002 5555 eius
1019 5491 1239 5555 conscientiae
1263 5497 1427 5554 secretum
1453 5491 1651 5554 intuentium
1675 5491 1779 5555 oculis
1798 5483 1874 5552 visi-

242 5596 353 5660 biliter
375 5603 557 5682 appareret,
582 5596 757 5660 immobilis
780 5596 813 5657 in
838 5614 899 5658 sua
922 5593 1128 5658 confessione
1152 5592 1352 5678 perduravit.

200 5747 225 5786 eo
356 5731 384 5798 2)
404 5730 460 5798 Osr.
479 5747 566 5801 capro
580 5747 607 5798 p.
619 5733 679 5799 464,
698 5736 746 5784 aot
765 5732 790 5785 5.
877 5731 905 5796 3)
927 5729 983 5794 Csr.
1002 5745 1088 5798 aspra
1101 5746 1131 5798 p.
1143 5731 1204 5795 464,
1220 5732 1275 5782 not.
1288 5728 1312 5782 8.
