4560 6426
427 451 489 513 296
594 447 838 501 CAPITULARIA
860 447 985 501 REGUM
1004 447 1188 502 FRANCIAE
1206 447 1468 502 occrosrmams
1487 446 1637 516 (Khsotl
1649 447 1695 516 ΙΙ).
1716 477 1745 486 -
1766 447 1885 502 Neues.

349 631 409 682 858.
429 621 618 709 accepistis,
649 621 725 704 quin
757 627 790 684 et
821 621 854 684 in
885 621 963 684 villa
986 621 1114 684 Breona
1141 621 1344 706 promisistis.
1396 622 1458 686 His
1479 620 1624 684 reddenda
1646 626 1730 696 sunt,
1753 641 1832 701 curre
1855 620 1935 683 idrus
1958 621 2054 700 refert

425 727 460 788 iu
482 724 601 788 duobus
622 724 698 788 aliis
720 724 886 804 opusculis,
910 725 944 787 iu
968 723 1024 788 hh.
1048 722 1181 786 scilicet:
1205 723 1407 809 supradictas
1428 725 1531 809 leges,
1555 731 1621 788 tam
1645 723 1803 810 publicas,
1828 744 1925 809 quam
1944 724 2051 788 eoele-

426 830 574 894 siasticas
599 876 657 892 ...
682 836 716 892 at
739 828 830 893 nobis
854 834 963 892 vestra
985 827 1200 892 dilectissima
1223 837 1256 892 et
1280 828 1516 913 benignissima
1538 828 1715 894 dominatio
1732 836 1934 892 servaturam
1959 849 1994 892 se
2019 836 2054 892 et

426 931 525 998 verbo
548 941 581 996 et
604 931 844 1017 subscriptione
868 932 1017 1016 promisit
1040 933 1072 996 in
1098 931 1282 1011 (derisisse,
1305 933 1362 996 ubi
1386 933 1447 998 hoc
1471 933 1651 1019 capitulum
1676 935 1828 998 consultu
1852 953 1891 996 ac
1915 933 2051 998 consilio

425 1037 571 1104 fidelium
594 1044 785 1112 vestrorum,
810 1043 876 1100 tam
900 1037 1129 1121 episcoporum
1145 1056 1241 1120 quam
1266 1041 1299 1100 et
1314 1037 1473 1101 laicorum
1489 1036 1680 1102 condidistis
1704 1044 1737 1100 et
1760 1036 1789 1101 ei
1807 1035 2051 1122 subscripsistis
2083 1056 2096 1094 s

426 1141 586 1206 dicentes:
611 1139 776 1213 Quantum
794 1143 847 1202 etc.
871 1138 945 1218 (lin.
963 1142 1115 1220 ddecet·
1137 1143 1165 1203 ct
1189 1140 1221 1202 iu
1246 1143 1306 1204 hc:
1336 1139 1378 1204 m
1401 1141 1473 1216 hoc,
1497 1140 1582 1225 quod
1599 1141 1818 1226 subsequitur,
1841 1162 1926 1205 anno
1947 1141 2052 1205 incar·

425 1243 564 1308 nationis
603 1242 786 1308 dominicae
813 1241 1059 1316 Deecnvm,
1097 1244 1188 1327 regni
1226 1250 1335 1308 autem
1372 1244 1471 1307 vestri
1500 1243 1634 1322 xvnr,
1671 1245 1704 1308 in
1732 1244 1898 1308 Curisiaco
1928 1245 2052 1330 palatio

427 1367 586 1412 consensu
610 1347 836 1432 episcoporum
871 1367 909 1409 ae
937 1353 1142 1410 caeterorum
1170 1345 1315 1411 fidelium
1343 1355 1525 1412 vestrorum
1555 1355 1671 1433 sponte
1699 1337 1797 1413 manu
1820 1349 1952 1434 propria
1975 1368 2052 1412 con-

420 1452 592 1516 ·lirmsstis:
617 1449 782 1523 Quantum
805 1453 860 1514 etc.
883 1449 962 1532 (lin.
987 1451 1127 1530 uticam).

537 1554 726 1621 macetum
755 1555 859 1616 auum
895 1551 1142 1617 Curisiaccuscm
1170 1552 1279 1616 lccbuit
1307 1552 1465 1630 Karotua
1499 1557 1535 1616 ut
1561 1555 1655 1635 sidem
1682 1555 1879 1635 optimatum,
1913 1575 1992 1636 quac
2014 1575 2054 1620 cc
2072 1574 2098 1614 ro

427 1660 576 1725 seditione
586 1647 821 1742 Aquitauoram
834 1661 862 1720 et
873 1655 1092 1720 Neustriorum
1108 1657 1174 1719 ictu
1191 1657 1315 1737 tamquo
1331 1655 1520 1741 hrbcfuchcta
1539 1662 1584 1721 cst
1601 1657 1676 1743 (cfr.
1688 1678 1788 1738 supra
1803 1678 1853 1721 ur.
1868 1661 2055 1736 llil-26&

427 1765 515 1830 Aac.
538 1761 663 1827 Berlin.
687 1760 730 1825 ad
751 1783 780 1823 a.
798 1763 874 1836 858,
902 1759 948 1825 cd.
969 1759 1073 1826 vnete
1097 1780 1131 1843 p.
1151 1763 1208 1838 u),-
1243 1757 1417 1838 Ditmmlcr,
1449 1760 1612 1845 Ostfiduh.
1644 1761 1741 1826 Rcicb
1761 1761 1812 1839 12,
1838 1783 1872 1846 p.
1891 1765 1978 1845 422),
2008 1785 2056 1826 rc·

426 1869 538 1948 ficeret.
1127 1947 1130 1956 Δ
1574 1865 1632 1948 (Β.
1650 1865 1697 1943 ΙΙ,
1721 1868 1779 1944 99;
1802 1864 1840 1932 Ρ.
1857 1869 1946 1941 457.)

546 2074 660 2138 Acta·
691 2081 783 2138 sunt
814 2075 911 2138 haec
949 2074 1158 2159 sequentia
1186 2072 1308 2158 apud·
1338 2073 1586 2138 Curisiacum
1616 2075 1807 2160 palatium
1833 2096 1937 2140 anno

430 2178 724 2243 incarnationis
753 2177 981 2241 dominicae
1010 2174 1256 2250 Dcccnvlll,
1290 2178 1406 2261 regui
1438 2183 1568 2243 autern
1601 2176 1731 2243 domni
1760 2177 1901 2243 Karoli
1926 2180 2054 2261 XVIII,
2074 2209 2098 2248 a

593 2280 909 2360 indictionevlb,
939 2278 1016 2346 XII.
1039 2278 1125 2345 Kal.
1150 2279 1316 2366 Aprilis,
1346 2281 1386 2344 in
1414 2278 1485 2344 Dei
1516 2282 1674 2346 nomine
1703 2282 1893 2348 feliciter.
1973 2357 1977 2366 .

982 2402 1288 2468 Sacramentum⁰
1311 2401 1506 2486 fidelium.

543 2477 735 2594 Quanam
774 2526 878 2590 sciero
914 2531 948 2589 et
982 2531 1127 2610 potuero,
1162 2523 1300 2588 Domino
1336 2523 1510 2588 adiuvante
1543 2523 1664 2610 absque
1700 2525 1767 2588 ulla
1796 2523 1969 2589 dolositate
2000 2529 2056 2588 aut

430 2629 619 2696 seductione
651 2635 684 2693 et
714 2629 849 2693 consilio
881 2635 915 2694 et
943 2628 1066 2693 auxilio
1099 2627 1277 2692 secundum
1307 2649 1413 2692 rusum
1441 2627 1656 2693 ministerium
1687 2637 1720 2693 et
1743 2627 1921 2694 secundum
1947 2649 2053 2692 meam

428 2754 602 2821 personam
630 2731 737 2796 fidelis
761 2732 853 2796 vobis
882 2730 1010 2796 adiutor
1033 2752 1104 2806 ero,
1134 2737 1171 2794 ut
1198 2731 1284 2794 illam
1318 2737 1530 2816 potestatem,
1555 2751 1651 2816 quam
1682 2732 1714 2796 in
1744 2733 1835 2818 regio
1866 2731 1995 2796 nomine
2020 2737 2053 2796 et
2073 2764 2099 2804 ,ο

431 2859 531 2922 regno
550 2837 642 2901 vobis
665 2835 757 2900 Deus
782 2835 962 2908 concessit,
993 2834 1032 2899 ad
1057 2836 1159 2921 ipsius
1184 2836 1381 2900 voluntatem
1405 2843 1439 2900 et
1462 2834 1503 2900 ad
1528 2841 1670 2900 rostram
1694 2858 1732 2901 ac
1756 2836 1903 2902 fidelium
1928 2842 2053 2901 vestro·

429 2962 499 3005 rum
535 2940 751 3004 salvationem
785 2959 857 3003 cum
894 2938 1005 3003 debito
1039 2946 1072 3002 et
1106 2938 1228 3003 honore
1263 2947 1296 3002 et
1333 2940 1442 3023 vigore
1476 2947 1587 3003 tenere
1623 2946 1656 3004 et
1693 2942 1876 3026 gubernare
1908 2940 2054 3026 possitis;

430 3043 482 3110 etd
505 3064 562 3130 pro
585 3043 651 3107 ullo
675 3043 805 3107 homine
829 3063 892 3106 non
916 3063 967 3106 me
991 3040 1065 3106 inde
1090 3041 1264 3122 retraham,
1288 3049 1445 3128 quantum
1462 3041 1553 3106 Deus
1577 3042 1656 3108 mihi
1680 3043 1884 3108 intellectum
1902 3050 1935 3107 et
1952 3045 2054 3130 possi-

430 3147 591 3213 bilitatem
615 3144 782 3211 donaverit
791 3144 816 3210 ⁶.

1024 3229 1331 3295 Sacramentumo
1354 3231 1464 3314 repis.
2074 3257 2100 3298 as

541 3345 622 3419 Et⁰²
645 3374 722 3437 ego,
752 3359 908 3437 quantum
940 3353 1044 3416 sciero
1075 3358 1108 3416 et
1130 3353 1367 3418 rationabiliter
1389 3361 1536 3440 potuero,
1568 3355 1708 3420 Domino
1737 3355 1912 3420 adiuvante
1936 3377 2053 3420 unum·

431 3480 592 3546 quemque
626 3464 768 3522 vostrum
797 3456 977 3522 secundum
1010 3477 1102 3521 suum
1136 3456 1279 3522 ordinem
1320 3467 1353 3524 et
1388 3478 1559 3543 personam
1596 3459 1761 3524 honorabo
1799 3467 1832 3524 et
1861 3460 1995 3524 salvabo
2023 3467 2057 3524 et

432 3565 624 3629 honoratum
658 3580 696 3624 ac
731 3561 892 3624 salvatum
928 3561 1050 3646 absque
1085 3561 1150 3624 ullo
1186 3560 1259 3625 dolo
1294 3583 1332 3626 ac
1365 3560 1575 3628 damnatione
1610 3564 1659 3628 vel
1692 3562 1885 3649 deceptione
1922 3585 2054 3628 consor-

430 3668 513 3733 vabo
556 3666 605 3731 et‘
636 3665 809 3750 unicuique
844 3672 1083 3751 competentem
1117 3665 1223 3751 legem
1263 3675 1296 3730 et
1334 3667 1489 3732 iustitiam
1525 3666 1750 3743 conservabo‘,
1796 3674 1829 3730 et
1869 3667 1923 3752 qui
1963 3667 2053 3732 illam

432 3793 566 3836 neccsse
602 3770 753 3834 habuerit
788 3775 820 3832 et
853 3770 1090 3834 rationabiliter
1121 3771 1266 3856 petierit,
1303 3772 1531 3836 rationabilem
1566 3764 1846 3836 miscricordiam3
1876 3771 2053 3849 exhibebo,
2073 3796 2100 3834 so

432 3877 516 3939 sicut
535 3872 640 3937 fidelis
664 3894 723 3937 rex
747 3893 822 3936 suos
845 3872 957 3936 fideles
982 3894 1040 3957 per
1063 3884 1189 3938 rectum
1215 3875 1373 3939 honorare
1398 3882 1431 3938 et
1455 3877 1582 3940 salvare
1606 3882 1641 3940 et
1665 3875 1839 3961 unicuique
1863 3883 2053 3961 competen-

431 3986 496 4042 tem
520 3979 627 4062 legem
651 3983 684 4040 et
708 3976 864 4040 iustitiam
894 3977 926 4039 in
957 3997 1151 4062 unoquoque
1182 3979 1294 4043 ordine
1326 4000 1519 4043 conservare
1549 3988 1582 4043 et
1613 3978 1833 4064 indigentibus
1857 3987 1890 4043 et
1913 3980 2055 4043 rationa-

431 4082 539 4146 biliter
561 4080 748 4167 petentibus
772 4081 997 4145 rationabilem
1023 4081 1275 4146 misericordiam
1299 4082 1399 4147 debet
1416 4082 1613 4167 impendere.
1662 4079 1704 4146 m
1727 4104 1785 4167 pre
1810 4082 1899 4146 nullo
1926 4081 2057 4146 homine

432 4184 472 4250 ab
496 4184 567 4264 hoe,
592 4189 746 4269 quantum
770 4183 903 4248 dimittit
926 4185 1067 4248 humana
1090 4186 1268 4270 fragilitas,
1302 4207 1358 4270 per
1391 4186 1534 4250 studium
1557 4194 1614 4250 aut
1637 4186 1893 4250 malivolentiam
1918 4187 1970 4250 vel
1994 4185 2054 4249 ali-

432 4289 523 4353 cuius
547 4286 725 4351 indebitum
749 4286 990 4352 hortamentum
1014 4287 1164 4368 deviabo,
1188 4296 1343 4372 quantum
1368 4289 1466 4352 mihi⁸
1490 4289 1580 4354 Deus
1604 4289 1805 4354 intellectum
1830 4296 1863 4353 st
1887 4287 2052 4374 possibili·
2072 4306 2098 4345 ss

432 4399 532 4457 tatem
562 4391 745 4465 donaverit;
778 4399 811 4456 et
842 4393 869 4454 si
898 4413 957 4478 per
979 4392 1190 4476 fragilitatem
1214 4401 1326 4456 contra
1349 4393 1410 4458 hoe
1434 4393 1511 4457 mihi
1535 4395 1724 4478 subreptum
1749 4394 1863 4464 fuerit,
1897 4414 1969 4458 curn
1994 4392 2055 4456 hoe

433 4509 663 4581 recognovero,
687 4495 869 4560 voluntarie
893 4494 974 4561 illud
998 4495 1173 4562 emendare
1197 4495 1326 4562 curabo.

540 4721 736 4786 Hiucmarus
766 4713 1060 4807 archiepiscopus⁴,
1091 4721 1193 4786 Immo
1223 4715 1429 4808 episcopuss',
1464 4720 1682 4786 Yrminfridus
1713 4713 1919 4807 episcopusfl,
1950 4717 2053 4784 Hine·

434 4847 542 4890 marus
567 4817 770 4911 episeopusl,
795 4824 971 4889 Hilduinus
995 4816 1110 4890 abbat.

536 4981 562 5048 a)
581 4985 653 5036 Haec
670 4991 730 5034 acta
747 4992 809 5034 sunt
826 4983 895 5049 apud
907 4980 931 5033 4.
945 4981 969 5034 b.
1040 4983 1066 5044 b)
1084 4983 1139 5033 vlt.
1154 4983 1179 5034 h.
1249 4983 1274 5044 c)
1295 4981 1372 5033 Hauc
1390 4982 1580 5047 inscripttioacm
1592 4983 1671 5049 flacit
1689 4981 1851 5034 b'irmoadus.
1922 4981 1950 5042 d)
1969 4985 1994 5030 et
2008 5015 2014 5028 .
2029 5017 2034 5030 .
2050 5018 2056 5032 .
2074 5002 2101 5042 ω

432 5067 743 5122 sacramentarium.
814 5070 839 5133 c)
858 5071 890 5121 Et
909 5086 957 5136 ago
975 5086 1024 5120 ons.
1043 5069 1146 5120 ‘lc—c.
1218 5072 1243 5132 f)
1261 5079 1349 5121 st...
1370 5070 1528 5122 conservabo
1547 5087 1596 5120 om.
1615 5068 1659 5120 ue.
1728 5071 1756 5136 g)
1776 5085 1824 5119 eus.
1845 5066 1867 5117 l.

537 5227 563 5292 1)
585 5223 752 5278 Hirscrnuras
769 5223 800 5276 in
817 5223 861 5277 ab.
879 5223 941 5276 tuac
961 5221 1086 5290 praeficit
1106 5221 1199 5275 rerba:
1230 5221 1287 5276 Nos
1311 5224 1405 5276 autem
1424 5221 1519 5276 fideles
1539 5221 1632 5285 vestri,
1651 5220 1775 5290 episcopi
1798 5223 1828 5274 et
1845 5219 1929 5274 ceteri
1950 5217 2057 5273 laicalis

432 5329 546 5392 ordinis,
565 5328 613 5397 qui
632 5328 795 5389 adfuerunt,
814 5329 865 5382 hoc
885 5326 1040 5397 capitulum
1059 5329 1088 5380 ct
1107 5325 1249 5380 vobiscum
1269 5325 1444 5380 condidimus
1463 5329 1492 5380 ct
1511 5325 1536 5379 ci
1555 5324 1766 5395 subscripsimus
1785 5321 1976 5393 unnsquisque
1996 5339 2057 5392 pro-

433 5432 545 5486 fitendo.
649 5434 676 5496 2)
695 5431 761 5486 Cum
783 5433 832 5486 hcc
855 5435 1023 5485 morcmnto
1044 5429 1206 5484 adverbum
1228 5429 1359 5484 cormeutit
1382 5429 1561 5483 iuramentum
1587 5430 1686 5484 Karoli
1704 5429 1742 5484 ΙΙ.
1765 5446 1791 5482 u.
1809 5427 1867 5484 876.
1888 5426 2058 5496 praestitum,

432 5537 630 5604 suprap100.
718 5537 745 5601 3)
767 5535 820 5601 Ofr.
841 5535 919 5589 (bae
937 5552 982 5604 cp.
1005 5535 1152 5602 wadiam.
1184 5535 1243 5599 860,
1262 5549 1348 5601 supra
1365 5549 1390 5600 p.
1405 5535 1463 5594 156,
1482 5549 1504 5588 c.
1519 5533 1541 5587 7.
1628 5534 1657 5598 4)
1679 5531 1824 5588 Rcmcnsis.
1912 5531 1940 5600 5)
1957 5530 2057 5585 Nonio·
2076 5543 2100 5581 rs

433 5640 529 5693 aunem
552 5639 683 5709 (Noyou).
786 5643 812 5704 6)
837 5637 1037 5691 Mboocmsis.
1143 5638 1169 5702 7)
1194 5635 1395 5690 mimastrensis.
1500 5637 1527 5703 8)
1550 5641 1573 5690 ct
1602 5635 1833 5707 ardriccpelhmes
1862 5634 1978 5702 Karoli,
2005 5634 2056 5698 cfr.

435 5742 552 5810 Scarus,
570 5741 708 5796 Hiatmar
724 5759 747 5798 o.
762 5741 853 5797 mens
866 5757 894 5810 p.
907 5741 967 5808 567,
984 5746 1038 5795 mr.
1051 5741 1092 5796 42.
