4568 6420
644 493 858 549 Hincnanns
877 493 923 548 DE
942 489 1081 546 ORDINE
1101 491 1248 548 Padurn
1272 508 1295 546 c.
1308 491 1425 546 29-31.
1782 501 1845 564 527

333 667 413 752 Cap.
437 669 487 732 29.
525 664 676 732 Secunda
698 665 814 730 divisio
839 671 899 745 est,
922 685 986 748 qua
1006 663 1107 728 totius
1130 664 1223 748 regni
1246 668 1362 744 status,
1383 667 1577 750 anteposito,
1602 667 1697 732 sicuti
1716 690 1847 754 semper

225 775 258 836 et
279 770 492 854 ubicumque,
515 769 749 854 omnipotentis
771 768 836 834 Dei
858 767 993 846 iudicio,
1021 771 1178 850 quantum
1201 765 1242 828 ad
1266 765 1440 832 humanam
1464 769 1623 836 rationem
1650 772 1846 856 pertinebat,

225 871 412 936 conservari
428 869 610 949 uidebatur,
632 870 716 934 haec
740 875 801 935 eet.
839 859 1086 936 consuetud0⁹⁰
1109 873 1219 932 autem
1242 875 1319 934 tunc
1342 871 1496 955 temporis
1520 873 1595 936 talis
1619 881 1699 954 erat,
1722 882 1844 940 utnon

226 975 373 1058 saepius,
406 972 465 1038 sed
483 972 535 1037 bis
559 973 592 1036 in
621 993 705 1038 anno
728 973 850 1057 placita
872 971 937 1037 duo
966 977 1172 1038 tenerentur:
1201 991 1318 1050 unum,
1346 972 1474 1056 quando
1503 973 1715 1044 ordinabatur
1742 984 1845 1044 status

183 1095 196 1134 a
223 1077 323 1142 totius
346 1076 440 1160 regni
463 1074 503 1140 ad
527 1075 604 1140 anni
620 1074 778 1140 vertentis
802 1064 1016 1158 spacium1⁰0;
1040 1073 1125 1157 quod
1147 1071 1328 1138 ordinatum
1350 1075 1459 1140 nullus
1483 1083 1620 1144 eventus
1643 1099 1761 1158 rernm,
1784 1080 1846 1144 nisi

226 1201 352 1244 summa
375 1178 568 1257 necessitas,
591 1199 675 1262 quac
701 1177 852 1244 similiter
874 1182 944 1242 toto
967 1197 1067 1260 regno
1089 1175 1309 1254 incumbebat,
1333 1176 1529 1246 mutabatur.
1573 1179 1611 1246 In
1636 1201 1700 1266 quc
1723 1182 1844 1267 placito

225 1283 424 1366 generalitas
440 1281 666 1346 universorum
684 1281 856 1360 maiorum,
871 1286 938 1344 tam
955 1279 1145 1344 clericorum
1161 1298 1258 1362 quam
1273 1278 1440 1357 laicorum,
1456 1283 1683 1348 conveniebat:
1698 1286 1844 1350 seniores

223 1391 356 1470 propter
386 1384 557 1448 consilium
586 1382 815 1460 ordinandum,
849 1374 1011 1450 ιιιίιιοιθε1
1049 1386 1183 1466 propter
1210 1380 1296 1446 idem
1327 1382 1501 1448 consilium
1535 1385 1778 1471 suscipiendum
1810 1397 1846 1453 et

223 1487 386 1554 interdum
409 1487 532 1572 pariter
558 1484 762 1552 tractandum
792 1493 825 1550 et
852 1505 915 1550 non
939 1505 982 1548 ex
1003 1489 1183 1568 potestate,
1215 1482 1272 1548 sed
1300 1504 1342 1550 ex
1370 1487 1503 1571 proprio
1530 1489 1648 1553 mentis
1675 1490 1844 1558 intellectu

170 1610 195 1652 a
223 1591 277 1656 vel
300 1591 462 1656 sententia
485 1589 756 1664 confirmandum
779 1595 966 1654 caeterum¹
988 1593 1098 1652 autem
1120 1593 1252 1672 propter
1274 1586 1359 1654 dona
1381 1589 1578 1672 generaliter
1601 1590 1719 1657 danda.

337 1692 416 1780 Cap.
441 1695 492 1759 30.
542 1692 642 1757 Aliud
677 1692 831 1778 placitum
868 1712 941 1756 curn
982 1690 1165 1755 senioribus
1199 1697 1323 1758 tantum
1363 1699 1395 1756 et
1433 1693 1617 1779 praecipuis
1652 1697 1845 1762 consiliariis

224 1794 422 1876 habebatur,
451 1796 572 1881 inquo
599 1796 664 1864 iam
687 1795 788 1860 futuri
817 1795 892 1859 anni
916 1802 1021 1860 status
1045 1796 1179 1860 tractari
1208 1795 1439 1880 incipiebatur,
1469 1797 1496 1860 si
1524 1796 1609 1864 forte
1632 1799 1712 1866 talia
1734 1803 1844 1886 aliqua

225 1919 261 1964 se
283 1898 606 1984 praemonstrabant,
635 1920 695 1984 pro
718 1899 836 1984 quibus
865 1919 1002 1966 necesse
1032 1905 1102 1964 erat
1123 1897 1390 1984 praemeditando
1413 1897 1580 1978 ordinare,
1610 1901 1638 1964 si
1667 1902 1744 1987 qnid
1766 1924 1844 1968 mox

222 2007 389 2067 transacto
414 2022 500 2065 anno
522 2002 628 2087 priore
651 2002 862 2080 incumberet,
886 2023 945 2088 pro
960 2023 1023 2086 quo
1047 1998 1252 2086 anticipando
1275 1998 1398 2083 aliquid
1422 2005 1566 2068 statuere
1589 2011 1646 2066 aut
1668 2005 1842 2089 providere

169 2125 193 2166 n
221 2105 406 2168 necessitas
437 2110 543 2178 esset;
571 2105 665 2170 serbi
687 2106 806 2190 gratia:
838 2105 865 2167 si
892 2105 978 2170 inter
1004 2102 1183 2166 marchisos
1212 2102 1246 2165 in
1275 2100 1421 2186 qualibet
1451 2104 1543 2186 regni
1571 2111 1664 2188 parte
1693 2106 1844 2172 adalind

223 2213 352 2292 tempus
375 2206 511 2271 dextrae
528 2206 624 2270 datae
649 2206 799 2288 luissent,
823 2206 901 2290 quid
922 2227 999 2272 mox
1023 2210 1097 2290 post
1112 2204 1246 2270 dextras
1270 2209 1404 2268 exactas
1428 2203 1590 2289 agendum
1613 2215 1710 2288 esset,
1733 2216 1842 2276 utrum

222 2309 427 2374 renovandae
451 2331 493 2373 an
515 2309 677 2374 finiendae
695 2317 826 2384 essent;
849 2311 952 2388 iuxta,
976 2314 1176 2376 caeterarum
1193 2307 1334 2392 partium
1349 2306 1591 2372 imminentibus
1613 2311 1686 2376 rixa
1702 2317 1734 2375 et
1749 2333 1842 2398 pace,

221 2418 259 2478 ut
283 2411 461 2478 secundum
484 2411 531 2491 id,
564 2411 650 2496 quod
673 2418 750 2476 tuno
773 2412 929 2496 temporie
953 2411 1037 2476 ratio
1060 2408 1233 2494 poscebat,
1263 2409 1291 2473 si
1315 2429 1357 2474 ex
1379 2429 1445 2474 una
1467 2414 1561 2493 parte
1590 2411 1665 2476 hino
1688 2421 1744 2478 aut
1766 2415 1842 2480 inde

221 2515 273 2579 vel
296 2514 448 2582 iacienda
471 2517 524 2582 vel
546 2515 716 2582 toleranda
739 2513 930 2599 inquietudo
959 2514 1145 2580 necessario
1167 2511 1392 2591 incumbebat,
1420 2531 1464 2576 cx
1486 2511 1558 2576 aliis
1582 2515 1729 2600 partibus
1752 2523 1841 2584 tran·
1893 2503 1898 2512 ’

168 2636 194 2678 ao
221 2619 365 2702 quillitas
399 2619 614 2684 ordinaretur.
666 2617 710 2682 nt
738 2638 811 2682 cum
843 2619 889 2682 ita
919 2638 978 2703 per
1011 2615 1189 2684 eorundem
1219 2616 1384 2682 seniorum
1418 2616 1604 2698 consilium,
1640 2619 1717 2703 quid
1744 2621 1843 2688 futuri

220 2720 376 2806 temporis
406 2721 491 2784 actio
521 2720 575 2785 vel
606 2720 685 2784 ordo
709 2719 828 2806 agendi
856 2728 1022 2805 posceret,
1051 2742 1072 2784 a
1100 2719 1196 2803 longe
1220 2718 1476 2796 considerarent,
1512 2725 1545 2784 et
1574 2741 1646 2786 cum
1675 2723 1843 2792 inventum

221 2827 321 2902 esset,
345 2821 405 2888 sub
434 2813 585 2887 silentio²
607 2823 693 2888 idem
717 2825 885 2890 inventum
900 2824 1069 2890 consilium
1091 2824 1138 2888 ita
1160 2822 1304 2890 funditus
1328 2821 1369 2888 ab
1387 2821 1536 2888 omnibus
1560 2823 1673 2890 alienis
1696 2825 1843 2911 incogni-

221 2933 289 2989 tum
312 2945 415 3010 usque
439 2924 481 2990 ad
504 2925 591 2990 aliud
614 2925 733 2990 iterum
757 2924 936 2990 secuudum
959 2925 1114 3010 generale
1136 2925 1303 3010 placitum,
1327 2944 1365 2988 ac
1387 2925 1414 2990 si
1438 2925 1605 2990 inventum
1629 2927 1682 2990 vel
1712 2931 1843 2996 anullo

221 3034 395 3092 tractatum
421 3033 520 3107 esset,
550 3033 708 3094 maneret:
741 3034 786 3106 ut,
816 3028 843 3090 si
864 3028 949 3092 forte
973 3030 1039 3094 tale
1063 3027 1187 3112 aliquid
1209 3035 1266 3092 ant
1287 3027 1371 3092 inira
1393 3033 1449 3092 aut
1478 3034 1572 3092 extra
1594 3049 1730 3113 regnum
1756 3031 1842 3096 ordi-

168 3150 194 3194 ιι
220 3130 363 3196 nandum
386 3135 493 3210 esset,
523 3130 609 3215 quod
633 3129 851 3216 praescientia
873 3129 1075 3214 quorundam
1099 3137 1155 3196 aut
1178 3128 1347 3194 destruere
1372 3134 1428 3194 aut
1451 3137 1539 3196 certe
1567 3130 1682 3196 inutile
1705 3131 1843 3200 reddere
1884 3193 1889 3204 .

223 3241 279 3297 aut
301 3253 361 3318 per
383 3232 527 3316 aliquam
550 3231 714 3298 diversam
746 3234 901 3300 astutiam
928 3233 1122 3300 laboriosius
1149 3232 1335 3298 faciendum
1365 3240 1555 3300 convertere
1578 3235 1751 3315 voluisset,
1782 3236 1844 3302 hoo

220 3337 409 3402 nullatenus
438 3336 548 3402 facero
573 3338 748 3421 potuisset;
777 3336 810 3402 in
834 3338 906 3422 ipso
930 3344 1039 3404 autem
1061 3336 1198 3424 placito,
1228 3333 1356 3420 siquid
1384 3335 1431 3402 ita
1460 3336 1610 3420 exigeret
1632 3338 1684 3402 vel
1712 3347 1845 3424 propter

222 3438 481 3504 satisfactionem
499 3445 703 3504 caeterorum
726 3440 890 3506 seniorum
914 3439 966 3507 vel
988 3445 1122 3525 propter
1144 3459 1209 3504 non
1233 3438 1337 3504 solum
1359 3438 1584 3523 mitigandum,
1608 3461 1721 3508 verum
1744 3444 1842 3506 etiam

223 3541 467 3607 accendendum
492 3541 634 3606 animum
658 3542 863 3626 populorum,
895 3563 933 3608 ao
956 3543 983 3605 si
1006 3542 1052 3606 ita
1074 3542 1164 3626 prius
1189 3541 1306 3610 exinde
1330 3542 1590 3626 praecogitatum
1613 3543 1693 3610 nihil
1715 3543 1843 3622 fuisset,

168 3661 194 3704 ao
219 3645 265 3710 ita
293 3664 421 3708 nunoa
451 3664 536 3708 novo
567 3643 703 3708 consilio
727 3649 761 3709 et
791 3665 951 3710 consensu
979 3645 1108 3709 illorum
1138 3651 1172 3708 et
1200 3644 1402 3710 inveniretur
1430 3650 1463 3708 et
1493 3663 1566 3708 cum
1596 3639 1844 3730 magnatibus·3

220 3746 297 3814 ordo
330 3746 471 3812 Domino
503 3747 585 3812 duce
615 3747 841 3831 perficeretur;
870 3738 937 3813 ita4
965 3753 1075 3814 autem
1110 3766 1196 3812 anno
1224 3746 1331 3831 priore
1360 3747 1534 3814 terminato
1568 3749 1716 3832 praefato
1746 3751 1843 3815 modo

223 3850 428 3915 ordinaretur
451 3849 547 3916 etde
572 3850 725 3914 secundo.
1387 3923 1391 3934 .

327 3950 407 4037 Cap.
431 3954 482 4016 31.
529 3944 734 4018 (ΐοιιιίἰίιιιίἰ5
761 3957 887 4031 autem,
918 3958 1076 4036 quantum
1105 3951 1261 4036 possibile
1292 3957 1376 4032 erat,
1404 3958 1471 4018 tam
1502 3953 1610 4018 elerici
1640 3975 1736 4040 quam
1766 3955 1843 4020 laici
1909 3969 1912 3974 '

220 4056 304 4122 tales
332 4055 551 4140 eligebantur,
586 4054 639 4138 qui
668 4055 771 4139 primo
801 4054 981 4120 secundum
1015 4075 1108 4122 suam
1141 4055 1279 4140 quisquo
1315 4055 1505 4139 qualitatem
1535 4055 1591 4119 vel
1628 4057 1842 4124 ministerium

168 4173 193 4216 ιι
219 4157 328 4223 Deum
350 4159 519 4239 timerent,
544 4155 662 4222 deinde
685 4157 784 4223 talem
806 4157 905 4224 fidem
927 4157 1104 4236 haberent,
1134 4165 1171 4224 ut
1194 4163 1332 4242 excepta
1354 4158 1421 4224 vita
1449 4163 1584 4224 aeterna
1607 4157 1687 4224 nihil
1716 4159 1787 4242 regi
1810 4165 1843 4223 et

221 4279 322 4344 regno
345 4264 600 4345 praeponerent,
628 4279 695 4326 non
717 4261 854 4340 amicos,
885 4281 950 4328 non
977 4262 1140 4341 inimicos,
1168 4281 1233 4325 non
1264 4267 1431 4345 parentes,
1461 4279 1526 4323 non
1555 4279 1692 4328 munera
1715 4259 1841 4340 dantes,

221 4384 288 4429 non
310 4361 526 4442 blandientes,
550 4384 620 4438 non
639 4371 884 4450 exasperantes,
908 4384 970 4428 non
995 4363 1174 4448 sophistice
1198 4364 1250 4428 sel
1273 4366 1403 4428 versute
1426 4369 1483 4427 aut
1506 4361 1687 4428 secundum
1710 4363 1840 4446 sapien-

221 4467 300 4534 tiam
324 4464 527 4532 solummodo
551 4465 648 4532 buius
672 4466 804 4544 saeculi,
828 4484 912 4549 quae
935 4465 1065 4532 inimica
1087 4472 1140 4530 est
1154 4465 1239 4544 Deo,
1263 4464 1438 4548 sapientes,
1462 4464 1520 4532 sed
1542 4464 1633 4530 illam
1648 4465 1842 4550 sapientiam

102 4577 107 4588 '
223 4577 256 4636 et
279 4568 530 4652 intelligentiam
554 4569 707 4646 scientes,
730 4587 794 4652 qua
816 4567 902 4647 illos,
926 4568 981 4652 qui
1004 4567 1037 4632 in
1060 4565 1246 4652 supradicta
1269 4567 1411 4634 bumana
1433 4567 1555 4634 astutia
1577 4567 1727 4634 fiduciam
1751 4589 1842 4634 suam

169 4685 195 4729 ⁴0
221 4672 422 4750 habuissent,
446 4669 589 4754 pleniter
611 4691 671 4755 per
692 4671 813 4738 iustam
837 4677 873 4736 et
894 4677 1018 4736 rectam
1042 4671 1235 4754 sapientiam
1257 4689 1323 4736 nou
1346 4670 1451 4736 solum
1474 4671 1662 4754 reprimere,
1686 4669 1744 4736 sed
1767 4671 1841 4736 iun-

221 4774 308 4842 ditus
340 4773 523 4860 opprimere
555 4773 749 4857 potuissent.
799 4772 908 4840 Electi
943 4779 1055 4840 autern
1084 4771 1260 4838 consiliarii
1292 4791 1358 4838 una
1387 4792 1460 4838 cum
1490 4792 1569 4856 rege
1598 4771 1661 4836 hoe
1693 4773 1778 4838 inter
1806 4794 1843 4838 se

221 4876 443 4962 principaliter
466 4875 680 4942 constitutum
707 4874 883 4955 habebant,
914 4882 961 4953 ut,
989 4872 1141 4959 quicquid
1169 4873 1255 4940 inter
1282 4894 1318 4941 se
1348 4873 1550 4940 familiariter
1576 4873 1676 4940 locuti
1704 4873 1843 4940 fuissent

324 5071 347 5136 r)
367 5071 447 5136 Apud
464 5071 596 5124 Beroeam
619 5089 636 5122 a
657 5073 732 5126 verto
753 5080 883 5128 caeterum
907 5089 964 5138 rap.
976 5069 1019 5126 30.
1041 5072 1143 5138 incipite
1163 5071 1243 5122 Woitz
1260 5087 1319 5126 cero
1338 5070 1355 5122 l.
1374 5087 1394 5124 c.
1413 5069 1492 5135 111¹,
1510 5087 1541 5136 p.
1554 5069 1614 5137 557,
1630 5073 1723 5138 not.l;
1743 5092 1771 5140 p.
1784 5072 1845 5138 591,

220 5154 301 5208 aot3
320 5154 381 5223 (rsr.
394 5157 469 5206 etiam
481 5155 606 5210 Bruaner
624 5158 641 5208 l.
653 5176 674 5209 c.
688 5157 729 5222 II,
743 5176 773 5224 p.
783 5157 842 5222 131,
860 5167 912 5209 aot.
924 5155 972 5222 32)
989 5157 1171 5212 &cremarit
1188 5156 1265 5208 verbo
1282 5162 1412 5210 caeterum
1425 5193 1431 5207 .
1443 5193 1465 5207 ..
1479 5157 1563 5208 danda
1581 5175 1638 5209 cum
1656 5175 1713 5224 cop.
1725 5157 1767 5211 29.
1784 5177 1843 5210 coa-

167 5253 194 5292 st
220 5242 430 5309 iungendarum.
519 5243 542 5306 s)
561 5243 598 5292 ito
616 5260 683 5294 corr.
701 5242 794 5305 Sirm.,·
812 5245 985 5310 magnanimis
1001 5243 1064 5292 Bas.

323 5419 369 5485 99)
389 5417 444 5484 (lsr.
463 5417 552 5471 Woits
563 5417 580 5471 1.
591 5433 612 5472 c
626 5418 702 5484 111²,
716 5436 746 5486 p.
759 5421 884 5487 boteone
903 5419 1032 5472 Bonam
1049 5419 1066 5472 l.
1078 5434 1100 5472 o.
1113 5418 1153 5486 11,
1167 5435 1196 5487 p.
1207 5419 1318 5485 lacero.
1389 5418 1450 5487 100)
1470 5417 1492 5472 Ι,
1507 5434 1545 5472 a:
1558 5435 1609 5486 prr
1620 5435 1725 5472 oasam
1736 5435 1843 5475 mirrea

220 5525 281 5588 tersa·
304 5522 355 5586 cfr.
374 5519 463 5574 Wos'tr
487 5521 505 5573 l.
522 5536 543 5574 o.
563 5521 642 5588 111¹,
662 5537 689 5590 p.
702 5523 761 5580 556.
779 5523 838 5588 557,
861 5529 914 5576 aot.
931 5524 959 5585 1,·
981 5521 1092 5576 Roul.
1109 5537 1131 5578 c.
1154 5537 1181 5588 p.
1195 5521 1236 5585 73,
1256 5526 1310 5576 aot.
1323 5521 1348 5578 2.
1456 5521 1483 5587 1)
1503 5519 1558 5586 Οἴη
1581 5520 1671 5580 Waas
1691 5523 1747 5578 tc.
1766 5523 1843 5592 ΠΡ,

216 5623 316 5692 p582,
332 5629 389 5677 aot.
402 5623 547 5692 251258&
564 5623 653 5680 aare
729 5625 758 5693 2)
778 5625 835 5690 Osr.
854 5641 878 5680 o.
890 5627 932 5692 31,
942 5641 971 5694 p.
984 5625 1044 5684 528.
1113 5627 1140 5694 3)
1160 5623 1663 5692 Osr.Watol.c.1V¹,1›.328,aoa
1737 5627 1766 5692 4)
1787 5627 1843 5692 Otr.

219 5723 281 5778 ibid.
295 5726 311 5778 l.
324 5741 345 5780 c.
357 5725 432 5793 111²,
447 5743 477 5794 p.
488 5728 548 5792 557,
560 5731 614 5780 aot.
626 5727 648 5780 1.
729 5729 758 5796 5)
778 5727 832 5794 (lt.
844 5744 865 5783 ο.
878 5730 919 5786 30.
932 5731 982 5797 3t,·
996 5728 1083 5783 Waltz
1100 5729 1116 5784 l.
1128 5743 1150 5782 c.
1164 5727 1243 5795 111²,
1258 5741 1287 5796 p.
1299 5726 1426 5794 Μῶφι,Ι
1444 5725 1576 5784 croam
1587 5726 1605 5780 l.
1617 5741 1637 5784 c.
1654 5727 1695 5796 ΙΙ,
1709 5745 1738 5798 p.
1749 5728 1799 5788 102
1806 5745 1844 5796 η.

324 5844 589 5884 murmuramus.
1609 5829 1642 5883 67
