4590 6420
423 419 485 494 358
588 417 833 473 tarraconam
853 418 980 475 REGUM
1001 419 1184 476 vulneras
1202 419 1464 475 occlonrv'rsurs
1483 418 1632 490 (aaroni
1645 419 1691 489 ll).
1709 449 1742 458 —
1762 419 1882 476 1111181.

349 597 411 650 811.
431 590 642 677 dispositione
666 586 770 675 011115,
795 595 848 680 qui
872 594 905 658 in
929 595 990 659 isto
1014 615 1115 680 regno
1139 601 1338 672 remaneant,
1362 595 1413 660 vel
1438 595 1492 681 qui
1515 603 1589 680 post
1611 615 1668 660 vos
1691 595 1723 660 in
1747 601 1892 660 vestrum
1916 594 2044 661 adiuto-

424 695 506 759 rium
530 704 678 782 pergant.
1166 695 1169 702 ⁴

530 802 560 864 8.
596 800 641 882 si,
665 808 839 888 antequam
855 802 1036 884 redeamus,
1063 804 1161 889 aliqui
1179 803 1318 869 bonores
1335 803 1465 868 interim
1482 804 1587 890 aperti
1604 803 1735 881 fuerint,
1759 803 2043 886 considerandum,

423 903 499 988 quid
523 904 642 970 exinde
666 913 791 991 agatur.

530 1008 597 1073 ΒΡ.
645 1008 689 1088 Si,
713 1015 887 1096 antequam
902 1011 1035 1074 iuvante
1051 1008 1192 1074 Domino
1208 1010 1425 1090 revertamini,
1449 1012 1565 1096 aliquis
1586 1011 1851 1098 archiepiscopus
1868 1011 2041 1078 defunctus
2073 1036 2085 1073 a

422 1111 530 1194 fuerit,
555 1113 678 1176 vicinus
698 1115 869 1199 episcopua
886 1114 988 1200 ipsius
1004 1112 1195 1179 dioeceseos
1219 1135 1291 1177 curn
1315 1116 1433 1179 comite
1456 1115 1561 1200 ipsam
1586 1115 1696 1180 sedem
1712 1115 1914 1202 praevideat,
1937 1137 2041 1202 usque

423 1215 498 1278 dum
523 1215 631 1280 obitus
655 1218 756 1303 ipsius
779 1217 1017 1303 archiepiscopi
1041 1216 1082 1281 ad
1105 1224 1247 1282 vestram
1271 1219 1420 1283 notitiam
1443 1219 1624 1305 perveniat.
1670 1219 1705 1284 Si
1729 1221 1844 1306 aliquis
1869 1221 2042 1307 episcopus

425 1318 553 1384 interim
571 1319 698 1400 obierit,
715 1320 979 1407 archiepiscopus
996 1321 1058 1405 ipsi
1075 1320 1144 1384 sedi
1164 1321 1364 1386 visitatorem
1382 1322 1559 1387 secundum
1577 1345 1687 1388 sacros
1704 1315 1881 1389 canones1ss
1897 1323 2041 1410 deputet,

423 1423 479 1508 qui
503 1444 568 1487 una
592 1445 665 1488 curn
689 1425 806 1489 comite
830 1426 934 1510 ipsam
959 1425 1143 1524 ecclesiam,
1167 1447 1207 1490 ne
1232 1426 1416 1512 praedetur,
1440 1426 1612 1504 custodiat,
1636 1450 1738 1515 usque
1755 1429 1832 1493 dum
1847 1429 1949 1514 ipsius
1973 1430 2041 1515 epi-

426 1528 515 1613 scopi
531 1529 640 1593 obitns
657 1528 697 1592 ad
714 1536 857 1594 vestram
873 1530 1021 1595 notitiam
1034 1509 1224 1616 perveniat.
1271 1529 1304 1594 Si
1327 1531 1430 1596 abbas
1447 1532 1500 1596 vel
1520 1533 1685 1597 abbatissa
1707 1533 1834 1615 obierit,
1858 1535 2041 1620 episcopua,
2061 1553 2085 1592 1⁰

423 1632 455 1696 in
480 1632 571 1696 cuius
595 1632 749 1717 parochia
770 1635 1003 1698 monasterium
1027 1633 1107 1698 illud
1131 1639 1191 1714 est,
1215 1655 1280 1698 nna
1304 1656 1376 1699 eum
1394 1636 1509 1700 comite
1525 1635 1605 1700 illud
1621 1637 1852 1702 monasterinm
1870 1636 2043 1718 custodiat,

423 1756 525 1821 usque
550 1735 626 1800 dum
650 1742 758 1802 vestra
782 1737 882 1803 iussio
903 1737 979 1803 inde
1002 1739 1068 1804 fiat.

533 1841 563 1905 9.
599 1832 670 1904 Si¹7
694 1862 801 1906 comcs
826 1842 956 1921 obierit,
981 1843 1072 1906 cuius
1095 1843 1181 1907 filins
1206 1842 1371 1907 nobiscum
1396 1843 1454 1922 ait,
1478 1843 1564 1908 filius
1589 1850 1700 1909 noster
1723 1865 1795 1908 eum
1820 1844 1939 1910 ceteris
1962 1842 2042 1908 fide-

422 1945 508 2009 libus
538 1947 657 2010 nostris
686 1945 815 2011 ordinet
843 1945 884 2013 de
917 1946 982 2028 his,
1015 1949 1069 2032 qni
1099 1947 1144 2011 illi
1176 1947 1249 2033 plus
1281 1946 1460 2012 familiares
1489 1954 1522 2012 ct
1548 1948 1794 2034 propinquiores
1822 1947 1959 2028 fuerint,
1989 1947 2043 2034 qui

423 2069 496 2113 cum
519 2049 786 2114 ministerialibus
809 2051 911 2136 ipsius
934 2050 1106 2115 comitatus
1131 2056 1164 2114 et
1187 2051 1341 2137 episcopo
1365 2052 1470 2136 ipsum
1495 2052 1682 2115 comitatum
1706 2051 1912 2137 praevideat,
1939 2072 2041 2137 usque
2061 2071 2084 2109 rs

423 2151 499 2215 dum
527 2152 620 2217 nobis
649 2154 861 2218 renuntietur.
923 2152 957 2218 Si
985 2159 1095 2218 autam
1124 2153 1226 2217 lilium
1258 2156 1428 2240 parvulum
1457 2154 1625 2235 habuerit,
1661 2153 1763 2219 isdem
1793 2175 1865 2219 eum
1895 2156 2041 2220 ministe-

424 2256 559 2321 rialibus
583 2255 684 2342 ipsius
709 2257 882 2322 comitatus
906 2263 939 2321 et
963 2258 1134 2343 episcopo,
1156 2258 1190 2321 in
1213 2257 1305 2321 cuius
1328 2258 1483 2344 parochia
1507 2257 1665 2336 consistit,
1689 2257 1836 2330 eundem
1853 2260 2042 2323 comitatum

423 2360 624 2446 praevideat,
649 2357 770 2426 donec*
793 2360 834 2425 ad
858 2368 1003 2426 nostram
1026 2362 1174 2426 notitiam
1197 2363 1375 2447 perveniat.
1423 2361 1457 2427 Si
1482 2383 1559 2427 vero
1576 2362 1678 2426 filium
1693 2383 1758 2427 non
1775 2362 1935 2442 habuerit,
1957 2363 2042 2427 lilius

422 2471 534 2531 noster
557 2486 629 2529 curn
653 2467 771 2531 ceteris
793 2465 944 2530 fidelibus
966 2465 1085 2529 nostris
1110 2465 1252 2540 ordinet,
1282 2465 1432 2550 quicum
1454 2465 1723 2530 ministerialibus
1745 2457 1847 2552 ipsius
1871 2466 2042 2530 comitatus

423 2576 456 2634 et
479 2569 634 2656 episcopo
657 2571 762 2656 ipsum
788 2571 975 2635 comitatum
999 2570 1205 2656 praevideat,
1236 2568 1339 2634 donee
1368 2570 1468 2634 iussio
1492 2576 1603 2634 nostra
1626 2569 1700 2633 inde
1723 2570 1789 2634 fiat.
1835 2568 1878 2633 Elt
1900 2591 1958 2656 pro
1981 2570 2042 2635 hoc
2062 2587 2087 2627 ro

423 2673 530 2738 nullus
553 2675 727 2751 irascatur,
757 2675 784 2739 si
807 2674 947 2740 cundem
977 2675 1163 2738 comitatum
1193 2674 1303 2754 alteri,
1333 2675 1385 2739 cui
1413 2673 1504 2740 nobis
1536 2675 1710 2760 placuerit,
1739 2673 1924 2739 dederimus
1948 2695 2043 2760 quam

423 2778 480 2858 illi,
503 2778 557 2864 qui
581 2799 655 2842 eum
679 2777 836 2844 hactenus
861 2777 1032 2866 praevidit.
1079 2778 1235 2842 Similiter
1258 2785 1291 2842 et
1314 2776 1355 2842 de
1378 2779 1529 2843 vassallis
1553 2779 1673 2842 nostris
1689 2778 1874 2843 faciendum
1898 2785 1956 2843 est.
2001 2776 2044 2841 Elt

424 2879 571 2946 volumus
597 2889 694 2967 atquc
723 2904 880 2970 expresse
904 2882 1069 2960 iubemus,
1102 2888 1137 2946 ut
1168 2888 1234 2946 tam
1259 2881 1417 2966 episcopi,
1447 2901 1544 2966 quarn
1577 2881 1713 2946 abbates
1742 2888 1775 2946 ct
1805 2882 1955 2960 comites,
1985 2902 2043 2945 seu

424 2984 522 3050 etiarn
552 2987 653 3050 ceteri
682 2985 797 3052 fideles
821 2987 923 3051 nostri
952 2986 1137 3052 hominibus
1167 2987 1234 3051 suis
1264 2984 1413 3049 similiter
1436 3005 1630 3051 conservare
1654 2985 1822 3060 studeant;
1856 2993 1889 3050 ct
1912 2991 1977 3048 tam
2001 2983 2042 3048 de

423 3090 675 3176 episcopatibus,
699 3112 796 3176 quam
820 3097 852 3156 et
875 3091 915 3157 de
940 3090 1081 3156 abbatiis
1105 3091 1229 3154 vicinus
1247 3091 1421 3176 episcopus
1446 3095 1480 3155 et
1495 3111 1604 3155 comes
1621 3088 1844 3175 praevideant,
1866 3110 1907 3152 ne
1924 3089 2043 3173 aliquis
2062 3111 2087 3150 as

422 3213 475 3256 res
498 3194 739 3258 ecclesiasticas
763 3196 814 3260 vel
836 3194 1008 3260 facultates
1031 3195 1179 3281 diripiat,
1204 3200 1237 3259 et
1253 3194 1365 3258 nullus
1391 3193 1431 3258 ad
1455 3212 1567 3258 eorum
1594 3193 1837 3277 eleemosynam
1859 3190 2044 3257 faciendam

422 3297 587 3383 impediat.
639 3297 762 3372 Quodsi
798 3299 1068 3386 praesumpserit,
1103 3305 1137 3363 et
1170 3295 1348 3364 secundum
1383 3298 1475 3384 leges
1508 3297 1668 3362 humanas
1703 3297 1764 3363 boc
1794 3302 1981 3383 componat,
2012 3303 2045 3360 et

421 3400 598 3466 secundum
626 3403 719 3487 leges
746 3403 985 3468 ecclesiasticas
1013 3401 1089 3467 inde
1120 3402 1298 3479 ecclesiae,
1334 3422 1431 3486 quarn
1462 3400 1570 3478 laesit,
1606 3401 1802 3482 satisfaciat,
1838 3408 1871 3464 et
1901 3408 2043 3466 nostram

421 3506 654 3570 harmiscaram
679 3504 858 3571 secundum
882 3504 1013 3570 modum
1038 3508 1153 3592 culpae
1178 3511 1211 3571 et
1233 3519 1269 3570 ut
1292 3505 1386 3570 nobis
1410 3506 1571 3592 placuerit
1595 3506 1767 3570 sustineat.

527 3608 595 3674 ΒΡ.
642 3601 796 3684 Cetera18
820 3609 961 3696 capitula
984 3611 1197 3696 responsione
1220 3630 1284 3674 non
1308 3615 1418 3695 egent,
1441 3609 1595 3695 quoniam
1618 3630 1637 3674 a
1662 3615 1771 3674 vestra
1787 3608 1946 3694 sapientia
1968 3615 2044 3673 sunt
2062 3632 2089 3672 ao

422 3711 583 3799 disposita
605 3718 639 3778 et
661 3711 809 3778 diffinita.

530 3821 579 3882 10.
614 3808 685 3881 Si¹7
709 3817 825 3902 aliquis
849 3838 892 3883 ex
914 3816 1066 3883 fidelibus
1089 3817 1210 3882 nostris
1233 3822 1307 3902 post
1337 3816 1461 3881 obitum
1484 3823 1630 3881 nostrum
1653 3814 1715 3879 Dei
1745 3821 1777 3879 et
1799 3821 1908 3881 nostro
1932 3836 2043 3880 amors

421 3927 631 4007 compunctus
655 3921 766 3986 seculo
790 3920 977 3986 renuntiare
1000 3922 1140 3986 voluerit
1163 3919 1320 3986 etlilium
1345 3919 1395 3984 vel
1420 3920 1519 3984 talem
1542 3919 1760 4005 propinquum
1793 3918 1958 3996 habuerit,
1989 3919 2044 4004 qui

420 4026 642 4112 reipublicae
665 4025 821 4110 prodesse
845 4027 963 4100 valeat,
987 4046 1063 4091 suos
1087 4026 1239 4102 honores,
1263 4029 1359 4111 prout
1382 4024 1498 4089 melius
1522 4023 1671 4104 voluerit,
1695 4024 1725 4086 ei
1749 4022 1858 4087 valeat
1873 4022 2043 4108 placitare.

421 4128 464 4193 Et
491 4129 519 4194 si
547 4130 580 4193 in
609 4128 704 4196 alode
734 4150 793 4194 suo
822 4132 929 4215 quiete
958 4129 1067 4195 vivere
1096 4129 1252 4208 voluerit,
1282 4127 1388 4192 nullus
1423 4129 1452 4192 ei
1481 4126 1610 4212 aliquod
1637 4125 1905 4213 impedimentum
1933 4125 2042 4190 lacere
2062 4152 2087 4191 ss

421 4241 619 4320 praesumat,
641 4255 748 4320 neque
763 4233 850 4300 aliud
868 4233 989 4320 aliquid
1012 4234 1054 4298 ab
1078 4253 1117 4298 eo
1133 4233 1329 4318 requiratur,
1353 4233 1414 4296 nisi
1431 4229 1640 4308 solummodo,
1664 4237 1700 4294 nt
1723 4229 1763 4294 ad
1780 4230 1905 4319 patriae
1928 4227 2042 4294 delen-

421 4337 547 4402 sionem
569 4343 686 4425 pergat
696 4329 735 4401 19.

531 4446 579 4506 11.
615 4442 651 4508 si
673 4443 783 4528 aliqua
805 4443 974 4508 occasione
1001 4442 1068 4506 lilio
1092 4447 1203 4507 nostro
1227 4446 1284 4504 aut
1310 4439 1460 4504 fidelibus
1488 4438 1608 4503 nostris
1637 4437 1678 4502 de
1707 4443 1816 4504 nostro
1847 4437 1937 4502 obitu
1961 4459 2043 4502 nun-

421 4547 537 4611 tiatum
561 4547 668 4626 fuerit,
691 4567 754 4612 non
779 4546 875 4610 facile
899 4545 1065 4620 credatur;
1089 4543 1146 4610 sed
1171 4544 1368 4610 conveniant
1386 4543 1480 4608 simul
1496 4541 1612 4608 fideles
1629 4543 1731 4607 nostri
1755 4549 1788 4607 et
1804 4541 2043 4607 rationabiliter

422 4649 600 4715 secundum
624 4647 687 4714 Dei
710 4649 911 4715 voluntatem
937 4649 1045 4714 omnia
1067 4669 1087 4713 a
1109 4647 1202 4712 nobis
1226 4647 1375 4713 ordinata
1399 4645 1580 4732 disponant.
2060 4680 2087 4718 ω

531 4757 580 4817 11.
617 4751 652 4817 si
675 4774 734 4818 nos
758 4754 790 4817 in
813 4752 876 4818 Dei
901 4759 1150 4837 sanctorumque
1175 4752 1277 4837 ipsius
1307 4750 1439 4816 servitio
1462 4771 1548 4815 mors
1571 4749 1875 4838 praeoccupaverit,
1900 4748 2044 4813 eleemo-

421 4857 542 4944 synarii
570 4857 687 4938 nostri,
718 4855 895 4922 secundum
927 4855 1013 4942 quod
1041 4855 1105 4920 illis
1134 4853 1394 4919 commendatum
1424 4853 1598 4932 habemns,
1629 4854 1669 4918 de
1699 4854 1906 4937 eleemosyna
1933 4859 2045 4916 nostra

421 4962 602 5027 decertent.
652 4960 695 5024 Et
723 4959 795 5026 libri
824 4961 937 5040 nostri,
970 4961 1025 5046 qui
1055 4959 1086 5023 in
1116 4958 1269 5022 thesauro
1299 4963 1409 5021 nostro
1438 4961 1527 5036 sunt,
1557 4956 1598 5021 ab
1629 4958 1710 5036 illis,
1738 4958 1822 5021 sicut
1850 4954 2044 5042 dispositum

420 5067 594 5146 habemus,
626 5067 710 5131 inter
739 5071 886 5130 sanctum
916 5055 1147 5150 Dionysium²⁰
1175 5071 1208 5126 et
1242 5068 1387 5127 sanctam
1419 5061 1557 5124 Mariam
1588 5062 1619 5125 in
1651 5059 1852 5149 Compendio
1883 5066 1916 5123 et
1943 5059 2044 5122 filium

523 5241 547 5305 a)
568 5240 631 5306 Gap.
643 5239 667 5292 3.
687 5241 840 5307 insequentis
858 5239 1018 5304 capitularis,
1037 5239 1106 5304 qaod
1124 5256 1154 5290 aa
1171 5245 1259 5289 nostro
1278 5234 1585 5299 1101100101100101111111
1604 5235 1689 5286 obitus
1707 5235 1814 5300 praelati
1833 5234 1939 5286 comitis.
2062 5247 2088 5286 rs

524 5396 567 5460 lo)
588 5393 643 5460 Osr.
661 5394 738 5460 infra
757 5394 832 5448 015.
921 5394 965 5461 16)
984 5392 1040 5458 Osr.
1061 5391 1220 5457 Hiasclriaa,
1237 5387 1475 5456 Κ1101011100111Π,
1496 5405 1524 5457 p.
1537 5388 1646 5457 229eqq.
1740 5389 1782 5454 17)
1803 5386 1858 5453 (lfa
1878 5387 1942 5455 Gap.
1961 5387 2044 5455 111000.

418 5519 439 5556 c.
452 5500 476 5553 3.
493 5501 526 5566 4,·
543 5497 690 5566 Bourpcoia
708 5499 724 5552 l.
736 5514 756 5551 c.
772 5515 801 5566 p.
817 5497 978 5564 rao-2055
998 5494 1095 5550 Faatel
1111 5494 1141 5549 de
1155 5494 1301 5564 0011100900
1318 5495 1333 5548 l.
1347 5509 1367 5546 c.
1382 5509 1410 5560 p.
1422 5493 1472 5546 461
1480 5507 1546 5560 aqq.,·
1570 5491 1707 5558 1111011101,
1728 5489 1789 5546 RG.
1804 5490 1846 5558 H,
1861 5507 1891 5560 p.
1908 5492 1965 5545 lll.
1984 5491 2045 5545 325.

421 5604 463 5669 18)
478 5602 533 5669 Gfr.
546 5617 631 5670 supra
644 5601 674 5654 in
682 5601 798 5669 praefat.
811 5602 910 5670 paon
983 5602 1025 5666 19)
1046 5598 1204 5666 0111111101.
1220 5597 1357 5663 Pateor,
1375 5596 1574 5664 0110100112,
1594 5596 1666 5650 cdl.
1736 5595 1780 5659 11))
1800 5593 1841 5648 Sc.
1854 5593 2045 5647 amastrianam

419 5705 445 5758 S.
460 5705 589 5774 Dionysii
608 5704 685 5772 apvrd
704 5704 825 5758 Parisios
843 5703 930 5757 0111101.
