4568 6434
372 443 641 504 annlnnmnri'rs
660 444 709 500 AD
726 445 973 500 castrensem
993 445 1121 504 aneoli
1140 447 1325 502 innueris
1344 447 1573 506 OltlllNTALlS.
1593 480 1625 492 ·-
1645 449 1693 506 Nr.
1706 451 1765 508 252.
1820 453 1883 518 239

257 619 428 684 continens
452 640 526 684 esse
550 641 616 684 non
639 621 756 706 possit,
784 620 989 706 indulgentia
1011 621 1215 702 sublevetur,
1239 644 1280 688 ne
1303 623 1431 688 libidini
1454 630 1697 711 prostematur‚
1721 633 1881 710 quatenus
1899 632 1959 688 895.

257 724 404 808 legitimo
422 724 609 789 consoletur
624 726 840 791 matrimonio.
886 725 937 792 De
954 725 1090 790 muliere
1108 746 1186 790 vero
1203 728 1378 807 sancimus,
1389 791 1391 794 ,
1403 729 1487 793 sicut
1503 728 1568 796 deh
1592 750 1632 794 ea
1654 728 1700 793 in¹
1716 728 1883 794 Neooesa·

256 827 355 891 riensi
390 826 525 892 sancto¹¹
560 827 698 893 coneilio
733 827 905 894 diffinitum
941 829 1081 915 legimus
1114 850 1183 916 cap.
1206 828 1257 893 Il:
1289 822 1467 910 ιΜιιΙίιιιΗ),
1503 833 1531 895 si
1564 831 1691 896 duobus
1727 831 1882 896 fratribus

202 1015 206 1020 Ι
255 931 412 1015 nupserit,
436 932 597 996 abiciatur
619 952 721 1017 nsque
746 932 787 997 ad
811 941 958 998 mortem.
1010 932 1245 998 Verumtamen
1277 935 1311 997 in
1341 935 1432 1000 exitu
1463 941 1595 1022 propter
1626 934 1881 1010 misericordiam

226 1049 238 1087 ι
256 1033 395 1099 fructum
413 1036 637 1121 poenitentiae
652 1044 881 1122 consequatur,
908 1037 934 1102 si
950 1036 1146 1124 promiserit,
1170 1037 1256 1122 qnod
1272 1036 1361 1102 lacta
1376 1037 1547 1102 incolumis
1564 1038 1660 1104 huius
1677 1039 1881 1104 coniunctio-

256 1138 306 1202 nis
323 1138 453 1202 vincula
470 1137 638 1204 dissolvat.
677 1139 832 1214 Quodsim
847 1140 1004 1205 deiecerit
1028 1140 1142 1204 mulier
1165 1147 1221 1204 ant
1237 1141 1287 1205 vir
1310 1142 1342 1206 in
1359 1141 1480 1206 talibus
1496 1143 1629 1228 nuptiis,
1654 1141 1796 1207 difficilis
1821 1143 1885 1207 erit

254 1242 457 1326 poenitentia
478 1243 511 1306 in
534 1243 601 1307 vita
625 1242 866 1328 permanenti1'.
913 1242 1095 1330 Episcopus
1118 1264 1198 1310 vero
1230 1251 1430 1330 potestatem
1453 1244 1575 1310 habeat
1598 1244 1777 1309 seeundum
1803 1266 1880 1310 con-

255 1347 474 1410 versationem
503 1347 606 1432 ipsius
636 1353 693 1411 aut
723 1347 853 1412 edicere
881 1347 1071 1432 neglegenti
1099 1356 1156 1411 aut
1186 1349 1332 1412 minuere
1361 1357 1458 1412 vere¹¹
1487 1349 1668 1434 poenitenti
1679 1358 1709 1414 ¹¹¹.
1757 1347 1882 1413 'lamen

256 1448 392 1514 ulterius
417 1451 589 1518 continens
613 1458 647 1516 et
668 1472 689 1516 e
712 1453 779 1516 viro
803 1451 965 1516 disiuncta
988 1458 1189 1536 permaneat.

213 1588 239 1626 ιο
365 1568 551 1655 dapne
596 1569 637 1635 Si
668 1572 757 1657 quis
781 1593 864 1636 cunr
887 1570 1042 1636 duabus
1436 1575 1543 1656 (lta.)

256 1673 466 1738 sororibus
504 1674 628 1739 fuerit
664 1676 853 1761 pollutus.
914 1675 1042 1740 Similib
1137 1674 1199 1740 In*
1227 1677 1346 1741 lectum
1375 1677 1482 1742 mariti
1504 1679 1642 1743 absente
1664 1699 1768 1743 uxore
1792 1699 1884 1743 soror

255 1776 350 1842 modo
368 1777 545 1843 seeundum
563 1786 694 1844 sanctos
719 1770 901 1844 canones¹⁰
923 1779 1041 1842 diffini·
1095 1780 1228 1844 urrorisb
1263 1781 1336 1859 ivit,
1378 1801 1475 1865 qnam
1514 1781 1569 1845 ille
1610 1801 1747 1846 uxorem
1789 1803 1883 1846 suam

255 1901 328 1945 mus
352 1888 385 1946 et
407 1881 587 1948 iudicamus
612 1883 652 1947 de
676 1883 748 1962 eol,
773 1882 827 1967 qui
844 1892 938 1945 cum⁰
960 1881 1041 1947 dua·
1095 1891 1212 1970 putens
1228 1883 1381 1949 dormivit
1397 1904 1471 1948 cnm
1487 1905 1536 1950 ea.
1575 1882 1681 1970 Super
1697 1884 1760 1949 hoc
1777 1886 1882 1950 visum

256 1985 315 2050 bus
346 1985 510 2051 sororibus
538 1987 638 2051 fuerit
668 1986 829 2072 pollutus,
862 1991 917 2050 ut⁰
940 2006 1041 2072 usque
1094 1992 1161 2065 est,
1196 1989 1223 2052 si
1251 1989 1322 2074 ipse
1354 2009 1412 2074 per
1443 1988 1653 2053 securitatem
1683 2009 1795 2054 veram
1819 1988 1881 2054 hoc

213 2115 237 2154 rs
254 2087 310 2153 ind
341 2090 464 2154 exitum
496 2091 580 2154 vitae
611 2090 783 2176 poenitens
815 2097 849 2154 et
872 2089 1041 2154 continens
1094 2092 1289 2176 probaverit,
1306 2091 1390 2177 quod
1408 2092 1530 2157 inscius
1546 2091 1744 2157 hoc⁰soelus
1756 2092 1883 2171 lecerit,

255 2200 456 2278 permaneat.
503 2193 603 2258 Soror
626 2200 751 2274 autem,
775 2213 857 2278 quae
882 2191 1042 2278 posterior
1095 2197 1307 2282 penitentiam
1331 2194 1480 2280 quidem,
1512 2216 1594 2282 quae
1626 2196 1690 2260 sibi
1718 2195 1883 2260 indicated

255 2296 422 2361 libidinis⁶
450 2297 615 2384 perforata
644 2297 787 2362 aculeis⁰
817 2296 961 2361 scienter
985 2294 1043 2360 ser
1094 2297 1201 2378 luerit,
1225 2307 1311 2384 agat,
1335 2299 1516 2383 legitimum
1532 2311 1628 2363 vero⁰
1652 2319 1745 2364 suum
1769 2300 1880 2363 coniu-

255 2421 328 2464 cum
363 2401 477 2466 eodem
513 2401 833 2482 commaculaverits,
870 2420 973 2484 usque
1008 2399 1041 2464 in
1095 2403 1182 2488 gium
1219 2402 1340 2466 habere
1375 2403 1597 2488 permittatur;
1631 2403 1719 2467 illam
1753 2409 1883 2467 autem⁰

254 2503 352 2569 linem
377 2504 485 2570 vitaef
504 2505 676 2591 poenitens
700 2511 733 2569 et
755 2502 944 2568 continensh
967 2525 1039 2589 per·
1095 2513 1266 2592 oportere⁰
1288 2504 1387 2590 digna
1403 2505 1548 2572 vindicta
1564 2507 1665 2592 afiligi
1688 2514 1721 2571 et
1743 2507 1777 2571 in
1794 2513 1879 2571 eter-

211 2633 236 2670 eo
255 2607 360 2674 duret.
399 2610 435 2675 si
452 2616 561 2674 autem
578 2609 742 2695 inprovise
759 2605 942 2691 contingit¹,
962 2629 1039 2671 con·
1095 2632 1171 2677 num
1196 2610 1345 2695 coniugio
1368 2608 1517 2696 privari*

254 2710 354 2796 digna
378 2714 558 2798 stringatur
581 2713 797 2797 castigatione
822 2718 864 2792 et,
890 2709 929 2775 sii
952 2712 1040 2790 velit,
1407 2777 1409 2782 A
1433 2709 1544 2798 (451).)

254 2816 424 2901 legitima¹¹
447 2823 557 2881 utatur
581 2815 640 2880 viri
664 2816 893 2880 coniunctione
904 2813 928 2878 ¹¹.
1138 2816 1194 2880 Si·
1218 2818 1289 2902 quis
1322 2838 1395 2881 sum
1426 2816 1551 2881 duabus
1582 2815 1748 2880 sororibus
1780 2815 1879 2880 forni-

1095 2928 1187 2986 catus
1211 2921 1319 2998 fucrit,
1344 2921 1391 2985 vir
1412 2919 1529 2985 diebus
1553 2921 1639 2984 vitae
1664 2941 1743 2984 suae
1766 2920 1879 3006 poeni·

1096 3032 1179 3103 teat,
1207 3023 1317 3088 sororb
1340 3025 1485 3100 autemb,
1518 3045 1601 3110 quae
1625 3030 1718 3109 post⁰
1741 3023 1880 3110 priorem

1095 3129 1199 3192 sciens
1214 3127 1374 3192 fornicata
1390 3134 1450 3208 est,
1467 3126 1683 3192 diebusvitae
1697 3127 1881 3212 poeniteat;

1094 3230 1210 3318 quodsi
1248 3252 1311 3295 non
1349 3231 1499 3312 rescivit,
1536 3230 1721 3296 licentiam⁰
1759 3229 1881 3295 habeat

1093 3334 1245 3402 nubendi.
1604 3339 1606 3342 ’

1117 3475 1144 3540 l)
1165 3471 1222 3526 oct.
1240 3470 1302 3524 add.
1320 3471 1435 3537 fuson:
1455 3469 1508 3525 uisi
1521 3472 1585 3539 post
1596 3470 1788 3540 dignissimam
1802 3471 1880 3542 peni·

1160 3559 1278 3614 tentiam
1300 3556 1506 3626 indulgentiam
1525 3556 1596 3610 iorte
1615 3556 1755 3612 meruerit.

208 3885 233 3924 so
359 3857 464 3944 Cap·
487 3861 538 3923 46.
593 3857 631 3921 Si
665 3858 775 3921 cuius
815 3876 917 3919 uxor
948 3861 1210 3941 constuprata
1244 3853 1367 3917 inerit
1398 3859 1436 3916 et
1469 3856 1680 3938 propterea
1715 3854 1879 3918 maritus

252 3961 418 4049 perdere
453 3961 558 4026 illem
592 3960 892 4025 machinaverit.
951 3957 984 4022 Si
1021 3961 1114 4023 ouius
1152 3979 1234 4022 uxor
1265 3963 1475 4043 constuprata
1508 3955 1608 4020 fuerit
1641 3963 1675 4020 et
1708 3964 1880 4043 propterea

251 4067 385 4132 maritus
416 4063 576 4151 capitalib
608 4065 773 4130 sententia
804 4063 915 4128 delere
945 4063 1054 4128 illamb
1081 4063 1334 4140 machinaverit,
1364 4063 1436 4147 ipsa
1466 4081 1542 4125 vero
1572 4068 1734 4146 urguente
1765 4062 1880 4126 mortis

252 4172 398 4257 periculo
423 4170 464 4234 ad
481 4170 669 4256 episcopum
686 4169 870 4253 confugerit
887 4175 920 4232 et
936 4169 1095 4233 auxilium
1112 4167 1297 4253 quaesierit,
1322 4167 1521 4251 operosiori⁰
1537 4164 1679 4246 tamend,
1704 4165 1732 4228 si
1748 4172 1879 4251 potest⁰

353 4359 396 4413 44.
432 4359 460 4425 lr)
478 4361 510 4413 de
533 4377 565 4412 ea
587 4361 614 4411 in
636 4377 684 4411 ont.
708 4358 802 4411 Salat.
909 4359 928 4421 i)
947 4377 996 4412 om.
1014 4357 1039 4411 3.
1058 4357 1083 4410 4.
1182 4359 1211 4424 li)
1236 4376 1283 4410 cra.
1308 4357 1402 4410 saras.
1501 4355 1521 4422 1)
1541 4359 1703 4410 Mulier...
1722 4357 1879 4424 pennanenti

207 4455 232 4494 ³5
251 4466 298 4500 om.
317 4449 353 4500 id.
441 4445 477 4512 m)
496 4448 593 4510 Quodsi
676 4447 817 4512 poenitenti
835 4463 882 4496 ona
901 4442 925 4498 4.
1015 4443 1043 4512 ιι)
1063 4463 1110 4496 ora.
1131 4445 1155 4498 Ι).

353 4533 394 4586 45.
431 4533 459 4598 a)
480 4534 543 4585 Onus
555 4533 713 4584 asmcedena'
725 4533 838 4597 capitulo
855 4532 884 4584 iu
895 4550 975 4583 aurem
988 4532 1150 4582 corsioactum
1162 4531 1189 4581 iu
1203 4529 1312 4588 Saloca
1331 4531 1528 4582 Neocesarisuse
1541 4530 1612 4581 rubr.
1625 4530 1653 4580 ira
1665 4529 1768 4581 Monac.
1785 4523 1877 4581 14628.

250 4622 278 4686 b)
297 4622 380 4674 Simili
476 4637 506 4671 eo
529 4637 577 4672 oar.
596 4618 700 4671 Monac.
800 4621 824 4680 o)
842 4636 890 4669 oar.
909 4619 944 4669 id.
1033 4619 1060 4676 d)
1078 4617 1163 4680 adid
1264 4622 1290 4679 ο)
1309 4616 1409 4666 libidini
1427 4617 1594 4668 succubuerit
1611 4617 1645 4666 id.
1746 4615 1812 4679 free

252 4711 318 4761 vitae
336 4727 384 4761 ona.
404 4708 438 4759 id.
538 4707 565 4774 gl
583 4701 919 4778 commaculaveratl-d.
1020 4703 1048 4768 lr)
1073 4705 1099 4754 in
1118 4704 1216 4754 exitum
1234 4703 1302 4754 vitae
1320 4701 1383 4752 odd.
1402 4699 1506 4752 Menoe.
1610 4700 1629 4768 i)
1648 4703 1757 4770 contigit
1774 4711 1878 4769 peracta

250 4787 328 4864 digna
347 4795 504 4862 paenitentia
522 4794 544 4844 si
562 4793 596 4844 id.
684 4791 714 4856 k)
732 4791 846 4858 legitime
865 4781 947 4841 nubat
965 4790 999 4840 id.

207 4899 233 4938 ro
351 4880 413 4933 lna.
451 4881 506 4947 tyr.
530 4879 591 4930 Tae.
605 4877 663 4942 ΙΙΙ,
682 4897 721 4929 ar.
735 4875 777 4929 46.
812 4875 838 4944 a)
857 4878 896 4928 De
915 4877 1054 4928 eademne.
1092 4877 1132 4926 nx
1150 4875 1239 4926 eodem
1257 4872 1302 4938 (rc.
1326 4874 1495 4948 iliburieusi)
1513 4875 1583 4925 rubr.
1604 4893 1646 4942 ap.
1666 4875 1741 4942 ΒΨ
1768 4877 1807 4927 lle
1825 4875 1878 4940 illo,

250 4969 294 5035 qui
312 4985 339 5020 se
358 4969 491 5034 ignorante
509 4983 568 5018 curn
581 4982 667 5017 sorore
685 4965 772 5016 uxoris
790 4981 853 5015 suae
872 4963 1012 5014 fornicatus
1030 4969 1075 5012 est.
1112 4962 1152 5011 Ex
1170 4961 1279 5012 concilio
1296 4960 1457 5012 Triburiensi
1475 4977 1530 5028 cap.
1545 4962 1614 5013 VIIl.
1632 4962 1703 5012 rubr.
1722 4978 1764 5027 ap.
1780 4961 1876 5014 Burclr.

251 5055 277 5120 b)
295 5056 343 5106 ivit
360 5055 448 5106 uxoris
465 5051 511 5102 tid.
598 5049 622 5116 c)
642 5053 730 5102 lecerit
748 5052 796 5102 hoc
813 5050 898 5102 scelus
916 5049 960 5100 iid.
1047 5046 1075 5115 d)
1093 5049 1205 5100 indicata
1221 5047 1267 5099 tid.
1354 5047 1378 5110 s)
1398 5065 1446 5099 om,
1465 5049 1509 5100 iid.

352 5139 416 5192 lob.
455 5139 510 5204 Csr.
528 5137 589 5189 Tala
601 5137 660 5200 111,
676 5157 717 5188 nr.
729 5135 772 5190 47.
808 5137 834 5202 ιι)
854 5141 916 5205 Cap.
927 5139 1033 5190 XXVII.
1047 5138 1191 5202 praenitet
1204 5136 1301 5194 Dicam
1318 5139 1382 5188 Item
1395 5137 1464 5203 apud
1477 5137 1793 5204 Triburiascap.XllVll.
1806 5137 1876 5188 rubr.

249 5229 276 5280 in
290 5227 359 5287 001.;
385 5229 424 5278 De
442 5226 531 5276 eadem
549 5241 583 5276 rs.
624 5226 663 5275 Ex
680 5226 768 5276 eodeni
786 5225 830 5290 (sc.
857 5224 1024 5289 llidura'cmi)
1041 5223 1113 5275 rubr.
1132 5241 1174 5290 op.
1190 5223 1260 5289 1329,
1279 5223 1386 5287 Barch,
1403 5224 1447 5289 qai
1464 5223 1552 5274 addit:
1576 5241 1630 5290 cap.
1647 5225 1678 5276 X.
1761 5223 1788 5288 b)
1806 5241 1876 5276 soro·

207 5327 232 5364 ιι
251 5332 308 5365 rurn
327 5314 409 5366 Dieea
490 5311 515 5374 c)
535 5313 566 5362 de
583 5313 633 5363 alia
651 5329 736 5364 sorore
754 5313 863 5364 nescivit
882 5311 1010 5363 licentium
1028 5309 1099 5376 Κεφ,
1117 5310 1215 5363 Burei.
1341 5345 1344 5352 ,

352 5397 395 5452 46.
430 5397 456 5464 ιι)
475 5398 634 5450 Exoorroilio
647 5400 735 5451 eodem
753 5396 798 5466 (se.
812 5399 991 5462 Nausnctcnai)
1009 5398 1079 5448 rubr.
1098 5397 1126 5448 irs
1142 5397 1248 5450 deob.
1260 5397 1312 5464 sol.
1329 5394 1404 5460 105¹,
1424 5397 1560 5465 Bamberq.
1571 5398 1625 5466 sol.
1638 5395 1698 5451 215.
1780 5397 1809 5464 b)
1823 5416 1877 5466 per·

250 5488 309 5538 dere
327 5485 398 5538 illam
416 5485 460 5536 tid
548 5483 572 5549 o)
590 5485 728 5553 operosiori
811 5492 894 5551 potest
912 5501 959 5536 orn.
979 5483 1023 5536 iid.
1110 5483 1138 5546 d)
1158 5500 1205 5535 cns
1224 5482 1249 5536 5.
1672 5475 1674 5478 ¹

352 5639 380 5706 9)
395 5637 471 5692 Ocra
484 5637 611 5692 Neccoca.
624 5653 646 5692 c.
657 5639 682 5704 2,
698 5637 792 5692 Manet
800 5637 842 5706 IL
855 5637 903 5691 col.
912 5637 972 5691 543.
1052 5637 1095 5704 10)
1110 5634 1167 5702 Osr.
1180 5635 1285 5692 Decret.
1302 5635 1413 5692 Vererer.
1425 5634 1590 5705 vos-7683,
1602 5641 1663 5692 toas.
1674 5637 1699 5705 Ι,
1709 5655 1739 5708 p.
1749 5639 1792 5704 41,
1803 5653 1823 5691 c.
1836 5639 1877 5692 12.

251 5743 295 5809 11)
315 5741 372 5808 Gfr.
391 5741 479 5796 Sertei
497 5740 512 5793 l.
525 5756 546 5794 c.
