4568 6420
400 427 464 488 520
850 421 1065 478 HINCMARUS
1084 422 1131 476 DE
1150 422 1288 477 ORDINE
1307 421 1454 476 Pauauu
1473 438 1496 475 c.
1507 423 1584 478 5-9.

401 596 531 678 debeat,
555 599 759 662 incessanter
788 597 972 670 annuntiet;
1005 598 1088 660 sicut
1111 595 1151 662 de
1176 595 1320 676 Christo,
1350 597 1405 682 qui
1435 597 1527 681 sequi
1550 617 1600 674 se,
1632 594 1739 658 idest
1767 593 1900 671 imitari,
1931 615 2027 678 prae-

399 691 526 787 cipit²⁷,
549 702 702 786 scriptum
726 705 793 765 est:
818 691 960 774 ‘Quae28
984 700 1091 786 caepit
1107 700 1200 764 Iesus
1224 700 1333 765 facere
1358 707 1391 765 et
1414 697 1556 764 docere'
1595 698 1638 762 Et
1662 699 1708 761 sic
1732 697 1831 761 vitam
1856 717 1894 761 ac
1917 717 2027 761 mores

399 805 460 870 sibi
484 805 733 870 commissorum
758 804 948 890 speculetur
970 804 1140 869 attendere
1164 811 1206 884 et,
1235 812 1409 890 postquam
1432 803 1626 880 attenderit,
1657 823 1815 881 sermone,
1848 802 1874 865 si
1896 801 2026 886 poterit,

399 915 432 974 et
455 915 531 974 actu
555 909 719 994 corrigere
744 914 787 990 et,
816 909 929 972 sinon
953 909 1084 994 poterit,
1107 909 1201 973 iuxta
1217 911 1442 994 evangelicam
1467 897 1651 993 regulam29
1674 906 1835 971 scelerum
1859 905 2026 990 operarios

401 1012 500 1077 debet
522 1012 695 1079 declinare.
2067 1031 2079 1068 s

507 1114 587 1200 Oap.
605 1119 635 1179 6.
672 1113 714 1178 Et
737 1135 797 1179 rex
819 1106 899 1179 ‘in30
922 1122 1025 1180 semet
1047 1116 1119 1201 ipso
1143 1116 1280 1180 nominis
1300 1117 1349 1180 sui
1365 1114 1560 1202 dignitatem
1583 1113 1746 1179 custodire
1771 1111 1883 1179 debet:
1908 1133 2026 1178 nomen

399 1220 485 1285 euim
511 1220 597 1304 regis
622 1220 892 1285 intellectualiter
913 1220 975 1284 hoc
993 1221 1121 1302 retinet,
1144 1227 1181 1284 ut
1198 1220 1354 1285 subiectis
1372 1220 1522 1285 omnibus
1546 1218 1683 1282 rectoris
1701 1216 1841 1280 officium
1864 1223 2027 1301 procuret.

402 1322 467 1387 Sed
490 1323 631 1407 qualiter
654 1323 735 1386 alios
760 1323 922 1408 corrigere
947 1324 1075 1409 poterit,
1099 1323 1155 1408 qui
1178 1324 1323 1409 proprios
1348 1344 1465 1402 mores,
1496 1343 1537 1386 ne
1561 1321 1661 1406 iniqui
1686 1321 1760 1400 sint,
1784 1340 1848 1384 non
1873 1321 2026 1404 corrigit?

399 1418 615 1500 “Quoniamffl
642 1427 767 1491 iustitia
790 1428 875 1511 regis
899 1429 1066 1492 exaltatur
1089 1425 1228 1491 solium”
1253 1433 1286 1492 et
1310 1427 1447 1491 veritate
1472 1425 1653 1490 solidantur
1675 1423 1900 1509 gubernacula
1922 1444 2026 1509 popu·
2090 1457 2092 1460 v

399 1529 525 1595 lorum!
564 1529 657 1604 Quae
679 1550 755 1594 vero
780 1531 821 1594 sit
847 1530 973 1595 iustitia
996 1531 1083 1616 regis
1108 1529 1196 1595 idem
1220 1531 1336 1595 beatus
1354 1529 1537 1616 Cyprianus
1562 1530 1595 1594 in
1619 1550 1705 1593 nono
1729 1527 1898 1592 abusionis
1923 1527 2027 1612 gradu
2056 1548 2081 1588 ιο

401 1633 675 1698 sufficientissime
699 1625 904 1700 monstra132.

515 1735 595 1822 Cap.
620 1739 648 1800 7.
694 1735 808 1802 Habet
837 1737 956 1823 quippe
986 1735 1062 1801 ordo
1091 1737 1302 1802 sacerdotalis
1330 1739 1422 1824 leges
1445 1737 1597 1801 divinitus
1626 1735 1861 1822 promulgatas,
1892 1735 2030 1820 qualiter

379 1841 537 1926 ‚quisque
562 1838 602 1904 ad
620 1840 748 1904 eulmen
772 1841 954 1926 regiminis,
971 1841 1125 1906 videlicet
1141 1842 1360 1927 episcopatus,
1384 1843 1495 1906 venire
1520 1840 1650 1918 debeat,
1674 1845 1772 1925 atque
1796 1839 1837 1902 ad
1862 1840 1922 1903 hoc
1938 1844 2027 1905 recte

400 1945 594 2029 perveniens
618 1944 758 2028 qualiter
774 1945 872 2024 vivat,
898 1952 931 2010 et
954 1946 1039 2011 bene
1057 1947 1171 2011 vivens
1197 1946 1337 2032 qualiter
1359 1946 1487 2025 doceat,
1511 1953 1545 2010 et
1566 1950 1655 2010 recte
1673 1943 1792 2008 docens
1810 1942 2028 2008 infirmitatem

401 2069 494 2112 suam
523 2047 666 2133 quotidie
691 2057 812 2134 quanta
844 2051 1106 2116 consideratione
1138 2057 1331 2136 cognoseat,
1365 2050 1504 2137 qualiter
1538 2051 1636 2114 etiam
1664 2047 1829 2111 ministros
1859 2045 1920 2110 sibi
1950 2046 2026 2110 sub·
2056 2067 2080 2106 a

401 2153 521 2238 positos
547 2172 661 2236 regere
677 2152 807 2232 debeat,
831 2175 930 2238 quam
946 2175 1032 2241 pura
1048 2156 1147 2220 etiam
1163 2154 1344 2219 intentione
1363 2175 1473 2218 sacros
1491 2151 1731 2218 ecclesiasticos
1747 2149 1877 2214 ordines
1894 2148 2027 2234 dispen-

400 2275 472 2320 sare
501 2261 534 2318 et
563 2275 628 2340 qua
656 2255 849 2321 discretione
880 2256 984 2341 ligare
1008 2259 1061 2322 vel
1092 2259 1222 2322 solvere
1256 2256 1402 2323 subditos
1432 2257 1561 2321 debeat.
1613 2255 1663 2318 De
1693 2253 1810 2338 quibus
1840 2253 1967 2338 legibus
1996 2253 2028 2318 in

401 2358 525 2423 eisdem
550 2348 774 2443 scriptumest
796 2361 857 2424 ita:
883 2351 1019 2424 ‘Nulli33
1036 2360 1198 2425 sacerdoti
1223 2382 1299 2424 suos
1323 2361 1423 2425 liceat
1439 2379 1581 2423 canones
1605 2358 1756 2443 ignorare
1779 2357 2029 2442 necquicquam

399 2463 527 2539 facere,
554 2459 641 2544 quod
669 2466 799 2546 patrum
827 2463 930 2547 possit
958 2463 1080 2547 regulis
1111 2461 1266 2527 obviare’
1312 2462 1398 2537 Quia
1426 2484 1491 2526 non
1520 2462 1627 2526 miuus
1657 2462 1690 2525 in
1718 2466 1903 2525 sanctarum
1927 2459 2028 2524 tradi-

400 2675 460 2746 est,
483 2668 570 2752 quia,
593 2674 630 2730 ut
647 2689 739 2732 sacra
762 2674 919 2733 monstrat
935 2661 1158 2749 auctoritasi‘i,
1183 2677 1324 2755 cognata
1349 2676 1425 2734 suut
1441 2670 1581 2734 schisma
1606 2676 1639 2734 et
1661 2668 1816 2748 haeresis,
1840 2690 1888 2745 ae,
1913 2669 1940 2732 si
1956 2670 2028 2734 aliis

400 2771 509 2836 verbis
539 2769 680 2847 dicatur,
715 2792 778 2835 non
809 2773 916 2836 minus
949 2773 1175 2836 schismaticus
1205 2771 1385 2859 delinquit,
1423 2795 1496 2837 cum
1529 2773 1808 2859 praevaricatione
1844 2779 2028 2836 sanctarum

401 2875 588 2958 regularum
611 2895 671 2959 per
694 2879 915 2960 contemptum
941 2897 976 2939 se
1000 2876 1042 2940 ab
1065 2877 1189 2941 unitate
1214 2883 1345 2940 sanctae
1369 2877 1540 2956 ecclesiae,
1571 2898 1654 2962 quae
1679 2897 1797 2961 corpus
1823 2874 1944 2939 Ohristi
1967 2881 2028 2954 est,

401 2976 528 3054 dividit,
559 2998 655 3062 quam
679 2977 879 3058 haereticus,
903 2979 959 3064 qui
988 2978 1028 3043 de
1052 2977 1141 3058 Deo,
1166 2981 1270 3064 capite
1294 2980 1447 3045 videlicet
1475 2980 1577 3066 ipsius
1602 2981 1779 3060 ecclesiae,
1810 2980 1895 3044 male
1919 2979 2027 3044 sentit.

512 3080 591 3168 Cap.
615 3083 645 3145 8.
691 3079 734 3143 Et
761 3082 844 3144 sieut
866 3079 989 3146 dietum
1021 3089 1071 3147 est
1102 3082 1141 3146 de
1171 3084 1299 3167 legibus
1321 3085 1567 3161 ecclesiasticis,
1596 3083 1681 3171 quod
1712 3074 1838 3149 ‘nulli33
1868 3081 2030 3148 sacerdoti
2055 3103 2081 3150 aa

321 3223 324 3228 ,
402 3207 477 3252 suos
501 3186 600 3250 liceat
615 3206 757 3249 canones
781 3186 932 3269 ignorare
954 3207 1014 3252 nec
1032 3188 1202 3273 quicquam
1220 3189 1341 3270 facere,
1366 3188 1452 3273 quod
1468 3195 1595 3274 patrum
1611 3188 1714 3273 possit
1733 3186 1856 3272 regulis
1873 3184 2028 3266 obviare’,

403 3293 449 3355 ita
471 3288 598 3374 legibus
623 3289 725 3354 sacris
749 3287 914 3353 decretum
939 3297 1000 3372 est,
1027 3298 1063 3354 ut
1087 3293 1188 3377 ‘leges
1198 3283 1227 3330 35
1249 3293 1377 3357 nescire
1400 3292 1479 3356 nulli
1501 3293 1600 3357 liceat
1622 3298 1678 3356 aut
1701 3313 1785 3378 quae
1808 3295 1884 3354 suut
1907 3295 2029 3355 statuta

402 3390 633 3459 contemnere’.
672 3390 753 3456 Cum
771 3393 856 3456 enim
873 3392 1003 3458 dicitur:
1030 3393 1130 3459 ‘Nulli
1153 3395 1251 3458 liceat
1274 3397 1366 3480 leges
1383 3396 1511 3460 nescire
1529 3395 1579 3460 vel
1604 3415 1687 3479 quae
1711 3400 1787 3459 sunt
1809 3400 1931 3459 statuta
1950 3415 2027 3458 con-

403 3494 571 3576 temnere',
595 3494 684 3559 nulla
705 3516 849 3580 persona
874 3497 907 3559 iu
931 3519 1124 3582 quocunque
1149 3497 1261 3563 ordine
1285 3499 1451 3564 mundano
1475 3499 1646 3583 excipitur,
1674 3519 1758 3584 quae
1781 3499 1845 3562 hac
1867 3498 2029 3563 sententia

402 3621 467 3664 non
491 3599 741 3682 constringatur.
780 3598 916 3664 Habent
925 3591 954 3639 3⁶
977 3602 1065 3665 enirn
1081 3622 1176 3684 reges
1200 3608 1233 3665 et
1256 3602 1457 3687 reipublicae
1481 3603 1619 3667 ministri
1636 3603 1737 3686 leges,
1761 3601 1877 3687 quibus
1898 3601 1931 3666 in
1948 3622 2026 3687 qua·
2054 3621 2081 3662 cc

404 3724 542 3787 cumque
567 3702 734 3787 provincia
763 3701 922 3786 degentes
956 3725 1072 3788 regere
1095 3705 1231 3783 debent,
1262 3706 1384 3771 habent
1408 3708 1551 3792 capitula
1575 3706 1824 3770 christianorum
1851 3727 1965 3790 regum
1989 3727 2028 3770 ao

403 3806 646 3893 progenitorum
672 3825 813 3880 suorum,
843 3826 926 3890 quae
951 3808 1098 3890 generali
1122 3829 1285 3872 consensu
1312 3809 1456 3875 fidelium
1481 3832 1612 3874 suorum
1636 3816 1750 3874 tenere
1778 3809 1929 3893 legaliter
1951 3829 2027 3894 pro-

404 3910 641 3996 mulgaverunt.
675 3907 725 3972 De
742 3908 858 3993 quibus
876 3910 993 3974 beatus
1012 3910 1218 3993 Augustinus
1235 3911 1322 3988 dicit,
1339 3914 1424 3997 quia,
1450 3904 1570 3976 ‘licetil
1588 3911 1736 3976 homines
1753 3911 1792 3974 de
1808 3911 1859 3975 bis
1876 3911 2028 3992 iudicent,

404 4035 476 4079 cum
500 4033 556 4077 eas
580 4012 763 4090 instituunt,
787 4017 907 4089 tamen,
932 4009 1005 4077 cuni
1029 4012 1149 4077 fuerint
1164 4015 1335 4078 institutae
1360 4022 1456 4100 atque
1473 4016 1630 4096 firmatae,
1654 4037 1716 4079 non
1740 4015 1852 4080 licebit
1867 4015 2029 4080 iudicibus

404 4117 444 4181 de
469 4116 549 4200 ipsis
572 4113 728 4194 iudicare,
753 4114 812 4179 sed
836 4115 1014 4180 secundum
1038 4115 1145 4201 ipsas’
2055 4147 2081 4186 es

514 4217 595 4302 Oap.
612 4220 641 4282 9.
681 4215 784 4280 Multo
808 4219 912 4282 minus
935 4225 1045 4284 autem
1070 4220 1139 4304 regi
1161 4221 1214 4284 vel
1239 4221 1373 4285 cuilibet
1395 4223 1429 4286 in
1452 4243 1644 4306 quocunque
1668 4222 1780 4286 ordine
1805 4229 1917 4287 contra
1938 4221 2029 4306 leges

405 4323 530 4387 divinas
553 4322 630 4384 licet
653 4339 750 4402 agere
780 4341 838 4405 per
861 4328 1094 4407 contemptum.
1140 4321 1234 4387 Unde
1263 4325 1400 4410 principi
1430 4331 1536 4389 terrae
1565 4345 1764 4410 magnopere
1792 4323 2028 4409 providendum

406 4434 502 4511 atque
521 4423 700 4488 cavendum
724 4431 785 4503 est,
808 4446 850 4488 ne
873 4426 906 4488 iu
929 4425 979 4489 his
996 4425 1089 4490 Deus
1114 4427 1305 4506 offendatur,
1329 4449 1389 4513 per
1404 4449 1486 4513 quos
1510 4429 1625 4512 religio
1650 4428 1827 4492 christiana
1850 4429 2028 4492 consistere

405 4530 506 4594 debet
529 4532 562 4590 et
584 4528 705 4591 caeteri
728 4528 768 4591 ab
794 4529 977 4594 offensione
1002 4531 1131 4595 salvari.
1177 4531 1220 4595 Et
1242 4532 1333 4611 ideo,
1361 4533 1415 4616 qui
1439 4554 1491 4597 res
1515 4532 1754 4596 ecclesiasticas
1778 4532 1887 4596 divino
1911 4530 2028 4596 iudicio

406 4631 544 4698 tuendas
568 4636 601 4695 et
623 4630 844 4696 defensandas
876 4634 1037 4717 suscepit,
1068 4655 1229 4700 consensu
1254 4637 1339 4710 eius,
1369 4637 1529 4701 electione
1553 4635 1642 4713 cleri¹
1663 4656 1701 4698 ac
1723 4634 1829 4719 plebis
1858 4641 1891 4698 et
1913 4656 2030 4720 appro-
2056 4665 2082 4702 m

406 4737 539 4800 batione
560 4735 785 4820 episcoporum
808 4735 992 4819 provinciae
1018 4736 1155 4820 quisque
1179 4738 1219 4801 ad
1244 4739 1503 4803 ecclesiasticum
1529 4738 1674 4822 regimen
1699 4737 1822 4822 absque
1846 4737 1912 4800 ulla
1931 4759 2029 4802 vena-

507 4973 551 5040 27)
569 4972 667 5028 Mettis
688 4976 728 5041 16,
747 4974 789 5029 24.
868 4975 912 5042 28)
931 4976 990 5029 Aet.
1010 4982 1095 5045 apest.
1116 4977 1139 5043 1,
1160 4978 1182 5030 1.
1261 4978 1306 5042 29)
1325 4977 1395 5030 Lae.
1415 4977 1457 5041 13,
1474 4975 1522 5029 at:
1541 4974 1681 5029 Discedite
1699 4991 1716 5027 a
1734 4990 1778 5027 me
1797 4990 1891 5028 omnes
1910 4974 2030 5044 operarii

404 5075 573 5146 iniquitatis,
661 5077 706 5143 30)
727 5075 880 5146 dammam
899 5078 915 5132 l.
933 5092 954 5130 o.
972 5078 1151 5144 c.9,p.163.
1239 5078 1285 5147 31)
1304 5078 1424 5132 moveo.
1445 5081 1486 5145 16,
1506 5078 1545 5132 12.
1637 5079 1682 5144 32)
1702 5077 1792 5146 Sapra
1804 5077 1902 5145 aral,
1920 5083 1973 5131 mot.
1988 5079 2030 5132 36.

404 5177 448 5246 33)
473 5179 613 5233 Caelestini
634 5179 706 5248 epist.
726 5179 762 5233 ad
782 5179 859 5248 episc.
874 5196 927 5248 per
943 5180 1076 5248 Apuliam
1100 5185 1124 5234 et
1144 5180 1296 5235 Calabriam
1318 5183 1423 5238 constit.
1443 5199 1464 5237 c.
1480 5185 1502 5250 1,
1528 5182 1622 5236 Macci
1639 5181 1692 5248 IV,
1716 5183 1764 5236 eol.
1782 5182 1840 5249 469,
1864 5181 1943 5249 Jaffe,
1968 5183 2031 5250 aa.

400 5283 501 5350 pontif.
520 5283 562 5348 1²,
584 5299 627 5335 mr.
640 5284 699 5337 311.
803 5284 847 5348 34)
872 5282 928 5348 Osr.
947 5283 1107 5353 Hieronymi
1131 5283 1302 5339 Oomnreatar.
1321 5287 1351 5338 im
1374 5285 1447 5354 epist.
1471 5285 1509 5339 ad
1535 5286 1623 5339 litum
1645 5301 1666 5338 c.
1679 5286 1704 5351 3,
1725 5285 1815 5353 Opera
1833 5285 1898 5350 VH,
1921 5303 1950 5354 p.
1966 5287 2033 5354 738,-
2057 5304 2082 5342 cs

404 5385 574 5453 Acoretiaas
598 5391 691 5439 contro
710 5385 877 5440 Graecanicam
896 5387 937 5454 H,
955 5403 976 5441 c.
991 5388 1015 5454 7,
1042 5387 1129 5456 Opera
1147 5389 1205 5456 IX,
1226 5391 1273 5444 col.
1286 5391 1344 5445 413.
1450 5391 1494 5457 35)
1513 5391 1652 5458 Irstcrprct.
1673 5389 1709 5442 od
1729 5387 1792 5443 003.
1815 5388 1909 5442 stood.
1928 5389 1953 5456 1,
1972 5391 2032 5458 1,2

405 5488 450 5554 (n.
470 5488 547 5543 eom.
564 5487 642 5557 vae.
661 5488 698 5542 a.
716 5489 808 5542 namt
820 5506 849 5556 ρ.
864 5491 915 5558 rc).
1015 5491 1060 5557 aa)
1081 5490 1137 5556 cfr.
1156 5492 1300 5546 mmmm
1317 5492 1389 5560 aaa
1408 5492 1450 5546 aa.
1470 5494 1547 5562 epae
1565 5493 1641 5562 requi
1663 5509 1715 5562 pro
1733 5493 1938 5547 namnam
1955 5509 1976 5548 a
1990 5495 2033 5559 15,
2105 5481 2107 5486 ’

406 5589 491 5660 Opera
510 5591 554 5658 ΙΙ,
573 5607 601 5658 p.
619 5592 684 5660 224,·
712 5591 802 5646 Waltz
824 5592 883 5647 Va.
907 5592 984 5660 111¹,
1002 5611 1030 5662 p.
1050 5595 1108 5649 620.
1214 5599 1259 5666 31)
1282 5599 1464 5668 aequamus,
1488 5598 1532 5654 De
1556 5616 1618 5653 vera
1640 5598 1768 5672 religione
1790 5613 1811 5652 c.
1828 5598 1875 5666 31,
1900 5597 2030 5668 OperaL

403 5695 449 5748 eol.
463 5695 521 5749 768.
599 5739 602 5748 .
