4568 6420
306 597 366 650 860.

384 421 445 482 464
729 416 826 471 ΑΟΤΔ
846 417 892 470 DE
911 415 1157 470 THEU'I'BERGA
1176 413 1318 471 anunm
1336 414 1475 470 nnlssn.
1495 446 1527 455 —
1546 416 1595 470 Nr.
1608 416 1669 470 305.

384 697 519 760 fratrum
544 699 577 755 et
600 693 870 778 coepiscoporum
893 691 1055 757 deducere
1080 713 1171 756 eura·
1226 693 1369 758 fidelium
1387 713 1517 756 suorum
1541 691 1582 755 ad
1604 693 1792 776 coniugium
1810 711 1897 754 more
1914 690 2016 775 regali

384 820 473 878 mus,
507 801 543 860 ut
577 795 640 880 ipsi
675 816 786 858 aurem
822 795 929 859 cordis
961 802 994 859 et
1029 797 1174 881 corporis
1228 795 1290 859 sibi
1303 785 1505 859 sociavit4st
1517 795 1751 860 discordiarum
1765 794 1917 879 querelae
1932 794 2016 856 inter
2052 777 2055 784 ¹

386 898 672 965 accommodantes
685 898 872 963 discernant
888 905 920 964 et
932 898 1078 962 unanimi
1096 918 1173 962 con·
1227 920 1285 965 eos
1315 906 1496 984 coeperunt
1519 901 1653 976 exoriri,
1687 898 1811 962 dictum
1835 904 1885 960 est
1908 895 2014 960 eidem

386 1003 458 1067 silio
471 1003 648 1083 inveniant,
666 1023 762 1088 quem
776 1003 899 1066 exitum
918 1009 951 1066 et
967 1023 1064 1087 quem
1076 1001 1173 1065 finem
1227 1003 1365 1089 principi
1389 1002 1630 1087 aquibusdam,
1655 1001 1814 1088 quomodo
1836 1007 2016 1064 memorata
2047 1012 2058 1050 ⁵

387 1103 572 1170 huiusmodi
596 1126 714 1169 causae
738 1106 917 1191 imponant.
1227 1106 1393 1190 'lethargo
1410 1106 1518 1170 scelus
1535 1105 1699 1191 quoddam
1715 1105 1869 1169 horribile
1894 1124 1933 1166 ac
1957 1125 2016 1166 ne-

494 1207 573 1293 (lap.
597 1212 627 1271 2.
672 1207 841 1272 Gloriosus
882 1228 939 1271 rex
978 1207 1174 1272 Hlotharius
1228 1209 1277 1272 fas
1302 1201 1497 1294 patratumf‘,
1520 1209 1638 1273 vulnus
1664 1209 1828 1272 occultum
1851 1209 1883 1270 in
1908 1207 2015 1270 animo

329 1355 339 1365 -
387 1312 549 1376 familiare
581 1317 613 1374 et
642 1318 803 1376 secretum
835 1312 1030 1396 colloquium
1062 1311 1174 1374 nobis·
1229 1313 1297 1378 sive
1329 1313 1361 1376 in
1392 1333 1528 1399 corpore
1558 1311 1709 1388 haberet,
1745 1313 1777 1376 in
1814 1333 1878 1397 quo
1908 1310 2016 1374 Deum

388 1437 460 1480 enm
479 1415 604 1479 habens
619 1414 786 1479 humiliter
806 1415 924 1480 devota
941 1416 1081 1500 puritate
1100 1435 1174 1478 suas
1227 1419 1369 1502 graviter
1393 1416 1553 1480 offensum
1576 1415 1724 1495 haberet,
1746 1436 1804 1500 pro
1829 1435 1893 1499 quo
1917 1415 2015 1477 etiam

387 1519 548 1606 speciales
586 1539 625 1582 ac
658 1519 808 1604 proprias
838 1520 1061 1598 necessitates,
1098 1540 1173 1582 eon·
1229 1521 1276 1584 illi
1300 1542 1363 1584 non
1388 1525 1477 1584 esset
1493 1519 1593 1603 digna
1608 1541 1715 1604 neque
1733 1519 1848 1583 liceret
1866 1518 1916 1582 vel
1941 1538 2014 1580 eum
2035 1532 2061 1569 1⁰

388 1625 495 1687 silium
520 1627 553 1686 et
580 1620 759 1685 remedium
783 1622 980 1706 quaerendo,
1012 1623 1175 1708 exposuit.
1230 1625 1364 1688 deceret
1377 1623 1417 1687 ad
1431 1624 1616 1706 coniugium
1628 1645 1700 1687 eam
1715 1623 1854 1708 amplius
1868 1612 2015 1685 haberel.

388 1725 457 1789 Nos
481 1745 609 1809 quoque
635 1747 713 1790 suae
732 1725 836 1789 bonae
853 1726 1011 1789 voluntati
1036 1747 1174 1810 congra—
1337 1726 1417 1812 (lap.
1431 1729 1459 1789 2.
1491 1725 1544 1789 Ex
1561 1727 1712 1812 opinione
1730 1746 1807 1789 vero
1825 1723 2017 1810 praemissa,

389 1831 549 1910 tubantes,
580 1828 722 1892 lacrimis
751 1827 854 1913 ipsius
884 1835 917 1893 et
946 1829 1094 1915 suspiriis
1125 1829 1174 1892 in·
1229 1852 1312 1915 quae
1337 1831 1376 1894 de
1401 1831 1458 1893 ille
1479 1851 1536 1916 per
1559 1827 1833 1914 oraquorundam
1852 1826 2018 1908 volitabat,

389 1933 481 1997 vitati
506 1939 539 1996 et
562 1932 603 1996 ad
627 1932 887 2016 compassionem
911 1932 1003 2011 flexi,
1033 1932 1175 1996 Domino
1229 1934 1396 2020 praelatus
1427 1955 1486 1998 rex
1516 1934 1547 1996 in
1573 1937 1749 2017 conspectu
1772 1931 1917 1995 fidelium
1941 1951 2017 1993 suo-

389 2036 585 2122 inspirante‚
608 2035 749 2121 petenti,
781 2037 952 2119 quaerenti
976 2043 1009 2100 et
1032 2037 1176 2121 pulsanti
1230 2059 1300 2101 rum
1325 2045 1452 2102 secrete
1476 2058 1514 2100 ao
1537 2036 1712 2100 manifeste
1729 2035 1916 2119 frequenter
1939 2053 2016 2097 con·
2038 2057 2062 2094 rs

390 2139 562 2204 consilium
576 2137 724 2203 dedimus
740 2143 772 2202 ct
785 2137 979 2203 medicinale
994 2139 1177 2205 remedium
1230 2141 1356 2204 locutus
1389 2140 1452 2205 suit
1481 2147 1514 2204 et
1544 2161 1617 2203 cum
1648 2140 1695 2203 eis
1724 2139 1870 2202 rationes
1894 2136 2018 2215 habuit,

390 2243 608 2307 adhibuimus.
1230 2243 1317 2308 unde
1345 2242 1500 2306 iudicium
1533 2249 1649 2328 postea
1679 2262 1737 2328 per
1763 2243 1906 2328 ipsorum
1940 2261 2017 2302 con-

499 2343 579 2430 (lap.
592 2347 621 2408 3.
650 2343 857 2408 Tuneisdem
873 2366 932 2409 rex
946 2346 1177 2430 lugubrivoce,
1232 2347 1341 2411 silium
1380 2346 1489 2410 extitit
1528 2337 1681 2423 sacruml,
1716 2343 1772 2407 sed
1810 2365 1873 2407 non
1911 2342 2020 2406 divina

391 2448 478 2533 quod
513 2469 573 2511 nos
609 2447 739 2531 quidem
774 2468 838 2511 non
873 2448 943 2512 sine
981 2471 1109 2514 merore
1145 2458 1178 2514 et
1231 2451 1338 2535 pietas
1358 2448 1611 2534 indulgens⁸rei
1627 2448 1796 2512 veritatem
1810 2446 2019 2510 manifestare

393 2554 505 2617 dolore
521 2551 760 2636 prosequimur,
777 2552 884 2636 coepit
900 2553 994 2616 nobis
1010 2553 1120 2617 dicere
1137 2553 1177 2617 de
1232 2554 1346 2626 voluit;
1378 2553 1436 2617 scd
1469 2575 1542 2617 cum
1574 2551 1780 2639 postmodum
1814 2551 1855 2615 ad
1883 2551 2016 2614 l'ratrcnr
2037 2568 2063 2607 5

392 2677 452 2720 555
467 2675 581 2733 uxore,
606 2675 703 2738 qnam
720 2653 921 2718 desiderarit
937 2655 1069 2745 habere,
1094 2657 1178 2740 quod
1233 2678 1326 2720 suum
1343 2655 1573 2720 Hludowicum
1589 2657 1821 2741 imperatorem
1839 2655 1871 2718 in
1888 2653 2020 2718 Italiam

392 2761 465 2845 ipsa
488 2758 619 2822 obnixis
643 2764 676 2820 et
704 2758 865 2823 continuis
890 2759 1041 2844 precibus
1064 2765 1178 2844 postu·
1232 2752 1451 2841 devenissetl,
1476 2760 1552 2823 illuc
1569 2759 1715 2845 apertius
1730 2763 1894 2844 patratum
1912 2757 2019 2841 scelus

393 2864 493 2941 latet,
525 2867 561 2925 ut
589 2861 727 2924 vinculis
760 2860 986 2944 coniugalibus
1017 2861 1178 2943 absoluta,
1234 2872 1285 2928 eet
1308 2863 1355 2927 illi
1377 2863 1630 2927 manifestatum.

393 2965 535 3030 maritali
551 2964 706 3028 videlicet
723 2964 827 3045 thoro,
844 2972 880 3027 ut
895 2964 967 3050 ipsa
983 2964 1178 3044 testabatur,
1344 2966 1423 3052 Cap.
1441 2969 1470 3030 3.
1506 2964 1647 3029 Proinde
1672 2986 1713 3029 ne
1737 2965 1879 3048 suspicio
1902 2967 1966 3029 ista
1989 2973 2022 3029 ct

395 3069 547 3153 indigna,
586 3089 714 3131 sacrum
756 3069 906 3132 velamen
945 3069 1111 3154 suscipere
1150 3073 1182 3132 et
1234 3071 1434 3156 nequissima
1461 3069 1548 3132 fama
1576 3068 1616 3132 de
1649 3088 1751 3132 uxore
1782 3068 1902 3132 diutius
1931 3069 2063 3152 regiaar

396 3173 527 3238 Christo
553 3171 680 3235 domino
704 3171 827 3235 servire
850 3177 1040 3235 mereretur.
1235 3175 1458 3239 inexaminata
1481 3179 1538 3235 aut
1562 3172 1736 3258 inprobata
1759 3179 1918 3251 maneret,
1941 3193 2020 3256 qua·

504 3276 584 3362 Cap.
598 3279 626 3340 4.
657 3273 790 3338 Interea
803 3275 919 3338 missus
933 3274 1034 3358 ipsius
1048 3277 1181 3359 reginae
1234 3285 1330 3342 tenus
1346 3278 1424 3341 item
1441 3277 1588 3340 dominus
1605 3283 1714 3340 noster
1728 3275 1848 3339 certior
1860 3278 2020 3340 securior-

395 3401 455 3442 nos
479 3379 652 3444 accersivit
675 3399 786 3457 orans,
817 3384 852 3441 ut
880 3376 969 3442 illam
1000 3377 1088 3442 adire
1117 3399 1182 3442 non
1236 3401 1298 3465 que
1322 3381 1459 3444 effectus
1482 3379 1523 3443 de
1547 3379 1608 3443 hac
1632 3398 1748 3443 eausa:
1772 3400 1845 3442 cum
1868 3399 1952 3464 quae
1975 3378 2022 3442 illi

395 3481 609 3546 tardaremus.
648 3480 809 3565 nuquam
826 3479 1094 3546 nosacoedentes
1111 3481 1183 3567 ipsa
1235 3483 1363 3569 agenda
1393 3489 1487 3547 erant
1514 3504 1603 3547 more
1635 3483 1737 3566 regali
1769 3481 1901 3546 liberius
1925 3503 2021 3546 exse-

396 3605 567 3649 occurrere
603 3584 772 3648 festinarit
810 3588 844 3647 et
882 3605 965 3669 pene
1004 3584 1045 3648 ad
1081 3584 1182 3670 pedes
1235 3589 1419 3674 queretur-¹³,
1434 3594 1657 3651 convenerunt
1668 3586 1759 3650 iussu
1773 3584 1918 3650 eiusdem
1934 3587 2020 3672 prin·
2040 3607 2067 3646 5

395 3694 521 3752 nostros
549 3688 703 3752 devoluta
732 3687 840 3772 coepit
868 3687 919 3751 his
952 3688 1061 3752 verbis
1097 3690 1180 3752 mul·
1235 3693 1330 3779 cipis,
1360 3712 1445 3755 anno
1473 3690 1625 3754 videlicet
1652 3691 1886 3755 incarnationis
1916 3688 2022 3752 domi-

396 3800 464 3856 tum
488 3791 668 3877 inprecari:
698 3789 847 3875 ‘Propter
868 3789 998 3870 Deum’,
1021 3792 1181 3876 inquiens,
1236 3794 1530 3860 5555000010(Ι
1550 3801 1584 3858 55
1601 3795 1694 3878 regni
1707 3796 1776 3858 eius
1787 3793 1827 3872 V,
1847 3793 2023 3858 indictione

397 3901 441 3960 ‘et
469 3901 602 3982 propter
632 3894 847 3958 ministerium
871 3902 1015 3958 restrum
1044 3897 1180 3961 obsecro
1236 3897 1330 3975 VIII,
1354 3897 1394 3962 V.
1411 3896 1489 3960 Idus
1509 3897 1651 3962 Ianuarii
1667 3897 1772 3983 Aquis
1790 3898 1911 3983 palatio
1930 3897 2021 3961 Gun-

397 4021 465 4080 vos,
490 4007 526 4062 ut
550 3999 627 4062 milri
652 4019 763 4062 verum
789 3997 958 4061 consilium
983 3998 1091 4067 detis.’
1235 3995 1376 4066 tlrariusss
1387 4023 1530 4064 summus
1543 4003 1732 4087 capellanus
1744 3993 2024 4085 55Τ555ς5505510

501 4223 529 4287 5)
549 4225 698 4291 indulgente
716 4241 738 4274 c.
826 4223 854 4288 b)
873 4225 910 4274 ita
928 4226 1042 4286 5555555·
1061 4235 1249 4292 exequerentur
1267 4246 1287 4278 c.
2042 4244 2066 4284 tt

499 4428 527 4496 4)
546 4427 579 4480 Α.
591 4429 651 4482 855.
721 4430 748 4494 5)
769 4427 825 4493 Gfr.
841 4427 941 4498 Synod.
955 4430 1073 4497 Aqacrss.
1087 4430 1130 4499 ΙΙ,
1146 4431 1224 4497 iasrc
1241 4449 1284 4487 nr.
1297 4435 1356 4499 308,
1375 4452 1396 4487 c.
1409 4434 1454 4496 15,·
1472 4433 1647 4499 Hincmorus,
1668 4431 1710 4485 Dc
1722 4429 1842 4497 dicortrb,
1858 4431 1985 4502 immeo.
1999 4432 2025 4499 I,

396 4534 412 4585 l.
424 4548 445 4585 c.
460 4549 490 4600 p.
503 4533 568 4586 568·
588 4532 662 4586 Uxor
680 4533 774 4586 domni
795 4532 868 4602 regis
886 4533 1026 4588 Hlotbarii
1046 4535 1136 4604 primo
1155 4536 1268 4604 quidem
1287 4540 1418 4606 reputata
1437 4538 1481 4590 est
1497 4536 1532 4589 de
1550 4538 1656 4605 stupro,
1675 4536 1756 4604 quasi
1774 4535 1861 4590 frater
1878 4553 1944 4590 suus
1962 4555 2023 4591 cunr

396 4652 429 4689 ea
448 4634 600 4688 luasculino
620 4635 770 4689 concubitu
789 4635 999 4702 intertornata,
1023 4638 1096 4692 sicut
1114 4639 1206 4694 solent
1224 4641 1340 4694 masculi
1358 4641 1388 4694 in
1407 4640 1543 4694 masculos
1562 4638 1768 4708 turpitudinem
1786 4640 1911 4709 operari,
1935 4641 2026 4695 scelus

396 4741 481 4794 l'uerit
500 4743 630 4810 operatus
649 4743 678 4794 ct
695 4740 761 4794 inde
779 4741 841 4810 ipsa
860 4743 1033 4812 conceperIt‚
1056 4748 1235 4815 quapropter,
1255 4749 1287 4800 nt
1305 4747 1443 4801 celaretur·
1461 4743 1615 4813 flagitium,
1635 4745 1733 4812 potum
1752 4743 1848 4797 haurit
1866 4748 1895 4798 et
1913 4747 2025 4814 parturn

396 4843 539 4899 abortivit.
614 4846 640 4912 6)
660 4845 716 4910 Gfr.
734 4849 823 4898 555555
841 4847 917 4899 Ano.
936 4845 1041 4899 Berlin.
1060 4846 1097 4899 od
1115 4865 1140 4901 a.
1153 4849 1212 4914 857,
1232 4847 1270 4901 cri.
1290 4848 1373 4903 Waltz
1390 4865 1415 4916 p.
1429 4848 1477 4902 tl:
1495 4846 1643 4900 Lothnrius
1661 4863 1709 4900 rex
1729 4845 1891 4900 concubinis
1909 4847 2025 4915 (patriast
2044 4869 2070 4907 ro

395 4967 468 5002 mam
483 4949 638 5017 Waltrada)
661 4949 795 5015 abutens,
821 4966 933 5004 uxorem
960 4967 1038 5003 suam
1061 4951 1187 5021 reginam
1211 4952 1305 5006 abicit.
1412 4954 1440 5021 7)
1458 4951 1573 5016 Α.858,·
1603 4951 1653 5016 cfr.
1673 4950 1839 5005 Hieronesos
1856 4952 1919 5004 lc:
1948 4951 2025 5017 Quae

395 5054 441 5118 (sc.
476 5051 649 5121 Ilrcutberpa)
686 5052 748 5121 ipsa
782 5052 923 5122 denegans
960 5053 1132 5122 probotionis
1168 5058 1282 5110 auctore
1319 5055 1494 5123 testibusque
1526 5053 1720 5108 deficientibus
1753 5053 1857 5108 iudicio
1892 5054 2026 5109 laicorum

396 5157 532 5211 nobilium
561 5159 589 5210 et
610 5157 740 5212 consultu
764 5157 955 5227 episcopcrum
981 5160 1067 5226 atque
1090 5158 1178 5228 ipsius
1200 5160 1275 5228 regis
1299 5177 1434 5213 consensu
1463 5157 1583 5212 vicarius
1606 5157 1728 5212 eiusdem
1751 5158 1871 5212 feminae
1895 5157 1930 5212 ad
1955 5159 2026 5212 iudi·

396 5260 470 5314 cium
493 5276 584 5328 aquae
609 5260 741 5313 ferventis
765 5259 847 5327 exiit,
871 5262 900 5313 st
922 5264 1071 5330 postquam
1090 5263 1216 5318 incoctus
1234 5265 1325 5318 fuerat
1348 5264 1407 5334 ipse
1426 5265 1560 5332 repertus,
1585 5262 1681 5317 cadem
1699 5262 1804 5317 femina
1823 5263 1945 5316 maritali
1965 5267 2027 5340 toro

283 5399 288 5410 ·
396 5381 429 5418 ac
448 5363 579 5433 coniugio
597 5363 675 5432 regio
689 5405 694 5418 .
710 5404 736 5417 ..
755 5366 797 5418 est
816 5363 902 5418 etiam
921 5365 1064 5429 restitutam
1084 5368 1159 5420 Aac.
1178 5367 1282 5421 Bertia.
1300 5367 1338 5420 ad
1355 5385 1380 5420 a.
1393 5367 1453 5434 858,
1473 5367 1489 5419 l.
1506 5382 1526 5420 c.
1546 5383 1574 5434 p.
1593 5367 1640 5420 50:
1667 5365 1815 5420 [rotharius
1838 5384 1899 5430 rer,
1926 5385 2026 5438 cogcn·
2045 5387 2070 5425 rs

397 5467 473 5522 tibus
492 5467 568 5532 suis,
597 5483 708 5521 uxorem
732 5484 816 5535 quam
839 5467 980 5523 abiecerat
1004 5468 1118 5538 recipit,
1145 5486 1196 5524 nec
1221 5472 1316 5524 tamen
1341 5470 1377 5524 od
1403 5473 1496 5524 torum
1518 5468 1661 5536 admittit,
1686 5469 1735 5523 sed
1765 5469 1908 5525 custodiae
1932 5473 2028 5528 tradit.

398 5574 425 5636 8)
444 5573 479 5626 A.
491 5572 558 5637 859,·
580 5571 654 5624 Aac.
674 5569 775 5623 Berlin.
795 5569 832 5622 ud
849 5571 950 5638 5859,
974 5572 1025 5626 tc.
1040 5573 1128 5640 1253:
1157 5573 1305 5627 Lotharias
1329 5572 1408 5626 fratri
1432 5589 1481 5626 suo
1506 5572 1628 5627 Ludoico
1651 5573 1785 5627 Italorum
1803 5573 1864 5644 regi
1885 5576 2026 5650 quandam

398 5675 478 5746 regni
496 5674 539 5728 sui
558 5673 716 5744 portionem
734 5674 881 5728 adtribuit.
902 5689 904 5694 ’
973 5677 1000 5742 9)
1020 5675 1190 5731 Colonieneis.
1281 5679 1323 5746 10)
1349 5676 1516 5731 noroensis.
