4634 6436
540 453 658 509 Plebs
677 454 723 508 ΕΤ
742 455 956 510 PRAEOEP'I'A
970 454 1156 512 VENETICA
1176 457 1370 526 (HUGONIS).
1390 489 1422 498 —
1440 457 1489 511 Nr.
1502 457 1561 512 241.
1802 463 1855 521 151

236 625 293 690 illc,
313 643 376 680 cum
394 644 450 695 quo
467 626 609 696 predictus
622 625 678 680 dux
691 627 885 682 contentiones
897 628 1035 694 habuerit,
1056 629 1231 699 [iumtoresd]
1251 629 1285 683 de
1303 629 1351 683 illo
1370 630 1526 684 comitatus
1544 629 1693 700 eligantur,
1712 629 1760 683 ubi
1779 646 1863 683 causa
1880 629 1940 682 orl.

236 715 397 784 requiritur.
432 716 626 772 concessimus
647 734 759 785 quoque
781 720 877 771 sancte
896 718 1115 788 metropolitane
1138 719 1197 772 eius
1218 718 1334 772 ecclesie
1355 710 1488 793 suisque
1504 718 1713 788 episcopatibus
1729 717 1862 772 subiectis

238 807 324 872 utque
348 802 382 858 et
404 803 638 858 monasteriorum
662 803 786 858 zenobiis
808 803 947 857 iustitiam
970 805 1166 872 requirendam
1189 805 1223 859 de
1247 805 1304 858 suis
1323 805 1406 858 rebus
1425 805 1456 859 in
1471 822 1560 859 annos
1575 804 1689 874 legales,
1711 804 1863 858 secuudum

241 888 315 957 quod
340 891 439 942 sancta
458 889 585 942 Romana
608 886 696 941 habet
719 886 844 942 ccclesia.
881 887 934 941 Sed
959 891 988 942 et
1009 888 1062 944 hoc
1084 888 1279 943 constituimus
1303 893 1388 957 atque
1412 905 1461 958 per
1482 888 1536 943 hoc
1557 892 1681 943 nostrum
1700 891 1863 957 preceptum

206 989 218 1026 ι
238 973 452 1028 inviolabilliter
472 991 634 1028 mensurum
657 973 861 1038 confirmamus,
889 976 931 1038 ut,
957 973 985 1026 in
1004 991 1180 1042 quacumque
1198 973 1292 1043 putria
1313 973 1392 1043 regni
1415 973 1503 1028 nostri
1521 973 1655 1041 quislibet
1668 973 1863 1028 Veneticorurn

236 1059 333 1122 fuerit,
359 1059 418 1114 eius
441 1059 479 1113 sit
501 1063 643 1129 potestate
665 1058 873 1128 distringendus
896 1059 1011 1128 eiusque
1034 1077 1084 1128 per
1102 1059 1195 1113 omniu
1214 1059 1317 1114 debeat
1335 1059 1447 1114 obedire
1466 1060 1619 1129 preceptis,
1645 1059 1715 1114 adeo
1734 1063 1765 1113 ut
1786 1059 1865 1113 nulla

236 1146 326 1200 maior
348 1145 392 1200 vel
416 1145 507 1199 minor
532 1162 650 1214 persone
676 1148 774 1199 contra
797 1162 859 1200 eum
882 1145 1043 1214 quempiam
1057 1144 1222 1200 Veneticum
1247 1145 1393 1200 defendere
1416 1150 1566 1215 presumat.
1607 1145 1724 1214 Insuper
1748 1148 1776 1200 et
1800 1163 1863 1200 con·

238 1235 361 1290 cedimus
390 1253 441 1304 per
469 1235 522 1290 hoc
550 1234 626 1304 regie
655 1233 836 1288 auctoritatis
865 1237 1044 1304 preceptum,
1077 1225 1149 1300 [uti]
1177 1237 1236 1288 tom
1263 1251 1327 1300 nos,
1359 1251 1442 1302 quarn
1470 1234 1560 1288 nostri
1588 1234 1747 1289 decessores
1778 1233 1865 1288 nichil

238 1318 359 1389 amplius
390 1336 437 1374 eos
464 1329 612 1388 cogemusr
640 1317 718 1387 pacti
746 1335 829 1372 causa
856 1318 1024 1388 persolvere,
1058 1318 1111 1372 nisi
1139 1322 1250 1372 tautum
1279 1318 1438 1372 annualiter·
1464 1318 1640 1372 denariorum
1668 1318 1753 1371 libras
1778 1317 1865 1372 XXV.

197 1424 221 1460 ro
239 1403 382 1473 Simulque
403 1403 442 1458 eis
460 1421 607 1457 numorum
626 1407 768 1458 monetam
781 1403 965 1468 concedimus,
985 1404 1136 1458 secundum
1149 1404 1223 1472 quod
1236 1421 1330 1458 eorum
1343 1403 1484 1473 provintie
1497 1404 1580 1458 duces
1593 1420 1610 1456 u
1622 1403 1720 1473 priscis
1733 1401 1865 1472 tempori·

238 1491 290 1545 bus
308 1493 440 1545 consueto
463 1507 538 1544 more
559 1489 733 1555 habueruut,
758 1489 800 1544 ita
818 1493 851 1544 ut
868 1490 946 1545 nullo
965 1508 1097 1558 umquam
1115 1494 1241 1560 tempore
1259 1493 1424 1560 repetantur
1441 1493 1490 1545 aut
1509 1491 1658 1561 exigantur
1677 1507 1726 1559 per·
1743 1489 1866 1558 aliquem

240 1595 331 1646 neque
349 1576 385 1630 nb
404 1576 481 1646 ipso·
499 1577 569 1631 Urso
588 1576 659 1630 duce
678 1593 768 1644 neque
786 1593 804 1630 a
822 1576 1025 1631 successoribus
1043 1576 1110 1641 eius,
1133 1576 1222 1630 setin
1240 1593 1281 1640 ea,
1300 1594 1383 1645 quam
1402 1576 1431 1629 in
1451 1576 1575 1647 presenti
1593 1575 1785 1638 concessimus,
1804 1591 1865 1644 per·

242 1663 394 1734 petualiter
419 1662 571 1717 donatione
600 1662 763 1717 consistant.
800 1662 830 1716 Si
857 1662 919 1730 quis
946 1665 1041 1716 autern
1069 1665 1166 1716 contra
1195 1662 1263 1725 boc,
1292 1662 1366 1730 quod
1390 1661 1419 1715 in
1445 1660 1569 1731 presenti
1592 1677 1642 1730 per
1664 1659 1746 1714 huius
1768 1659 1868 1714 edictil

240 1752 389 1808 tenoremu
412 1741 649 1806 veneticorum
680 1752 744 1806 duci
773 1751 934 1821 populoque
964 1751 1051 1820 ipsius
1082 1751 1284 1815 concessimus,
1314 1768 1398 1820 egere
1429 1749 1642 1820 presumpserit,
1675 1751 1707 1802 ut
1734 1748 1868 1803 instituta

196 1853 221 1890 rs
240 1841 337 1892 nostro.
354 1836 441 1890 violet
459 1839 509 1890 aut
527 1835 675 1905 infringat,
700 1848 755 1890 ncv
775 1835 850 1904 quod
867 1835 1031 1904 temptavit,
1056 1835 1187 1904 perficere
1206 1834 1306 1903 possit,
1331 1833 1403 1888 sciat
1420 1851 1449 1888 se
1468 1833 1685 1902 compositurum
1703 1831 1763 1886 euri
1782 1830 1868 1887 obrizi

240 1925 327 1980 libros
351 1928 477 1990 centum,
508 1924 690 1979 medietatem
713 1942 823 1979 camere
846 1927 941 1978 nostre
969 1927 998 1978 et
1021 1923 1202 1978 medietatem
1230 1922 1294 1976 duci
1318 1913 1566 1990 veneticorum,
1596 1920 1645 1990 qui
1666 1939 1718 1990 per
1740 1924 1869 1990 tempora

240 2009 332 2065 luerit.
368 2008 403 2064 Et
421 2012 453 2063 ut
470 2010 523 2065 hoc
543 2010 647 2064 cercius
666 2009 795 2063 credatur
817 2010 846 2062 et
867 2006 903 2060 ab
922 2005 1050 2061 omnibus
1068 2005 1281 2061 inviolabilliter
1300 2005 1472 2070 observetur,
1490 2023 1576 2059 menn
1595 2004 1709 2075 propriu
1727 2002 1867 2059 roboravi-

241 2117 302 2153 mus
325 2102 355 2153 et
377 2098 475 2152 annuli
497 2099 588 2153 nostri
610 2097 794 2168 impressione
818 2096 914 2150 subter
937 2095 1068 2148 iussimus
1091 2086 1237 2170 sigillari.

352 2209 487 2292 Signum
512 2207 649 2274 dominis
670 2207 745 2295 (Μ.)
769 2207 921 2291 Hugonis
945 2205 1190 2290 gloriossissimi
1214 2205 1313 2289 regis.

198 2357 225 2395 ro
354 2329 443 2394 Data
476 2351 560 2394 anno
592 2329 713 2394 domini
744 2327 981 2393 iucemecionis
1005 2325 1323 2404 Doocoxxvssvv,
1358 2324 1417 2391 lv,
1439 2324 1514 2389 Kal.
1542 2323 1659 2400 More,
1693 2321 1869 2386 indictione

243 2435 356 2518 quinto
385 2433 526 2509 decimo,
561 2454 645 2498 anno
677 2433 819 2498 domiui¹
846 2431 1000 2516 Hugouis
1029 2429 1274 2516 gloriossissimi
1306 2429 1393 2513 regis
1423 2429 1544 2514 primo;
1581 2433 1708 2491 actumy
1735 2423 1869 2508 Papio⁸;

243 2537 276 2600 in
300 2536 427 2602 Christo
451 2538 582 2602 nomine
606 2537 746 2601 feliciter
769 2557 875 2600 amen.

346 2726 373 2794 q)
393 2737 479 2780 bruren
497 2728 560 2780 add.
579 2727 670 2780 Praec.
689 2727 758 2779 Rae.
812 2725 835 2792 r)
854 2743 945 2793 cogam
965 2725 1039 2776 codd.
1093 2722 1116 2787 s)
1136 2731 1165 2774 ut
1183 2740 1210 2774 so
1231 2721 1252 2774 l,
1306 2720 1326 2784 t)
1346 2722 1406 2772 dicti
1427 2719 1448 2772 l.
1503 2721 1531 2784 ιι)
1550 2727 1637 2773 tenore
1658 2718 1680 2770 l.
1733 2715 1761 2782 v)
1781 2735 1828 2769 neo
1845 2715 1870 2766 ⁶2.

243 2815 278 2880 w)
296 2817 491 2867 occccxxlv
509 2813 539 2879 ἲς
559 2832 572 2866 e
590 2832 658 2866 corr.
677 2813 699 2864 1.
769 2813 797 2878 x)
816 2829 876 2865 vero
894 2811 919 2863 ⁶2.
989 2811 1018 2878 y)
1037 2818 1098 2863 actu
1118 2809 1141 2860 l.
1212 2807 1235 2874 z)
1254 2808 1351 2875 Papiae
1369 2807 1394 2858 e.
