4568 6434
375 420 645 478 Aoolreuuurn
664 423 713 478 AI)
730 424 977 480 CAPITULARIA
995 424 1124 479 aucun
1143 425 1326 480 cannella
1344 425 1574 482 calcuulus.
1595 457 1626 466 —
1645 427 1693 482 Νι.
1706 427 1765 482 248.
1821 431 1882 492 175

259 591 359 656 etiam
391 614 411 658 a
436 594 573 679 paganis
602 594 733 679 regibus
764 602 912 684 tempore
942 600 1142 684 gentilitatis,
1160 600 1201 664 ad
1224 598 1381 663 honorem
1403 599 1468 664 Dei
1491 599 1643 664 collatum
1667 605 1732 681 est,
1764 599 1881 665 vestris
1900 606 1959 660 847.

257 696 457 781 temporibus
473 697 506 760 in
522 718 623 782 regno
646 705 757 763 vestro
774 706 988 786 permutetur.
1032 701 1118 766 Nam
1134 703 1273 788 legimus
1297 702 1350 765 ἱιιο
1372 702 1456 768 libro
1471 701 1651 783 Hesdrae¹‚
1675 702 1762 788 quod
1783 703 1883 767 Arta-

258 818 374 863 xerses
398 819 458 863 rex
480 798 651 865 Hesdraes
679 801 805 868 scribae
828 805 912 890 legis
935 803 1001 869 Dei
1029 825 1089 892 per
1111 805 1284 891 epistolam
1307 805 1512 871 mandaverit
1533 806 1581 870 ita
1603 805 1730 871 dicens:
1762 797 1883 891 ‘agisti

258 899 455 966 Artaxanses
484 923 543 1002 ren
573 905 673 967 statui
703 911 800 990 atque
837 905 968 971 decrevi
997 908 1147 972 omnibus
1178 907 1369 972 custodibus
1401 929 1496 973 arcae
1527 907 1695 994 publicae,
1724 909 1779 994 qui
1808 915 1884 974 sunt

227 1028 238 1066 s
258 1008 348 1068 trans
371 1003 501 1086 flumen,
524 1011 570 1085 ut,
587 1006 812 1093 quodcumque
833 1010 964 1096 petierit
986 1032 1006 1075 a
1028 1011 1122 1075 vobis
1143 1009 1266 1076 Esdraf
1286 1009 1439 1075 sacerdos
1464 1010 1570 1076 scriba
1592 1011 1698 1096 legist
1718 1011 1782 1076 Dei
1798 1011 1884 1077 oelih

258 1105 397 1192 absque¹
420 1128 511 1172 mora
534 1108 618 1174 detis
641 1111 826 1196 omneque¹,
850 1112 959 1198 quodlt
983 1113 1023 1178 ad
1048 1115 1144 1178 ritum
1160 1112 1224 1179 Dei
1247 1112 1329 1178 celi¹¹
1353 1113 1506 1199 pertinet,
1530 1114 1691 1179 tribuatur
1707 1112 1884 1199 diligenter

257 1210 291 1273 in
313 1208 409 1274 domo
433 1209 496 1275 Dei
520 1213 593 1292 celi,
616 1235 657 1278 ne
681 1214 764 1278 forte
787 1216 949 1280 irascatur
972 1223 1085 1281 cunma
1101 1238 1239 1302 regnum
1262 1215 1349 1300 regis
1374 1221 1408 1280 et
1422 1215 1562 1279 filiorum
1586 1218 1667 1281 eius.
1714 1215 1883 1302 Vobiaque

256 1317 368 1376 notum
390 1312 528 1378 facimus
552 1313 592 1379 de
615 1317 778 1382 universis
802 1317 1030 1384 sacerdotibus
1055 1325 1088 1384 et
1110 1319 1229 1399 levitis,
1247 1318 1445 1396 cantoribus,
1467 1319 1670 1400 ianitoribus,
1694 1320 1882 1385 nathinneis

257 1421 291 1480 et
312 1415 468 1480 ministris
492 1416 606 1482 dumus
630 1417 694 1483 Dei
718 1419 824 1502 huius,
847 1428 884 1486 ut
905 1422 1048 1507 vectigal
1071 1421 1283 1486 attributum
1307 1427 1340 1486 et
1360 1442 1504 1486 annonas
1527 1442 1592 1486 non
1612 1422 1764 1488 habeatis
1789 1429 1883 1508 pote-

214 1545 241 1582 ιο
259 1523 377 1584 statem
400 1519 589 1605 imponendi
613 1541 711 1607 super
734 1543 800 1588 eos.
846 1523 896 1588 Τιι
920 1530 1040 1606 autem,
1064 1523 1173 1604 esras,
1197 1525 1377 1589 seeundum
1401 1525 1597 1610 sapientiam
1620 1525 1684 1590 Dei
1707 1525 1768 1604 tui,
1798 1545 1882 1610 quae

259 1629 309 1686 est
341 1623 375 1686 in
405 1643 502 1688 manu
530 1631 605 1704 tua,
636 1627 797 1691 constitue
830 1627 955 1693 iudices
984 1635 1018 1693 et
1045 1628 1232 1714 praesides,
1267 1633 1301 1691 et
1322 1627 1468 1693 iudicent
1490 1629 1577 1693 omni
1600 1628 1729 1713 populo,
1754 1628 1808 1714 qui
1832 1635 1885 1693 est

258 1732 347 1790 trans
376 1724 514 1806 flumen,
543 1727 592 1792 his
620 1727 789 1809 videlieet,
820 1731 875 1816 qui
906 1737 1067 1795 noverunt
1095 1731 1204 1816 legem
1233 1730 1298 1794 Dei
1321 1731 1385 1806 tui;
1419 1730 1478 1795 sed
1506 1737 1539 1796 ct
1561 1731 1728 1816 imperitos
1751 1731 1884 1796 doceto¹

258 1830 372 1894 libere.
419 1828 462 1893 Et
486 1831 601 1913 omnis,
626 1833 681 1918 qui
705 1854 770 1897 non
793 1834 910 1899 fecerit
932 1836 1041 1920 legem
1063 1833 1128 1899 Dei
1151 1835 1199 1899 tui
1223 1841 1256 1898 et
1277 1835 1384 1919 legem
1408 1833 1495 1917 regis
1518 1832 1702 1919 diligenter.
1727 1833 1882 1898 iudicium

258 1932 320 1997 erit
350 1931 390 1996 de
417 1953 474 2013 eo,
507 1935 576 1998 slve
605 1935 638 1998 in
668 1943 806 2001 mortem
838 1938 906 2001 sive
935 1937 968 2000 in
1002 1937 1304 2002 condemnationem
1337 1935 1541 2001 substantiae
1565 1937 1636 2001 eius
1660 1937 1713 2001 vel
1737 1943 1826 2008 certe
1850 1935 1883 2000 in

214 2065 240 2104 ss
258 2032 443 2100 carcerem’.
500 2034 551 2102 De
583 2037 767 2105 christianis
805 2060 882 2105 vero
910 2041 1044 2126 regibus
1079 2046 1112 2104 et
1142 2039 1394 2126 imperatoribus
1426 2059 1491 2103 non
1520 2059 1657 2104 necesse
1691 2046 1743 2105 est
1775 2040 1884 2124 aliqua

257 2140 408 2225 exempla
426 2160 561 2226 ponere,
584 2162 798 2222 comumnes,
822 2143 877 2228 qui
899 2149 1011 2208 rectae
1034 2143 1110 2207 fidei
1134 2149 1167 2208 et
1191 2143 1261 2208 sani
1284 2141 1447 2226 dogmatis
1463 2141 1607 2220 fuerunt,
1630 2140 1883 2207 aOonstantino

256 2242 467 2328 imperatore,
491 2245 546 2330 qui
568 2247 691 2331 primus
715 2247 947 2333 imperatorum
964 2247 1175 2312 christianam
1193 2247 1385 2331 religionem
1401 2244 1581 2310 defendere
1605 2251 1703 2330 atque
1727 2245 1884 2310 honorem

256 2345 489 2412 aecclesiarum
518 2347 583 2413 Dei
611 2350 812 2436 amplificare
842 2351 967 2436 eoepit.
998 2371 1101 2435 usque
1131 2349 1173 2414 ad
1202 2370 1260 2413 vos
1291 2369 1422 2435 semper
1449 2349 1481 2411 in
1507 2347 1569 2412 hoe
1598 2347 1707 2411 studio
1735 2348 1885 2412 sollerter

257 2450 499 2531 laboraverunt,
523 2459 559 2517 ut
582 2454 747 2518 aecclesia
770 2453 834 2519 Dei
857 2473 972 2540 paoem
997 2458 1029 2518 ct
1050 2452 1323 2538 tranquillitatem
1345 2451 1495 2530 haberet,
1520 2451 1672 2535 quatinus
1689 2451 1796 2515 cultus
1819 2449 1884 2516 Dei

214 2576 241 2616 ιο
259 2553 535 2621 incontaminatus
563 2556 648 2622 foret
676 2563 710 2622 et
737 2557 823 2622 servi
855 2557 924 2620 eius
953 2555 1023 2619 sine
1052 2553 1286 2640 impedimento
1309 2553 1383 2618 Deo
1407 2553 1646 2618 delectabiliter
1668 2553 1883 2619 deservirent.

258 2655 374 2732 Qualis
408 2665 516 2724 autem
550 2659 692 2725 vindicta
720 2660 802 2741 illis,
833 2661 887 2745 qui
919 2661 1033 2724 contra
1062 2657 1217 2723 mundata
1239 2657 1302 2721 Dei
1330 2661 1364 2722 ct
1394 2663 1508 2721 contra
1537 2657 1717 2721 iussionem
1742 2662 1884 2721 vestram

258 2763 418 2828 ecelesiae
453 2762 573 2828 christi
609 2785 669 2850 per
703 2765 874 2829 avaritiam
907 2761 1091 2827 molestiam
1123 2761 1280 2842 inferunt,
1310 2760 1499 2839 conveniat,
1529 2759 1561 2823 in
1590 2759 1802 2846 sequentibus
1825 2765 1885 2846 pe'r

260 2871 446 2931 sanctorum
476 2872 603 2952 patrum
632 2888 772 2932 canones
800 2873 834 2932 et
862 2887 921 2953 per
951 2864 1130 2931 doctrinam
1162 2864 1396 2949 scripturarum
1424 2862 1607 2927 divinarum
1640 2882 1784 2947 congruo
1811 2863 1884 2927 loco

259 2969 565 3035 demonstrabimus.
610 2969 685 3035 Non
709 2970 795 3036 euim
818 2969 1030 3034 lormidamus
1058 2968 1152 3032 iuxta
1175 2967 1361 3053 exemplum
1386 2966 1520 3031 Domini
1543 2964 1724 3031 Salvatoris
1749 2986 1883 3052 eorrup-

214 3073 384 3140 asturibus
407 3073 519 3160 templi
539 3073 604 3139 Dei
628 3080 660 3137 et
684 3072 993 3138 contaminatoribus
1018 3089 1183 3135 sacrorum
1206 3071 1350 3133 locorum
1373 3069 1525 3134 iudicium
1547 3089 1726 3153 congruum
1749 3068 1884 3145 inferre;

259 3177 352 3263 quia,
380 3177 407 3241 si
436 3177 482 3241 illi
510 3199 530 3242 a
553 3176 682 3242 Christo
704 3176 846 3241 Domino
876 3175 971 3240 eiecti
1001 3180 1077 3239 aunt
1106 3174 1194 3237 iuras
1224 3172 1383 3238 dedomo
1407 3171 1486 3252 Dei,
1514 3173 1569 3258 qui
1591 3191 1650 3256 per
1672 3171 1883 3257 cupiditatem

259 3288 422 3348 terrenam
447 3280 612 3345 violabant
640 3286 787 3345 sanctum
815 3279 938 3358 locum,
966 3299 1030 3343 non
1061 3283 1136 3341 est¹¹²
1164 3277 1335 3361 iniquum¹²
1358 3275 1573 3342 insolentibus
1598 3281 1631 3340 et
1660 3295 1695 3338 se
1719 3276 1883 3360 corrigere

260 3384 448 3451 nolentibus
466 3384 657 3448 canonicum
675 3382 795 3447 inferre
812 3380 975 3464 iudicium,
999 3387 1036 3444 ut
1050 3380 1192 3445 sentiant
1207 3381 1357 3465 correpti,
1381 3377 1468 3465 quod
1483 3384 1559 3443 anta
1575 3377 1750 3442 noluerunt
1765 3380 1884 3443 sentire

259 3489 379 3556 leniter
401 3488 566 3554 admoniti.

215 3619 242 3659 so
367 3592 458 3657 Deus
482 3592 688 3678 omnipotens
712 3611 769 3655 vos
793 3591 826 3654 in
843 3609 902 3654 sua
917 3588 1041 3653 iustitia
1058 3587 1220 3652 confortet
1235 3593 1269 3652 et
1283 3587 1444 3651 inlaesum
1460 3584 1501 3649 ab
1518 3584 1605 3649 omni
1621 3583 1715 3648 hoste
1730 3591 1884 3670 protegat

259 3697 314 3761 in⁰
337 3694 601 3782 sempitemum*.

361 3869 388 3936 *)
407 3867 484 3922 Finit
501 3866 621 3936 epistola
638 3864 750 3920 Rabani
768 3862 979 3934 archiepiscopi.
1016 3860 1161 3932 Incipiunt
1179 3859 1305 3931 capitula
1323 3857 1466 3928 sequentis
1484 3855 1611 3926 opusculi
1630 3855 1754 3912 eiusdem
1771 3856 1883 3912 Rabani

259 3953 496 4028 Magantiacensis
514 3952 718 4022 archiepiscopi
736 3953 810 4006 nstv.
828 3951 859 4004 ia
876 3953 901 4005 2.
915 3951 946 4014 3;
965 3949 1111 4019 Incipiunt
1128 3947 1255 4016 capitula
1264 3944 1376 4001 Reburri
1389 3941 1568 4014 Mugononsis
1585 3941 1789 4011 archiepiscopi
1808 3943 1883 3996 rubr.

259 4043 290 4096 ta
307 4044 331 4098 4.
345 4045 375 4106 6;
401 4039 494 4095 dende
512 4039 634 4109 sequitur
651 4039 682 4092 ia
699 4038 830 4093 mistos
847 4037 923 4091 2-5.
940 4035 982 4090 aa
998 4053 1016 4089 a
1033 4033 1128 4089 scribis
1144 4032 1305 4102 compositas
1322 4030 1405 4085 icida
1422 4029 1615 4099 wpdaloneu:

216 4146 242 4186 ιι
431 4127 453 4182 Ι.
479 4126 520 4181 De
537 4126 591 4180 fids
609 4124 755 4180 catholiea.
1519 4143 1520 4148 ι

420 4215 455 4269 Π.
482 4214 522 4268 De
540 4211 672 4282 dogmate
691 4211 887 4267 ecclesiastico.

405 4299 454 4355 III
481 4301 521 4355 Do
539 4300 712 4354 sacmmento
729 4296 918 4367 baptismatis.

405 4385 451 4441 IV.
479 4387 519 4440 De
536 4401 605 4454 pace
624 4387 653 4440 et
671 4383 827 4439 concordia.

420 4472 454 4526 V.
481 4473 521 4527 De
539 4469 753 4541 conspiratione.

216 4577 244 4617 so
408 4559 455 4613 Vl.
482 4559 522 4613 De
539 4556 719 4612 immunitato
736 4572 827 4610 rerum
845 4553 1105 4610 ecclesiasticarum.

393 4644 454 4698 Vll.
480 4643 521 4698 De
543 4645 684 4713 potestate
708 4642 899 4712 episcoporum
924 4655 1007 4710 snper
1035 4655 1078 4695 res
1101 4637 1303 4693 ecclesiasticas
1326 4653 1478 4707 eorumque
1501 4640 1699 4696 convenientia
1720 4658 1782 4695 eum
1806 4640 1885 4696 laicis

260 4731 351 4802 deque
369 4729 565 4786 abominandis
582 4728 738 4800 perversior
757 4727 897 4798 praemiis.

380 4819 455 4873 VIII.
482 4819 522 4873 De
540 4815 760 4888 proprietatibus
778 4815 813 4870 ab
833 4814 970 4885 episcopis
988 4814 1034 4868 vel
1051 4811 1221 4883 presbyteris
1239 4811 1304 4880 post
1322 4808 1528 4864 ordinationem
1545 4811 1702 4880 adquisitis.

369 4904 458 4959 VIIII.
485 4904 525 4958 De
543 4902 817 4958 manumissionibus.

216 5007 241 5048 se
424 4989 457 5044 X.
485 4989 525 5044 De
543 4988 659 5044 decimis
676 4988 776 5044 dandis
794 4988 870 5044 etin
889 4989 1024 5057 quattuor
1041 4985 1184 5056 portiones
1202 4982 1368 5038 dividendis.

393 5075 460 5130 xrs.
487 5075 522 5130 Et
540 5077 573 5130 ut
590 5075 725 5144 antiquae
744 5073 876 5130 ecclesiae
893 5073 1018 5128 babeant
1035 5071 1185 5142 privilegia
1203 5086 1261 5126 sua.

363 5249 389 5315 a)
407 5251 475 5318 apud
498 5251 606 5302 Fedram
624 5247 649 5300 6.
771 5247 792 5314 I)
811 5249 921 5313 liadrss,
942 5247 1026 5298 &dra
1042 5243 1118 5298 2-5.
1240 5247 1268 5312 g)
1286 5245 1355 5311 quod
1372 5245 1405 5296 ad
1424 5246 1522 5297 cultum
1544 5244 1608 5296 edd.
1625 5243 1651 5296 2.
1664 5241 1693 5308 3;
1712 5243 1740 5294 ia
1757 5261 1839 5309 marg.
1858 5239 1884 5294 4.

260 5335 290 5402 b)
309 5354 356 5388 om.
378 5336 401 5388 l.
533 5335 552 5402 i)
571 5337 670 5402 absque
754 5351 880 5401 omneque
898 5351 946 5385 orn.
965 5331 1040 5384 2-6.
1174 5329 1203 5396 k)
1222 5331 1291 5396 quod
1371 5331 1419 5382 csli
1438 5348 1486 5382 om.
1503 5328 1579 5383 2-5.
1711 5330 1731 5390 l)
1748 5330 1786 5380 ita
1804 5327 1885 5388 1-5;

261 5421 391 5475 dorstad.
410 5430 435 5474 ct
451 5421 519 5474 Bidl.
632 5423 667 5483 m)
685 5422 810 5473 iuiuatum
828 5419 924 5484 (locum
943 5418 1006 5470 aaa.
1023 5415 1052 5484 4)
1069 5433 1122 5468 non
1140 5416 1202 5468 add.
1221 5413 1299 5466 2-4.
1411 5415 1440 5479 n)
1459 5416 1565 5468 nurum
1582 5415 1607 5477 5,
1627 5416 1655 5466 ia
1671 5431 1755 5482 marg.
1772 5429 1831 5465 uero
1849 5414 1886 5464 in·

218 5524 245 5563 ao
261 5509 367 5562 iustum.
445 5509 471 5568 o)
490 5509 518 5560 in
536 5505 760 5576 sempiternam13
779 5524 827 5560 em.
841 5505 865 5556 6.
943 5502 971 5572 p)
990 5520 1004 5556 e
1021 5503 1134 5570 perversi
1150 5519 1218 5554 carr.
1237 5500 1266 5566 ὃς
1290 5503 1403 5570 perversi
1421 5501 1446 5554 b.
1524 5498 1552 5569 q)
1572 5500 1684 5565 dedicas,
1701 5500 1809 5566 acceptis
1825 5498 1850 5550 l.
1862 5497 1887 5562 5,

257 5596 331 5662 salso
350 5611 485 5647 matarum
502 5597 549 5646 XI.
567 5595 615 5646 boc
633 5596 688 5646 loeo
706 5598 830 5659 aarum,
847 5601 870 5646 st
887 5591 1043 5644 III-XXX.
1055 5606 1108 5660 pro
1126 5589 1308 5640 XII-XXXI
1325 5589 1456 5658 meabant.

364 5730 409 5802 aa)
428 5727 521 5790 aare
538 5729 562 5800 ι,
575 5729 687 5788 ar-es.
