4568 6420
344 471 612 528 subtrahimus
631 473 679 527 Ab
697 473 813 528 CAPIT.
833 474 912 530 uhu.
933 473 1119 530 runucmu
1138 472 1326 528 ocemund.
1346 474 1493 542 (neuoth
1508 475 1553 542 Π).
1573 505 1605 514 -
1625 475 1742 530 risaei
1795 479 1856 542 433

232 647 441 734 sempiternis
465 649 578 734 poenis
602 655 654 713 est
676 648 851 734 deputatus
875 655 908 714 et
931 651 1047 735 recipit
1070 649 1184 713 simull
1208 669 1281 712 cum
1316 649 1383 713 suis
1407 649 1550 733 peccatis
1576 670 1698 734 poenas
1722 655 1856 736 propter
1874 667 1934 723 858,

231 746 377 837 peccata
393 752 552 829 omnium,
576 752 630 836 qui
655 772 706 815 res
731 774 806 817 suas
831 762 864 817 et
889 754 1062 818 facultates
1085 755 1117 816 in
1141 753 1265 817 honore
1290 758 1324 817 et
1347 774 1456 816 amore
1481 751 1638 816 Dominiu
1662 753 1703 817 ad
1727 760 1856 818 sancto-

233 877 304 921 rum
333 857 406 920 looa
435 857 467 920 in
498 856 714 921 luminaribus
743 858 844 922 divini
871 859 977 928 cultus
1008 865 1040 922 et
1068 858 1230 922 alimoniis
1262 876 1429 920 servorum
1460 855 1582 920 Christi
1612 879 1650 921 ac
1679 879 1858 945 pauperum

232 981 290 1045 pro
314 961 493 1025 animarum
517 979 649 1024 suarum
672 961 898 1046 redemptione
924 955 1154 1025 tradiderant'.
1200 958 1263 1032 Qui
1290 960 1321 1023 in
1352 981 1387 1022 se
1412 979 1562 1023 reversus
1586 966 1734 1025 sanctum
1759 960 1857 1024 Boni-

200 1063 381 1132 staciumw
412 1069 445 1126 et
472 1062 651 1128 Fulradum
684 1064 837 1129 abbatem
869 1065 1056 1128 monasterii
1087 1065 1191 1128 sancti
1219 1062 1369 1148 Dyonisii
1398 1068 1431 1126 et
1462 1084 1622 1128 summum
1652 1065 1858 1151 capellanum

232 1167 318 1250 regis
334 1166 494 1252 Pippini¹ll
517 1165 558 1230 ad
582 1167 773 1246 sevocavit,
798 1168 912 1253 cisque
930 1169 1009 1232 talia
1024 1169 1136 1232 dicens
1160 1169 1216 1232 inx
1240 1168 1367 1251 signum
1386 1167 1484 1246 dedit,
1509 1173 1567 1236 ut¹
1591 1168 1631 1232 ad
1650 1169 1857 1254 sepulchrum

230 1271 340 1334 illiusy
363 1271 448 1336 irent
472 1277 520 1352 et,
552 1273 579 1336 si
603 1294 718 1358 corpus
743 1274 814 1338 cius
838 1273 977 1339 ibidem*
1001 1295 1065 1338 non
1089 1275 1305 1358 reperissent,
1328 1293 1381 1350 ec,
1406 1293 1489 1357 quae
1513 1272 1657 1352 dicebat,
1682 1294 1759 1336 vera
1783 1295 1857 1338 esse

232 1374 496 1440 concrederent·.
541 1375 608 1461 Ipsi
632 1382 742 1440 autem
766 1384 945 1462 pergentes
969 1380 1010 1443 ad
1033 1379 1237 1465 praedictum
1255 1376 1520 1454 monasteriumb,
1545 1377 1599 1441 ubi
1624 1398 1739 1462 corpus
1756 1377 1857 1464 ipsius

231 1476 343 1542 Karli⁰
379 1477 548 1542 humatum
582 1479 706 1558 fuerat,
743 1481 1016 1567 sepulchrumque
1049 1481 1157 1546 illiusl
1189 1482 1375 1566 aperientes
1407 1481 1496 1544 visus
1528 1487 1577 1544 cst
1610 1481 1718 1545 subito
1748 1482 1858 1545 exisse

189 1609 214 1648 ιι
232 1580 348 1660 draco,
383 1587 542 1647 attatum
566 1581 645 1646 illud
669 1584 877 1668 sepulchrum
913 1585 1049 1649 interius
1080 1584 1246 1648 inventum
1280 1591 1332 1648 est
1365 1583 1579 1668 denigratum,
1612 1605 1649 1648 ac
1681 1585 1709 1648 si
1741 1585 1859 1648 fuisset

233 1691 396 1750 exustum.
441 1686 510 1750 Nos
535 1693 645 1751 autem
669 1687 741 1752 illos
765 1688 912 1767 vidimus,
938 1689 992 1774 qui
1016 1710 1120 1774 usqua
1144 1689 1184 1752 ad
1209 1694 1354 1751 nostram
1377 1694 1520 1753 aetatem
1537 1686 1765 1766 duraverunt⁰‚
1789 1686 1860 1772 quis

231 1790 306 1854 huic
330 1791 377 1854 rei
401 1789 634 1870 interfuerunt‘
656 1797 689 1856 et
712 1791 804 1856 nobis
826 1792 900 1857 viva
917 1815 997 1858 voce
1016 1793 1176 1858 veraciter
1192 1797 1268 1856 sunt
1291 1791 1412 1871 testati,
1437 1802 1541 1876 quac⁸
1563 1789 1737 1856 audierunt
1760 1797 1858 1878 atque

232 1893 396 1960 viderunt.
448 1892 544 1966 Quod
569 1916 772 1980 cognoscens
798 1897 883 1961 filius
907 1899 977 1962 eius
997 1895 1180 1984 Pippinush
1205 1894 1362 1982 synodum
1388 1894 1474 1980 apud
1496 1895 1643 1979 Liptinas
1665 1896 1859 1980 congregari

232 1989 356 2079 fecit5¹,
391 1999 444 2062 cui
479 1995 622 2084 praefuit
657 2020 730 2064 oum
770 2007 882 2066 sancto
911 1999 1096 2066 Βοιιίΐιιοίοί
1127 2001 1255 2086 lagatus
1289 1999 1488 2085 apostolicae
1521 1998 1607 2063 sedis
1636 1990 1858 2084 Georgius¹⁵²

189 2131 213 2171 ιι
232 2101 374 2182 nominc,
397 2139 439 2148 -
462 2124 537 2167 nam
569 2109 602 2168 et
633 2104 792 2189 synodum
822 2106 926 2192 ipsam
950 2107 1108 2172 habemus
1133 2143 1171 2152 -
1196 2111 1230 2170 et
1254 2109 1538 2191 quantumcunque
1563 2103 1603 2166 de
1627 2102 1725 2167 rebus
1749 2104 1857 2168 ecole-

232 2206 385 2288 siasticis,
409 2228 490 2292 quas
513 2213 607 2293 pater
631 2229 710 2272 suus
735 2208 929 2290 abstulerat,
954 2210 1069 2296 potuit,
1094 2208 1244 2274 ecclesiis
1267 2205 1419 2272 reddere¹
1442 2207 1664 2292 procurante.
1711 2205 1754 2270 ut
1777 2227 1856 2292 quo-

231 2310 318 2374 niam
342 2321 476 2376 omnes¹1
499 2334 552 2376 res
568 2313 745 2392 ecclesiis0,
768 2313 921 2400 aquibus
938 2314 1069 2379 ablatae
1086 2320 1189 2392 erant,
1214 2311 1406 2376 restituerer
1421 2315 1556 2396 propter
1571 2308 1858 2390 concertationem,

231 2436 329 2501 quam
353 2436 426 2479 cum
441 2413 627 2502 *Waifario‘l
650 2415 888 2502 Aquitancrum
919 2420 1064 2506 principe
1094 2419 1254 2494 hahebat,
1283 2437 1348 2480 uon
1371 2414 1569 2502 praevaluit,
1599 2415 1764 2500 precarias
1787 2415 1859 2480 fieri

232 2519 273 2583 ab
302 2519 465 2606 episcopis
495 2519 614 2586 exinde
639 2521 752 2608 petiitr
784 2529 817 2586 et
845 2545 947 2588 nonas
975 2546 1014 2589 ao
1042 2524 1188 2588 decimas
1214 2522 1272 2586 ad·
1295 2519 1550 2584 restaurationes
1575 2523 1736 2583 tectorum
1761 2524 1794 2583 et
1817 2517 1858 2582 de

188 2649 214 2688 ιο
232 2644 428 2710 unaquaque
453 2625 581 2688 casata²
603 2624 775 2689 duodecim
798 2624 950 2690 denarios
974 2626 1015 2690 ad
1040 2626 1246 2702 eeclesiamr,
1278 2622 1384 2688 unde'
1406 2643 1458 2685 res
1490 2626 1583 2686 crant
1605 2619 1857 2702 beneficiataer,

232 2729 316 2792 sicut
337 2727 370 2790 in
394 2726 477 2791 libro
501 2727 719 2813 capitulorum
749 2740 885 2813 regum¹
913 2721 1097 2807 habetur53,
1127 2728 1197 2792 dari
1226 2726 1409 2804 constituit,
1441 2745 1543 2811 usque
1573 2724 1650 2787 dum
1681 2724 1773 2810 ipsae
1805 2745 1858 2788 res

233 2831 274 2895 ad
297 2831 473 2896 ecclesiam
497 2831 694 2895 revenirent.
739 2831 835 2898 Unde
860 2839 894 2898 et
917 2833 1053 2898 domnus
1071 2832 1208 2897 Carolus
1232 2833 1411 2916 imperator
1434 2828 1540 2894 adhuc
1563 2829 1596 2893 iu
1620 2829 1710 2913 regio
1727 2829 1858 2894 nomine

232 2936 429 3001 constitutus
460 2933 602 2998 edictum
632 2927 755 3014 fecit5f,
787 2942 821 3000 ut
844 2959 904 3002 nec
929 2938 999 3022 ipsa
1028 2958 1087 3000 nec
1112 2937 1194 3000 filiiy
1217 2935 1286 3000 eius
1318 2955 1424 3019 nequa
1448 2954 1651 2997 successores
1675 2931 1858 2997 huiusmodi

232 3051 321 3104 rem¹
345 3060 444 3124 agere
468 3038 747 3126 adtemptarent¹;
772 3041 856 3126 quod
880 3062 977 3106 uranu
1001 3040 1134 3127 propria
1149 3038 1300 3118 firmavit,
1325 3037 1417 3101 cuius
1435 3035 1670 3123 plenitudinem
1689 3035 1858 3116 habemus,

187 3169 211 3209 ιι
232 3148 265 3208 et
287 3143 327 3207 de
356 3164 420 3228 quo
452 3143 630 3228 capitulum
654 3146 867 3229 excerptuml'
891 3144 924 3207 in
951 3144 1033 3209 libro
1065 3142 1278 3228 capitulorum
1303 3143 1389 3219 eiua,
1418 3141 1601 3227 quicunque
1625 3138 1742 3203 librum
1767 3139 1858 3206 illum

232 3246 331 3312 habet
358 3253 391 3311 et
414 3247 527 3331 legere
550 3247 700 3326 voluerit,
724 3248 872 3312 invenire
896 3248 1029 3313 valebit.
1080 3247 1175 3311 Hauc
1205 3247 1302 3311 etiarn
1333 3245 1526 3310 relationem
1548 3251 1599 3308 et⁰
1622 3245 1653 3308 in
1678 3242 1857 3329 scripturad

232 3350 407 3424 habemua;
441 3354 475 3413 et
503 3349 635 3436 quidam
666 3357 811 3416 nostrum
846 3352 943 3415 etiam
976 3351 1051 3415 riva
1078 3371 1157 3414 roce
1187 3349 1341 3414 domnum
1370 3349 1600 3413 Hludowicum
1628 3349 1859 3434 imperatorem

232 3461 356 3540 patrem
381 3460 525 3518 restrum
555 3455 678 3519 referre
709 3454 921 3520 audivimus0.
972 3446 1073 3519 Sedll
1102 3460 1134 3518 et
1163 3454 1246 3517 sacri
1277 3474 1418 3518 canones
1449 3451 1573 3538 Spiritu
1596 3459 1707 3516 sancto
1731 3451 1861 3516 dictati‘

233 3581 300 3638 eos,
324 3559 379 3645 qui
402 3558 578 3622 facultates
603 3560 844 3625 ecclesiasticas
868 3557 1024 3645 diripiunt
1047 3564 1080 3623 et
1104 3581 1156 3624 res
1181 3557 1422 3622 ecclesiasticas
1442 3554 1588 3620 indebite
1613 3554 1675 3618 sibi
1689 3562 1857 3640 usurpant,

187 3676 220 3729 ιι
232 3661 333 3727 Iudae
357 3661 504 3726 traditori
528 3661 650 3726 Christi
675 3664 798 3727 similes
823 3669 1029 3748 computant;
1057 3669 1091 3727 et
1120 3663 1238 3743 sancti,
1268 3662 1322 3747 qui
1351 3682 1425 3724 cum
1448 3659 1521 3724 Deo
1547 3660 1579 3723 in
1605 3659 1696 3723 caelo
1719 3667 1859 3744 regnant

232 3771 265 3831 et
287 3766 319 3829 in
344 3766 438 3830 terris
463 3765 629 3830 miraculis
654 3773 838 3844 coruscant,
861 3766 971 3832 divino
995 3767 1116 3831 iudicio
1134 3773 1288 3851 tanquam
1305 3770 1474 3829 necatores
1490 3783 1671 3849 pauperum
1695 3762 1736 3827 ab
1752 3763 1857 3827 cocle-

233 3869 300 3935 siae
330 3868 495 3933 liminibus
523 3875 556 3932 et
583 3891 604 3933 a
635 3871 770 3935 coelesti
800 3893 903 3957 regno
935 3872 1118 3936 secludunt.
1171 3870 1223 3936 De
1255 3869 1371 3956 quibus
1403 3867 1573 3952 sacrilegis
1601 3867 1633 3930 in
1662 3867 1859 3952 prophetia⁸

231 3973 348 4058 psalmi
370 3972 595 4058 praedictum⁸
618 3979 680 4039 cst:
712 3967 821 4047 ‘Quis‘ss
844 3975 1011 4040 dixerunt:
1042 3975 1257 4039 Haereditate
1280 3972 1507 4058 possideamus
1533 3970 1752 4034 sanctuarium
1783 3969 1857 4034 Dei.

230 4075 320 4140 fleus
343 4098 447 4153 meus,
473 4098 557 4162 pone
579 4077 654 4142 illos
677 4085 713 4141 nt
736 4085 839 4144 rotam
863 4085 897 4144 et
920 4081 1004 4144 siout
1027 4080 1179 4166 stipulam
1204 4086 1279 4144 ante
1303 4078 1420 4142 faciem
1435 4075 1536 4140 venti.
1581 4073 1625 4138 Et
1641 4073 1747 4138 sicuth
1763 4075 1857 4158 ignis,

187 4211 212 4250 ιι
231 4181 285 4265 qui
309 4179 472 4244 comburit
495 4181 620 4260 silvam,
644 4188 677 4246 et
700 4182 784 4246 sicut
807 4183 937 4247 flamma
952 4184 1148 4248 comburens
1166 4189 1303 4262 montes,
1327 4183 1371 4245 ita
1392 4179 1599 4266 persequeris
1622 4178 1695 4243 illos
1717 4177 1750 4241 in
1773 4184 1856 4242 tem-

230 4289 358 4369 pestate
380 4291 447 4363 tua,
472 4289 505 4348 at
528 4283 559 4347 in
583 4285 631 4349 ira
655 4292 710 4350 tua
733 4286 880 4352 turbabis
905 4309 972 4352 eos.
1017 4288 1123 4373 Imple
1146 4288 1248 4352 facies
1272 4307 1384 4350 eorum
1407 4281 1607 4370 ignominia)

334 4491 463 4558 1)οιιι.2.
551 4493 581 4557 ιι)
600 4495 648 4545 Dei
667 4492 692 4544 7.
780 4493 807 4563 v)
827 4497 986 4548 tradiderunt
1004 4497 1027 4548 5.
1048 4494 1072 4547 7.
1091 4495 1115 4547 8.
1208 4495 1242 4560 ιι)
1263 4496 1428 4547 Bonefscium
1446 4493 1470 4547 2.
1490 4491 1514 4546 7.
1533 4492 1557 4544 8.
1646 4493 1674 4557 ιι)
1694 4493 1768 4544 iussit
1786 4499 1815 4543 ut
1834 4488 1857 4543 7.

230 4580 257 4646 y)
276 4581 333 4632 eius
351 4579 376 4631 2.
481 4578 506 4646 a)
524 4598 572 4631 om.
590 4581 614 4632 8.
719 4580 746 4644 ιι)
765 4583 898 4634 crederent
915 4579 938 4632 7.
954 4582 978 4633 8.
1088 4581 1116 4646 b)
1138 4583 1290 4636 coenobium
1308 4581 1332 4632 8.
1443 4580 1468 4642 c)
1486 4581 1554 4631 Carli
1576 4577 1604 4644 l;
1632 4579 1721 4630 Karoli
1744 4577 1768 4630 5.
1787 4575 1811 4630 7.
1830 4577 1858 4640 8,

230 4667 360 4734 sepultum
377 4669 401 4718 8.
472 4667 498 4726 dl
518 4668 598 4732 ipsius
617 4665 646 4726 'l;
664 4668 720 4719 aius
737 4667 762 4721 8.
833 4669 859 4732 ο)
877 4670 1082 4735 perduraverunt
1099 4671 1122 4719 8.
1194 4668 1218 4730 1)
1236 4669 1281 4734 qui
1367 4669 1539 4718 interfuerunt
1557 4684 1605 4717 orn.
1624 4663 1649 4716 5.
1719 4663 1748 4732 g)
1767 4666 1811 4730 qui
1830 4663 1858 4728 7;

187 4768 212 4806 tu
230 4771 362 4820 quaequae
379 4752 403 4806 8.
476 4753 502 4818 lr)
521 4755 628 4821 Pipinus
645 4753 668 4806 5.
689 4753 714 4808 7.
785 4755 804 4815 i)
823 4757 962 4807 Bonafacio
980 4755 1004 4807 2.
1018 4756 1042 4808 7.
1055 4754 1079 4806 8.
1150 4754 1179 4818 1ι)
1197 4756 1337 4822 Gregorius
1349 4754 1373 4805 5.
1444 4753 1464 4816 1)
1483 4752 1554 4804 reddi
1567 4751 1591 4803 5.
1662 4751 1699 4815 ιιι)
1717 4752 1821 4802 curavit
1834 4747 1858 4801 7.

229 4839 257 4905 n)
276 4857 324 4890 ont.
343 4839 367 4892 8.
438 4840 464 4906 ο)
481 4829 606 4892 ecclesiae
630 4839 654 4892 7.
673 4839 698 4891 8.
768 4841 796 4909 p)
816 4851 963 4894 restaurare
985 4841 1009 4893 7.
1027 4841 1084 4892 u·
1121 4839 1148 4908 q)
1168 4842 1282 4892 lllaifsro
1300 4838 1322 4891 7.
1342 4837 1366 4890 8.
1437 4839 1460 4902 ι)
1480 4839 1593 4905 pracepit
1606 4835 1630 4888 8.
1700 4839 1724 4901 ι)
1742 4844 1820 4902 atqua
1833 4834 1858 4888 2.

229 4929 248 4989 1)
265 4943 327 4978 casa
344 4925 374 4990 8;
393 4925 503 4978 ecclesia
521 4925 544 4977 7.
644 4925 673 4993 ιι)
692 4945 776 4979 cascm
795 4929 837 4980 cui
856 4944 897 4979 res
915 4926 938 4978 7.
1037 4926 1065 4992 ιι)
1084 4927 1159 4978 cuius
1176 4924 1201 4976 2.
1219 4925 1244 4979 8.
1343 4926 1379 4991 w)
1398 4926 1500 4978 ablatae
1518 4923 1542 4975 8.
1640 4923 1668 4988 x)
1686 4924 1815 4991 regiorum
1833 4920 1858 4974 8.

228 5011 257 5078 y)
275 5013 344 5064 filius
364 5011 385 5063 l.
475 5012 500 5078 z)
519 5030 559 5065 rsa
577 5011 647 5064 3-5
663 5011 689 5076 (c
707 5012 827 5079 corr.3);
846 5033 893 5065 om.
912 5012 937 5065 2.
956 5013 980 5065 7.
998 5013 1023 5066 8.
1106 5015 1130 5077 a)
1149 5020 1303 5080 temptarent
1322 5011 1344 5063 7,
1432 5012 1460 5076 1))
1479 5021 1598 5078 excerpto
1617 5008 1641 5062 7.
1729 5007 1754 5074 ιι)
1773 5027 1821 5060 om.
1834 5008 1859 5062 8.

229 5097 256 5162 d)
275 5099 407 5165 scripturis
423 5097 499 5151 3-5.
570 5098 595 5164 s)
615 5099 771 5152 audiverunt
789 5101 817 5160 5;
837 5100 886 5151 fruc
903 5117 982 5165 mque
1000 5096 1024 5152 7.
1037 5099 1061 5151 8.
1132 5098 1158 5163 f)
1176 5101 1287 5152 dictante
1299 5097 1323 5150 5.
1393 5099 1422 5166 g)
1441 5100 1589 5166 prophetico
1607 5099 1706 5165 psalmo
1724 5099 1821 5148 dictum
1833 5096 1858 5148 5.

185 5184 368 5248 mmm&

332 5375 377 5440 51)
398 5371 463 5442 Gap.
482 5373 586 5443 Lipara.
600 5376 659 5443 743,
676 5379 736 5430 torm
750 5376 773 5442 I,
787 5393 818 5445 p.
830 5378 873 5445 28,
892 5395 913 5432 c.
926 5378 959 5446 2,·
976 5378 1027 5444 cfr.
1047 5376 1140 5443 Halia,
1160 5375 1252 5430 Jahrb.
1270 5375 1296 5429 d.
1314 5373 1406 5440 srdnlr.
1425 5373 1517 5428 uacua
1535 5374 1679 5430 741-752.
1700 5392 1730 5442 p.
1744 5375 1794 5428 195
1806 5391 1858 5442 sqq.

229 5478 275 5545 52)
300 5475 437 5531 Ostiensis.
543 5478 588 5544 53)
611 5477 711 5533 Bcncd.
733 5478 795 5534 Len.
809 5479 837 5548 I,
860 5495 880 5533 c.
895 5481 919 5534 3.
1017 5479 1063 5548 54)
1088 5479 1184 5547 Aaron
1203 5478 1230 5547 I,
1257 5494 1278 5533 c.
1296 5479 1342 5545 71,
1364 5478 1380 5531 1.
1396 5493 1417 5530 c.
1437 5494 1468 5546 p.
1484 5477 1550 5542 105·
1574 5477 1624 5542 cfr.
1649 5476 1774 5531 Horatiae
1795 5476 1859 5532 ibid.

224 5596 253 5648 p.
266 5579 317 5634 387
329 5595 396 5646 rqq.,·
424 5578 506 5646 Roth,
531 5579 686 5635 Ihmolttr'r't
705 5599 734 5650 p.
750 5584 797 5637 101
807 5599 861 5652 sqq.
954 5584 998 5650 55)
1021 5581 1075 5649 ut.
1095 5581 1233 5637 Admonit.
1251 5583 1315 5649 851,
1339 5597 1426 5650 supra
1439 5598 1467 5648 p.
1481 5581 1546 5648 283,
1569 5579 1616 5634 lias.
1632 5563 1740 5650 ¹6³qu
1758 5597 1788 5648 p.
1800 5581 1860 5646 288,

229 5682 275 5737 liu.
289 5685 320 5738 31
332 5699 378 5750 aq,
396 5682 638 5750 accucurrimus
657 5685 687 5738 in
706 5685 790 5740 ‘Na’
809 5686 920 5741 XVIII
933 5687 1034 5756 (1893),
1050 5705 1079 5756 p.
1092 5686 1152 5752 307,
1169 5691 1224 5740 not.
1236 5687 1260 5740 2.
1347 5686 1392 5752 56)
1411 5683 1510 5738 Proba.
1529 5685 1700 5752 82,13-11.

332 5865 374 5902 ιι..
389 5864 557 5904 matronatus
575 5865 600 5904 u.
1619 5853 1654 5908 55
