4560 6426
430 445 674 504 CAPITULARIA
695 447 824 504 REGUM
843 447 1536 519 11111011100011111111118(1111101111).
1556 479 1588 489 -
1607 449 1656 505 Nr.
1668 451 1728 506 259.
1828 453 1890 516 167

264 621 508 686 exhilaraverint
530 622 621 687 illam
644 621 774 688 codicem
793 623 966 706 genuinam
988 623 1178 704 capdaloris
1196 619 1349 708 ferream,
1379 624 1515 704 reliquos
1543 645 1613 690 aero
1636 625 1752 692 malms
1774 628 1891 690 hetam
1908 635 1967 690 863.

260 727 433 812 posteriore
455 731 556 792 aetate
577 727 765 808 ampliatam
781 727 942 809 praebere.

372 828 564 895 Inseribilnr
586 833 690 895 amm
711 832 887 911 capitulare
913 834 949 896 ia
973 836 1002 897 2.
1024 832 1124 914 falso:
1159 833 1311 919 Oapitula
1334 831 1449 899 Karoli
1473 835 1604 920 gloriosi
1628 835 1714 920 regis
1738 835 1769 899 in
1796 834 1892 900 Com-

265 934 382 1022 pendio
399 933 486 998 facta
502 955 587 999 anno
603 935 695 1020 regni
710 934 780 1000 eius
796 934 956 1014 XXVIII,
981 935 1158 1002 indictione
1181 936 1260 1011 xil:
1283 938 1318 1000 r'rr
1342 939 1371 1000 3.
1392 942 1443 1002 10:
1468 937 1537 1003 Ista
1553 940 1698 1025 capitula
1715 939 1891 1004 constituta

236 1044 341 1104 arunt
363 1037 430 1124 (Ex
453 1038 603 1124 capitulis
626 1038 812 1103 constitutis
839 1038 892 1125 10)
920 1060 939 1103 a
970 1038 1090 1105 domno
1118 1039 1241 1104 Karolo
1274 1042 1307 1104 in
1338 1042 1461 1127 synodo
1490 1042 1576 1128 apud
1602 1041 1789 1109 Suessionis
1812 1043 1891 1107 civi-

265 1151 367 1210 tatem
402 1144 434 1207 in
469 1143 668 1206 monasterio
699 1140 811 1207 Sancti
837 1142 998 1224 Medardi,
1032 1165 1116 1208 enno
1146 1145 1376 1210 iucarnationis
1406 1144 1587 1212 dominicae
1616 1146 1831 1226 noceam,
1860 1147 1893 1212 in

267 1268 379 1313 mense
396 1246 517 1333 Apri1i;
543 1245 576 1308 in
600 1249 635 1310 8:
670 1244 738 1310 Ista
764 1255 840 1310 sunt
869 1248 1012 1333 capitula
1041 1270 1061 1312 a
1089 1247 1210 1313 domno
1242 1247 1365 1313 Karolo
1488 1247 1600 1316 Sancti
1628 1250 1777 1317 Medardi
1803 1251 1890 1316 iacto

265 1373 349 1418 anno
371 1354 440 1430 elc.;
462 1350 497 1413 r'n
521 1352 635 1414 4-6:
661 1347 812 1437 Capitula
828 1351 940 1416 Karoli
963 1353 1051 1437 regis
1068 1352 1204 1416 iunioris
1228 1352 1313 1416 facta
1337 1353 1369 1416 in
1386 1356 1583 1419 monasterio
1600 1354 1713 1420 Sancti
1728 1353 1891 1428 Medardi3

265 1455 301 1518 in
325 1459 357 1518 l:
388 1453 541 1540 Capitale
562 1453 678 1518 Karoli
702 1455 790 1540 regis
813 1455 870 1519 tilii
893 1454 1091 1520 Hludowioi.

223 1578 248 1618 ro
375 1560 443 1642 Quo
470 1558 520 1623 elie
546 1579 586 1629 m.
614 1559 721 1640 April.
751 1559 890 1640 capilrrla
919 1560 1119 1642 prorrrralpatc
1147 1562 1224 1638 slat,
1258 1581 1322 1624 aon
1350 1563 1431 1626 certo
1458 1559 1521 1626 clici
1551 1564 1662 1643 polest.
1715 1561 1793 1626 Oura
1821 1580 1892 1624 aero

265 1664 430 1728 caelium
451 1661 672 1727 Suessionensc
697 1662 748 1727 dic
771 1665 822 1729 22.
845 1684 884 1729 m.
908 1664 1016 1744 April.
1040 1670 1239 1730 ooaocmtum
1263 1667 1307 1729 sit
1335 1670 1363 1727 et
1385 1664 1422 1728 cle
1444 1665 1535 1728 rebus
1557 1665 1740 1730 clericorum
1759 1663 1892 1731 Recrea-

265 1768 348 1832 siam
368 1766 442 1850 (cfr.
462 1767 556 1834 cmv.
578 1772 677 1832 natea
700 1787 725 1835 o.
745 1770 786 1849 1),
808 1768 882 1832 lade
903 1790 925 1832 a
947 1768 997 1834 die
1020 1772 1070 1835 26.
1094 1790 1134 1835 m.
1151 1770 1370 1851 ,4111115911
1392 1768 1435 1832 ud
1449 1786 1580 1834 canam
1596 1768 1725 1833 Maium
1739 1772 1891 1852 ageretur,

265 1870 437 1952 capitulae
470 1874 574 1935 amm
607 1870 776 1936 mnndum
807 1871 893 1938 codd.
921 1875 1003 1938 3.8.
1027 1878 1075 1938 10.
1108 1895 1148 1938 m.
1179 1873 1289 1954 Aprili
1316 1872 1432 1937 editura
1461 1873 1519 1950 stt,
1552 1872 1696 1938 Karalus
1720 1893 1778 1938 rcc
1804 1872 1892 1935 intra

264 1974 345 2039 diem
369 1978 420 2039 22.
442 1979 472 2038 et
493 1978 544 2041 26.
567 1994 608 2038 m.
630 1975 738 2054 April.
768 1977 942 2058 capitulare
959 1978 1186 2056 pronuntiasse
1207 1977 1285 2042 arilli
1306 1977 1438 2043 ridetur.

224 2099 249 2138 rs
1311 2081 1369 2161 (B.
1387 2081 1434 2158 II,
1459 2084 1510 2145 53.
1534 2084 1613 2159 203;
1636 2081 1675 2146 P.
1692 2083 1780 2162 418).

377 2361 417 2419 1⁸.
453 2307 529 2420 Ut¹
554 2356 646 2421 missi
661 2357 761 2421 nostri
785 2379 844 2443 per
859 2356 1009 2422 civitates
1033 2365 1066 2421 et
1089 2357 1219 2442 singula
1235 2357 1443 2436 monasteria,
1468 2364 1533 2423 tam
1549 2359 1774 2422 canonicorum
1793 2378 1889 2443 quam

266 2459 500 2525 monachorum
524 2459 593 2524 sive
618 2461 930 2539 sanctimonialium,
960 2481 1026 2524 una
1056 2483 1129 2525 cum
1159 2462 1312 2547 episcopo
1342 2461 1532 2547 parrochiae
1557 2460 1828 2547 uniuscuiusque,
1858 2461 1890 2525 in

267 2584 331 2650 qua
354 2564 551 2645 consistunt,
580 2585 654 2628 cum
683 2564 819 2629 consilio
849 2564 947 2628 etiam
978 2563 1031 2628 etb
1054 2585 1217 2628 consensu
1239 2565 1357 2650 ipsius,
1386 2565 1440 2650 qui
1464 2565 1714 2630 monasterium⁰
1736 2563 1889 2640 retinet*,

266 2669 365 2734 vitam
387 2667 433 2734 ibi
449 2668 635 2754 degentium
651 2674 685 2734 et
701 2670 976 2734 conversationem
992 2668 1166 2754 inquirant,
1191 2674 1225 2733 et
1247 2669 1303 2733 ubi
1326 2688 1462 2734 neccsse
1488 2676 1547 2744 est,
1572 2670 1752 2754 corrigant3
1776 2676 1810 2733 et
1832 2667 1888 2732 ubi
1911 2733 1914 2740 ,

223 2791 249 2832 ro
267 2771 394 2855 desunt,
410 2792 571 2857 congruas
586 2772 733 2837 officinas
751 2770 960 2838 construere‘1
974 2772 1125 2844 iubeant;
1150 2779 1182 2836 et
1206 2772 1261 2835 ubi
1278 2779 1373 2836 sunt⁰
1396 2771 1502 2837 factae
1526 2780 1559 2836 et
1574 2793 1632 2858 per
1647 2772 1889 2857 neglegentiam

266 2880 342 2940 sunt
364 2873 562 2954 destructae,
583 2876 757 2940 instaurari
782 2876 1000 2962 praecipiant3
1025 2881 1059 2941 et
1083 2877 1200 2940 victum
1224 2897 1262 2940 ac
1286 2883 1397 2960 potum
1422 2883 1456 2940 et
1472 2874 1645 2940 vestitumf
1666 2882 1765 2961 atque
1781 2882 1891 2940 cetera

266 2979 455 3045 necessaria
483 3000 541 3065 pro
569 2979 726 3065 qualitate
755 2985 789 3043 et
818 2979 1035 3064 possibilitate
1066 2980 1131 3043 loci
1159 2987 1192 3044 et
1221 2979 1472 3044 inhabitantium
1500 2979 1698 3044 necessitate
1722 2978 1889 3044 ordinent:

267 3089 301 3148 et
329 3083 583 3171 hospitalitatem
620 3083 918 3168 supervenientium
954 3082 1116 3168 hospitum
1153 3090 1186 3146 et
1218 3083 1439 3168 receptionem
1474 3101 1655 3169 pauperum
1688 3080 1809 3147 ibidem
1841 3081 1890 3147 di-

266 3193 425 3274 sponantss
448 3191 481 3251 ct
497 3185 656 3251 ordinent.
702 3183 895 3250 Ecclesiaeh
911 3206 1039 3271 quoque
1056 3184 1229 3250 luminaria
1252 3191 1285 3250 et
1308 3193 1457 3251 ornatum
1482 3185 1627 3251 debitum
1652 3184 1834 3265 ordinanti,
1857 3193 1891 3250 et

222 3313 248 3354 ss
266 3291 454 3356 thesaurum
486 3310 524 3354 ao
551 3290 748 3354 vestimenta
777 3310 835 3353 scu
859 3288 959 3352 libros
982 3286 1156 3373 diligenter
1179 3288 1363 3354 inbrevient
1391 3295 1425 3355 et
1454 3291 1572 3355 breves
1596 3289 1689 3353 nobis
1711 3295 1890 3375 reportent.

267 3392 480 3471 Inbrevient¹,
511 3390 589 3479 quid
616 3393 841 3478 unusquisque
866 3391 1079 3458 ecelesiarum
1103 3391 1282 3478 praelatus,
1313 3392 1442 3479 quando
1472 3391 1706 3478 praelationem
1732 3392 1890 3457 eeclesiae

267 3497 425 3583 suscepit,
450 3496 496 3561 ibi
524 3496 701 3576 invenerit,
726 3495 857 3582 etquid
880 3496 975 3561 modo
1000 3496 1120 3562 exinde
1142 3495 1186 3560 ibi
1209 3498 1315 3561 minus
1340 3499 1395 3576 sit,
1419 3498 1472 3562 vel
1495 3497 1572 3583 quid
1595 3496 1647 3562 vel
1670 3503 1826 3582 quantum
1849 3497 1891 3560 sit

267 3598 558 3691 superadditum.**
602 3600 781 3666 Numerum
805 3600 903 3664 etiarn
927 3601 1156 3666 canonicorum
1180 3607 1213 3665 et
1235 3600 1468 3666 monachorum
1500 3602 1569 3665 sive
1598 3601 1890 3666 sanctimonialium

266 3705 522 3790 uniuscuiusque
546 3703 609 3768 loci
632 3702 835 3784 describant,
866 3712 900 3769 et
922 3704 1016 3770 nobis
1040 3705 1199 3783 referant,
1227 3711 1263 3769 ut
1285 3703 1465 3769 secundum
1489 3704 1681 3791 qualitatem
1705 3711 1738 3769 et
1760 3705 1888 3792 quanti-

223 3841 249 3881 oo
265 3816 369 3876 tatem
391 3807 455 3874 loci
478 3829 551 3874 eum
575 3807 708 3873 consilio
725 3808 949 3895 episcoporum
972 3815 1006 3872 et
1028 3808 1172 3873 fidelium
1189 3814 1383 3890 nostrorum,
1406 3807 1463 3872 ubi
1486 3810 1591 3874 minor
1611 3829 1766 3873 numerus
1782 3808 1889 3888 inerit,

266 3920 378 3980 noema
393 3912 588 3979 auctoritate
606 3910 778 3986 addamus;
802 3911 857 3977 ubi
873 3932 950 3977 vero
967 3911 1222 3978 indiscretionei*
1240 3912 1459 3997 praelatorum
1476 3911 1683 3999 superfuerit,
1700 3909 1742 3976 ad
1758 3931 1888 3976 mensu·

387 4145 415 4212 ¹¹)
433 4144 516 4198 2-8
537 4142 655 4196 10-12.
673 4140 795 4196 addm
811 4158 895 4211 quem
914 4141 1041 4197 volumus
1060 4145 1089 4197 et
1108 4159 1235 4213 expresse
1253 4143 1446 4214 praecipimus,
1466 4146 1498 4198 ut
1516 4159 1646 4214 praesens
1664 4141 1710 4197 sit.

369 4233 413 4298 ”l
433 4231 511 4285 Rara:
539 4228 612 4296 Quid
637 4229 723 4283 etiam
746 4229 929 4284 Nortmannis
951 4248 1001 4300 per
1023 4233 1147 4285 nostram
1168 4231 1438 4287 commendationem
1468 4230 1526 4285 sive
1552 4229 1612 4284 sine
1634 4231 1729 4284 nostra
1751 4243 1890 4282 commen·

266 4317 380 4374 datione
398 4317 496 4372 datum
514 4316 559 4384 sit,
578 4315 681 4387 quidve
699 4315 827 4371 relictum
846 4316 891 4371 vel
910 4317 976 4386 quid
997 4335 1014 4371 a
1032 4335 1172 4388 quoquam
1192 4317 1232 4372 ibi
1251 4317 1279 4372 in
1299 4319 1474 4387 eleemosyna
1491 4317 1597 4372 datum

222 4551 247 4592 ῃ,
369 4527 397 4591 a)
416 4529 484 4579 VIII.
503 4526 528 4580 3.
610 4525 638 4588 b)
658 4542 717 4578 cunr
733 4526 796 4578 add.
813 4523 838 4577 4.
855 4525 880 4578 5.
963 4525 988 4590 e)
1006 4525 1090 4578 locum
1108 4523 1133 4577 2.
1150 4523 1176 4578 4.
1194 4523 1224 4586 ra
1242 4527 1260 4578 1.
1278 4533 1347 4579 tenet
1365 4527 1389 4580 5.
1468 4524 1496 4590 d)
1514 4532 1633 4578 extruere
1650 4522 1674 4576 3.
1753 4524 1779 4589 a)
1798 4539 1846 4576 om.
1863 4520 1889 4590 3,

268 4614 343 4667 Oeae.
361 4615 414 4674 cita·
431 4617 500 4666 facta
518 4610 543 4665 2.
622 4613 647 4675 1)
665 4612 845 4666 vestimentum
857 4609 882 4663 3.
895 4609 919 4664 l.
931 4611 957 4664 8.
1030 4611 1059 4680 g)
1078 4619 1174 4679 ponant
1184 4610 1209 4664 2.
1222 4610 1246 4665 l.
1259 4611 1283 4664 5.
1296 4611 1320 4664 8.
1408 4611 1435 4674 h)
1454 4612 1576 4664 eeclesiae
1596 4648 1641 4664 ...
1661 4611 1780 4663 ordinent
1796 4627 1845 4662 cm.
1863 4607 1888 4674 8,

267 4701 343 4756 Ocno.
356 4700 394 4752 cit
483 4701 503 4764 i)
521 4699 598 4751 etiam
616 4697 679 4749 add.
698 4695 774 4750 2-8.
863 4696 894 4759 ἰ·)
912 4698 1091 4750 discretionem
1109 4695 1133 4748 2.

371 4915 397 4984 1)
417 4911 474 4979 Gfr.
495 4911 573 4968 Gora.
591 4910 706 4966 anwed.
724 4929 745 4965 c.
758 4913 788 4972 6,·
813 4909 915 4982 Syacrl.
934 4910 1073 4964 Verncrsais
1090 4911 1156 4978 844,
1173 4911 1251 4978 infra
1271 4927 1314 4966 ar.
1327 4911 1393 4978 291,
1411 4927 1431 4965 c
1444 4912 1477 4978 3,·
1496 4909 1579 4979 anp.
1591 4909 1651 4978 813,
1670 4913 1730 4963 tom.
1744 4909 1768 4976 I,
1784 4925 1814 4978 p.
1830 4908 1887 4976 183,

265 5018 348 5085 c.10;
368 5015 435 5085 Cap.
448 5015 518 5072 miss.
532 5015 660 5085 Nicanor.
678 5015 739 5082 806,
757 5015 807 5068 lo.
822 5030 853 5084 p.
865 5013 925 5081 131,
942 5029 963 5068 c.
977 5015 1007 5077 3,·
1024 5014 1072 5080 cfr.
1091 5015 1171 5068 amm
1188 5014 1332 5069 Hinoaori
1352 5015 1487 5083 qrbtclae:
1506 5011 1636 5068 Rothado
1655 5011 1821 5068 Suessonico
1839 5028 1889 5082 pro

221 5145 248 5184 aa
265 5119 441 5177 ordinatione
457 5119 618 5174 monasterii
631 5118 727 5174 Sancti
738 5117 864 5174 ldedardi
883 5120 912 5172 et
930 5117 1104 5173 restituenda
1121 5119 1151 5174 in
1170 5135 1203 5174 ec
1216 5120 1315 5188 regula
1332 5117 1496 5186 (Hadoardi
1514 5116 1586 5172 ΗΜ.
1605 5117 1663 5172 coel.
1683 5115 1756 5172 Rea.
1774 5115 1819 5173 lib.
1832 5115 1888 5183 III,

264 5227 340 5294 121,
357 5224 405 5280 SS.
417 5223 503 5292 XIII,
519 5241 550 5295 p.
562 5225 625 5287 511)
630 5243 640 5291 ,·
658 5223 789 5280 Anselmo
805 5221 916 5278 cuidam
928 5223 1063 5278 monacho
1076 5223 1242 5294 precipiens,
1261 5226 1294 5278 ut
1306 5222 1445 5278 describet
1459 5221 1562 5289 omnia,
1578 5235 1652 5290 qnae
1670 5219 1700 5274 in
1711 5219 1889 5288 monasterio,

265 5332 298 5384 nt
319 5328 444 5393 videtur,
472 5327 663 5398 hltvillsrensi
690 5329 758 5383 ante
778 5328 866 5398 ipsius
888 5329 1007 5399 presulis
1028 5327 1233 5384 ordinationem
1255 5329 1331 5384 iacta
1355 5328 1399 5384 vel
1423 5328 1527 5383 collata
1551 5326 1677 5390 inerunt,
1706 5329 1735 5381 et
1761 5342 1889 5396 quaeque

264 5434 371 5502 postea
388 5447 533 5486 numerum
545 5445 656 5502 quoqne
669 5430 787 5486 fratrum
804 5448 837 5486 ac
850 5432 1017 5487 famulorum
1035 5431 1277 5498 deservientium,
1297 5435 1326 5486 et
1344 5433 1366 5487 si
1386 5449 1443 5502 qua
1460 5430 1561 5487 exinde
1573 5447 1622 5486 suo
1635 5433 1763 5500 tempore
1776 5428 1888 5500 dispen-

264 5539 327 5592 sata
344 5535 469 5602 fuerunt,
491 5539 521 5591 et
542 5536 573 5591 in
595 5553 666 5607 quos
689 5554 755 5592 usus
772 5538 818 5592 vel
836 5554 886 5608 per
903 5555 972 5608 quas
991 5554 1140 5609 personas,
1159 5541 1189 5592 et
1205 5537 1247 5592 ite
1264 5537 1401 5593 veraciter
1419 5536 1514 5591 omnia
1532 5533 1738 5598 describantur,
1762 5535 1795 5588 nt
1812 5534 1887 5590 missi

222 5655 248 5694 ss
266 5639 398 5697 dominici
421 5639 492 5696 nihii
510 5639 550 5694 ibi
569 5639 669 5695 t'alsum
688 5641 796 5712 possint
813 5640 952 5708 invenire;
976 5642 1131 5697 Retramno
1149 5640 1290 5712 preposito
1310 5641 1472 5697 monasterii
1492 5637 1656 5694 Orbaesnsis
1674 5637 1805 5692 similiter
1823 5638 1852 5702 (l.
1866 5652 1888 5692 c.

267 5744 310 5798 lab.
324 5744 379 5812 III
397 5759 418 5799 c.
431 5745 473 5811 28,
488 5759 518 5812 p.
530 5745 606 5813 552);
623 5743 740 5812 Sduora
761 5743 898 5798 Hiakmar
916 5743 1144 5813 altrimenti,
1162 5749 1216 5800 aot.
1230 5745 1254 5800 ’1.

1631 5837 1681 5892 34*
