4634 6436
721 473 967 529 christianum
985 473 1196 530 uuuuowuu
1215 475 1250 530 11.
1270 505 1305 514 -
1323 475 1372 532 Nr.
1384 476 1444 532 212.
1589 485 1593 494 ’
1855 479 1896 541 85

380 646 460 732 Cap.
484 649 515 713 2.
548 638 727 712 Potentes²
750 653 878 728 autem,
912 670 954 714 ne
983 649 1069 713 cirea
1100 648 1231 729 domos,
1264 649 1298 712 in
1328 648 1444 734 quibus
1471 649 1634 730 habitant,
1665 649 1894 734 oppressiones
1913 659 1973 714 850.

271 756 465 832 exerceant,
501 751 620 836 quibus
651 772 815 838 pauperes
848 752 1039 837 afliguntur,
1074 753 1149 838 quia
1177 752 1285 817 solent
1315 772 1388 818 eum
1423 752 1490 818 suis
1524 752 1662 818 caballis
1694 773 1732 816 ac
1763 752 1897 838 reliquis

270 853 467 918 animalibus
494 854 580 918 inter
606 854 750 938 reliquas
774 854 946 919 violentias
974 856 1112 920 aliorum
1134 861 1230 940 prata
1253 853 1446 942 decerpere,
1475 855 1707 921 nihilhominus
1731 861 1841 921 autern
1864 862 1897 921 et

270 956 388 1021 hiemis
416 962 565 1042 tempore
588 957 759 1021 occasions
788 957 1034 1023 nutriendorum
1058 979 1213 1044 equorum
1237 959 1309 1023 illos
1333 959 1498 1046 affligunt:
1528 982 1589 1046 per
1612 981 1668 1026 eos
1690 961 1789 1026 etiam
1814 960 1896 1024 seire

239 1059 430 1137 avolamus,
454 1059 593 1144 qualiter
616 1059 677 1124 hoc
701 1057 941 1125 emendandum
965 1062 1018 1128 sit.

378 1160 458 1248 (lap.
483 1166 512 1228 3.
548 1160 687 1237 Quando
715 1160 755 1226 ad
782 1156 962 1248 palatium3
984 1165 1038 1229 vel
1065 1165 1106 1230 ad
1130 1166 1196 1229 alia
1218 1156 1313 1230 looa²
1340 1171 1490 1252 potentes
1513 1171 1693 1252 properant
1719 1170 1753 1230 et
1780 1166 1813 1229 in
1837 1186 1896 1230 ex·

269 1265 444 1352 poscendis
478 1266 627 1353 hospitiis
660 1287 824 1352 pauperes
859 1266 1057 1352 adgravant,
1091 1269 1254 1353 inquirere
1283 1269 1410 1354 placet,
1448 1269 1588 1354 qualiter
1617 1269 1699 1333 haec
1729 1269 1896 1354 oppressio

269 1368 340 1432 fieri
363 1368 502 1436 desinat.

378 1471 458 1559 (lap.
480 1478 509 1538 4.
545 1472 647 1537 Furta
663 1494 803 1559 quoque,
832 1495 915 1559 quae
940 1474 1053 1539 erebro
1075 1475 1174 1558 longe
1197 1474 1330 1559 lateque
1353 1496 1413 1561 per
1435 1474 1564 1539 Italiam
1588 1475 1679 1559 fiunt,
1702 1498 1765 1562 qno
1788 1476 1895 1542 studio

226 1603 251 1640 ro
270 1577 496 1662 reprimantur,
519 1576 723 1660 inquirimus.

377 1679 458 1767 Gap.
482 1685 511 1744 5.
546 1670 609 1744 ΕΗ
632 1679 695 1744 hoc
718 1681 801 1744 scire
825 1681 988 1760 volumus,
1013 1703 1077 1766 qua
1100 1703 1239 1746 censura
1263 1680 1478 1767 redarguendi
1502 1689 1578 1746 sunt
1599 1681 1662 1762 illi,
1685 1683 1740 1769 qui
1761 1688 1893 1770 pontem

268 1784 494 1871 'l'ycynensem
518 1783 639 1847 totiens
664 1804 684 1847 a
706 1783 799 1848 nobis
819 1777 1027 1848 commoniti⁵
1043 1785 1149 1849 facere
1166 1785 1394 1869 neglexerunt,
1418 1790 1451 1849 et
1473 1791 1596 1850 utnon
1620 1785 1724 1849 solum
1746 1786 1812 1867 ille,
1835 1784 1893 1850 sed

268 1897 403 1952 omnes⁸
429 1885 546 1951 Italiae
575 1892 712 1972 pontes,
747 1887 802 1972 qui
835 1887 1064 1952 emendatione
1094 1887 1260 1974 indigent,
1295 1888 1437 1974 qualiter
1468 1886 1510 1953 ad
1542 1894 1662 1953 statum
1691 1888 1894 1972 antiquitatis

269 1997 473 2056 revocentur.

225 2121 250 2158 a
377 2092 457 2180 Cap.
482 2096 511 2158 6.
546 2091 656 2158 Navae
679 2099 800 2172 autern,
824 2113 907 2177 quae
930 2099 1063 2179 propter
1082 2093 1263 2159 custodiam
1279 2095 1397 2159 littoris
1413 2115 1472 2181 per
1492 2114 1582 2158 mare
1604 2099 1680 2158 sunt
1695 2085 1894 2181 antiquitus6

269 2197 436 2261 ordinatae
457 2195 499 2260 ad
520 2194 744 2283 precavendss
765 2195 1025 2261 adversariorum
1046 2196 1194 2276 insidias,
1218 2197 1360 2282 qualiter
1382 2196 1560 2262 seeundum
1584 2196 1730 2262 ordinem
1753 2196 1893 2262 eundem

268 2307 439 2386 reparatas
463 2299 557 2378 fiant,
581 2305 742 2385 oportune
765 2300 980 2381 consulimus,
1004 2301 1153 2386 qnoniam
1178 2300 1240 2365 hac
1263 2300 1391 2366 desidia
1413 2322 1476 2366 non
1499 2301 1628 2366 modica
1651 2323 1694 2368 ex
1717 2307 1810 2389 parte
1833 2321 1893 2386 ρο-

268 2406 365 2490 pulus
387 2409 499 2467 noster
520 2402 727 2466 inimieorum
750 2402 885 2468 insidias
909 2404 1058 2470 sustinet.

375 2504 455 2592 Gap.
474 2508 503 2570 7.
536 2497 705 2578 Qualiter⁷
734 2512 842 2570 autem
872 2506 996 2592 palatia
1025 2513 1154 2588 nostra,
1186 2527 1270 2593 quae
1294 2507 1392 2592 longa
1414 2512 1579 2573 vetustate
1602 2507 1656 2571 vel
1682 2507 1893 2592 neglegentia

222 2636 249 2675 so
268 2615 344 2674 sunt
367 2609 531 2690 obsoleta,
561 2614 755 2694 reparentur
778 2615 877 2695 atque
900 2610 1104 2690 reficiantur,
1134 2612 1286 2675 comitum
1311 2616 1494 2675 nostrorum
1518 2611 1687 2675 consultus
1709 2611 1892 2696 inquiritur.

375 2711 455 2798 (lap.
482 2713 512 2778 8.
546 2702 608 2775 Et⁸
631 2718 668 2775 ut
691 2718 796 2777 status
819 2713 866 2777 rei
890 2713 1040 2800 publicae
1061 2721 1194 2780 nostrae
1214 2715 1247 2778 in
1267 2715 1328 2780 hoa
1349 2736 1412 2779 non
1429 2713 1578 2780 videatur
1594 2714 1759 2794 infirmari,
1783 2712 1893 2778 dicant

266 2817 377 2899 nobis,
405 2815 653 2902 sinconveniens
677 2816 733 2896 sit,
765 2822 801 2880 ut
823 2816 1047 2902 unusquisque
1062 2825 1180 2883 'comes
1204 2816 1318 2882 domos
1346 2838 1366 2881 a
1396 2817 1490 2882 nobis
1513 2822 1683 2904 susceptas
1705 2816 1792 2881 bene
1815 2837 1890 2902 pre-

266 2921 353 2985 visas
383 2927 417 2985 et
445 2917 636 2984 emendatas
659 2917 784 2984 habeat
807 2925 877 3000 aut,
909 2920 937 2985 si
960 2941 1044 3006 quae
1067 2919 1215 3006 indigent
1238 2920 1485 3002 emendatione,
1514 2927 1634 2985 statum
1657 2920 1815 3006 pristinae
1838 2941 1890 2984 so-

266 3024 401 3088 liditatis
425 3023 592 3107 suscipere
616 3042 794 3107 congruum
818 3021 977 3088 videatur.

219 3151 246 3189 ss
374 3123 454 3211 Oap.
478 3127 508 3190 9.
541 3123 689 3197 Qualiter
712 3129 822 3189 autem
845 3126 935 3190 missi
959 3126 1069 3191 domni
1093 3147 1131 3191 ae
1154 3126 1311 3212 genitoris
1334 3127 1436 3192 nostri
1460 3147 1498 3192 ac
1521 3128 1624 3192 nostri
1643 3128 1697 3192 vel
1719 3125 1890 3213 apostolici

265 3228 374 3294 debito
404 3228 623 3315 suscipiantur
650 3226 789 3308 honore,
821 3226 994 3293 dicendum
1024 3235 1089 3305 est;
1124 3237 1222 3315 atque
1251 3229 1293 3294 ad
1322 3236 1467 3295 nostram
1497 3231 1644 3295 notitiam
1667 3251 1728 3316 per
1755 3229 1890 3294 comites

265 3340 394 3397 nostros
418 3333 565 3396 volumus
588 3332 768 3416 perveniri,
797 3330 838 3395 de
862 3333 980 3418 quibus
1003 3333 1102 3398 rebus
1126 3340 1183 3397 aut
1205 3332 1415 3399 facultatibus
1436 3332 1664 3399 huiuscemodi
1686 3339 1833 3419 sumptus
1857 3337 1891 3396 et

265 3442 441 3524 apparatus
465 3432 621 3520 legationi
643 3433 834 3520 designatae
858 3434 1029 3521 delegatus
1057 3435 1247 3501 sumebatur
1270 3438 1448 3522 antiquitus
1476 3443 1533 3502 ant
1560 3459 1580 3502 a
1603 3437 1718 3522 quibus
1739 3435 1889 3521 personis

232 3549 241 3566 ·
265 3540 482 3626 exigebantur
503 3536 695 3625 parvareda,
718 3543 754 3601 ut
777 3543 810 3602 et
831 3545 941 3603 nostro
962 3544 1108 3626 tempore
1128 3538 1214 3604 idem
1230 3539 1309 3604 ordo
1333 3545 1483 3608 servetur
1505 3561 1566 3605 nec
1589 3538 1630 3604 ad
1653 3539 1734 3604 alias
1757 3558 1810 3603 res
1834 3542 1890 3600 aut

217 3669 245 3708 so
263 3665 422 3731 personas
444 3663 524 3707 usus
547 3641 610 3705 iste
633 3634 889 3725 retorqueatur9.

372 3745 452 3832 Cap.
475 3749 524 3809 10.
558 3743 633 3808 Hoc
656 3744 756 3809 ctiam
777 3744 890 3811 andire
907 3744 1145 3826 desideramus,
1170 3746 1198 3810 si
1221 3745 1254 3809 in
1276 3743 1390 3811 iuditio
1412 3745 1567 3810 comitum
1587 3745 1676 3831 prins
1699 3744 1889 3808 miserorum

160 3877 165 3884 ·
264 3871 401 3930 causae,
439 3849 470 3914 id
506 3854 555 3914 est
590 3847 774 3932 viduarum,
815 3851 1012 3937 pupillorum
1047 3856 1294 3935 oeterorumque
1329 3869 1510 3935 pauperum
1545 3847 1788 3934 quaerimoniae
1823 3853 1887 3909 ter·

262 3953 435 4019 mirandae
467 3954 546 4035 sint,
581 3974 619 4017 ac
648 3951 766 4017 deinde
792 3946 1062 4039 potentiorum¹⁰;
1097 3953 1209 4040 quodsi
1244 3953 1285 4018 ab
1319 3952 1428 4036 aliquo
1459 3953 1544 4017 tales
1572 3951 1691 4016 Christi
1725 3969 1887 4035 pauperes

263 4063 339 4121 sunt
361 4055 521 4143 despecti,
545 4055 685 4141 qualiter
707 4054 768 4121 hoo
792 4056 969 4122 emendare
992 4057 1103 4138 velint,
1126 4057 1366 4143 inquirentibus
1388 4055 1482 4120 nobis
1505 4054 1704 4121 insinuentb.

215 4261 242 4302 ss
365 4248 393 4315 a)
411 4249 447 4300 ila
465 4264 532 4300 corr.
551 4247 638 4309 Perta,¹
660 4247 743 4299 omnis
759 4247 788 4298 irs
805 4249 860 4300 loco
877 4263 947 4298 raro.
1035 4246 1063 4314 h)
1081 4248 1194 4300 insinuet
1211 4265 1233 4302 e.

363 4434 392 4501 2)
411 4432 516 4488 Ibidem
534 4435 593 4490 ab.
676 4435 704 4503 3)
722 4433 826 4489 Ibidem
843 4450 864 4490 c.
876 4435 902 4490 4.
984 4435 1012 4502 4)
1031 4433 1136 4490 ibides
1153 4450 1176 4491 c.
1188 4436 1215 4489 8.
1297 4435 1325 4501 b)
1344 4432 1400 4500 Ost.
1421 4432 1487 4500 Gap.
1504 4431 1619 4488 anwed.
1637 4447 1660 4486 c.
1672 4433 1697 4487 3.
1782 4432 1811 4499 6)
1831 4431 1888 4498 Osr.

267 4539 362 4608 Waltz,
380 4538 437 4595 VG.
453 4537 527 4606 IV2,
542 4555 572 4606 p.
584 4539 636 4593 616
647 4553 684 4606 sq.
773 4538 800 4608 i)
820 4537 884 4608 Gap.
902 4539 982 4608 inseq.
1001 4553 1023 4594 c.
1035 4539 1060 4594 6.
1146 4538 1175 4606 8)
1194 4535 1371 4592 muman
1459 4535 1487 4603 9)
1506 4534 1647 4591 Ibidemc.
1660 4536 1684 4589 9.
1767 4534 1811 4602 10)
1833 4532 1888 4600 Osr.

262 4643 347 4712 Onpp.
365 4643 438 4712 legib.
457 4641 590 4697 acuatu.
604 4641 670 4710 819,
689 4645 749 4696 tom.
763 4641 794 4709 1,
809 4641 956 4711 p.281,c.
973 4641 1004 4710 3,·
1031 4639 1108 4694 Cone.
1125 4638 1202 4695 Verre.
1218 4640 1282 4707 755,
1300 4639 1317 4694 l.
1332 4653 1355 4693 c.
1369 4638 1454 4708 1437,
1473 4638 1550 4692 aas.

870 4901 1279 4912 Μι-

259 5171 356 5277 213.
390 5165 844 5278 HLUDOWIOI
870 5163 941 5274 Π.
974 5161 1467 5274 CAPITULARE
1497 5158 1884 5270 PAPIENSE.

214 5393 243 5432 a
924 5342 1022 5425 850.
1048 5355 1221 5426 exeunte.

363 5521 489 5604 Primo
512 5538 631 5603 editum
652 5557 674 5602 a
691 5535 821 5602 &assio
844 5539 879 5604 in
893 5537 1095 5603 Lecticmbus
1116 5537 1352 5619 antiquioribus
1374 5540 1445 5600 tom.
1466 5534 1502 5616 V,
1526 5537 1556 5612 2,
1571 5554 1607 5616 p.
1624 5536 1698 5600 683.
1721 5553 1760 5598 ea
1782 5531 1885 5598 codice

259 5639 467 5721 8009011θωὶ,
490 5642 547 5722 qui
568 5641 646 5706 exiit
668 5641 704 5705 in
725 5641 863 5706 medium
885 5661 911 5706 c.
928 5645 957 5719 5,
980 5640 1124 5705 traditur
1145 5640 1236 5705 bodie
1256 5641 1293 5704 iu
1314 5659 1379 5703 uno
1401 5638 1504 5705 codiee
1522 5633 1884 5717 cosummatus.

367 5741 418 5808 De
438 5749 541 5809 aetate
562 5743 754 5826 capitatur-is
774 5765 876 5830 stupra
892 5765 926 5826 ρ.
943 5745 995 5810 84.
1019 5743 1098 5808 deici.
1392 5741 1451 5825 (B.
1467 5741 1515 5820 II,
1532 5744 1615 5821 345,-
1637 5739 1675 5806 Ρ.
1693 5741 1783 5824 405.)
