4560 6426
419 449 480 511 344
583 445 829 501 carucarum
849 446 977 501 sulculi
997 445 1182 500 asciveris
1201 443 1461 500 OCCIDENTALIS
1480 443 1628 511 (xenoni
1641 444 1687 512 Il).
1709 475 1738 483 -
1758 441 1878 498 Neara.

328 627 389 680 873.
418 621 495 692 illis.
521 621 606 685 sicut
628 622 659 686 in
690 622 858 707 capitulari
889 621 1088 685 continetur:
1117 613 1196 684 Ilt¹⁰
1219 621 1244 684 si
1269 627 1342 706 post
1365 618 1538 683 sccrrndam
1564 618 1690 682 comitis
1719 617 1972 682 admonitionem
1997 617 2037 681 ad

417 724 550 787 mallum
574 725 682 789 venire
707 725 882 802 noluerint,
907 723 1003 787 robus
1033 745 1146 788 eorum
1179 725 1210 787 in
1235 724 1375 787 bannum
1402 723 1506 785 missis
1530 723 1639 786 venire
1664 728 1697 786 ct
1718 721 1875 785 iustitiam
1899 720 2038 785 reddere

416 827 663 912 compellantur.
708 827 751 891 Et
774 829 800 891 si
818 828 891 892 talis
908 836 968 908 ost,
993 848 1087 911 quem
1110 834 1168 891 aut
1183 834 1335 913 parentes
1359 833 1415 890 aut
1432 835 1563 912 propter
1578 825 1697 889 faidam
1715 825 1862 890 homines
1880 846 2035 889 accusare

416 929 579 994 noluerint
602 938 658 994 aut
680 931 751 996 ausi
775 953 839 995 non
863 932 1001 1012 luerint,
1032 938 1065 995 et
1093 953 1167 995 curn
1192 931 1365 996 malefacto
1390 930 1645 1015 comprehensus
1668 949 1732 994 non
1755 929 1855 994 fucrit
1878 937 1912 993 et
1934 951 2035 1014 nega-

415 1036 507 1114 verit,
530 1035 614 1101 iuret
638 1057 710 1100 cum
733 1035 905 1101 duodecim
930 1035 1049 1100 talibus
1074 1035 1223 1112 Francis,
1248 1055 1384 1121 quorum
1415 1033 1638 1100 testimonium
1666 1034 1758 1116 leges
1791 1033 1942 1119 publicae
1973 1054 2036 1096 non
2068 1055 2080 1092 s

415 1139 563 1218 reiciunt,
586 1140 671 1225 quod
697 1139 848 1205 testeiam
872 1141 924 1204 vel
947 1138 1155 1204 latrocinium
1179 1146 1236 1204 aut
1258 1139 1405 1225 rapinam
1436 1161 1499 1202 non
1528 1138 1657 1212 lecerit;
1691 1145 1725 1204 et
1747 1144 1822 1224 post
1844 1135 1926 1202 haec
1951 1135 2037 1202 iurat

415 1244 485 1329 ipse
511 1250 646 1326 tanturn,
670 1237 786 1330 quedl¹
811 1244 967 1330 deinceps
992 1246 1142 1308 testeiam
1167 1244 1217 1309 vol
1242 1243 1444 1308 latrocinium
1468 1263 1532 1306 non
1555 1241 1655 1305 lacict
1679 1263 1784 1326 neque
1800 1240 1934 1305 facienti
1958 1262 2035 1305 eon-

415 1348 537 1412 sentiet
559 1354 608 1424 et,
633 1349 806 1437 siscicrit,
839 1349 893 1434 qui
925 1349 1006 1412 hacc
1036 1348 1166 1427 feccrit,
1196 1347 1260 1411 illis
1293 1348 1446 1411 ministris
1475 1347 1609 1424 nostris,
1639 1367 1698 1430 per
1726 1365 1804 1430 quos
1832 1345 1906 1410 talis
1938 1365 2037 1408 causa

415 1449 579 1514 emendari
603 1450 709 1529 debet,
734 1471 798 1515 non
823 1453 917 1516 celet.
963 1451 1005 1515 lit
1028 1451 1083 1536 qui
1108 1473 1160 1516 rcs
1185 1459 1217 1515 ct
1234 1451 1395 1537 mancipia
1419 1452 1470 1514 vel
1495 1451 1615 1514 mobile
1640 1471 1703 1514 non
1720 1450 1852 1528 habent,
1876 1471 1935 1536 per
1952 1469 2036 1533 quae

414 1553 562 1639 distringi
578 1556 713 1640 possint,
737 1565 772 1619 ut
795 1556 835 1620 nd
852 1557 985 1620 mallum
1003 1556 1143 1631 veniant,
1169 1562 1202 1620 ct
1225 1555 1269 1619 ibi
1286 1562 1342 1619 aut
1365 1577 1400 1620 se
1417 1553 1578 1639 legaliter,
1600 1561 1637 1617 ut
1653 1553 1889 1639 praemisimus,
1914 1574 2033 1617 excon—
2056 1575 2081 1613 ro

415 1657 536 1729 dicant.
559 1665 631 1732 aut,
655 1659 682 1722 si
706 1682 741 1723 se
759 1659 974 1725 excondicere
1000 1681 1063 1722 non
1086 1660 1259 1744 potuerint,
1283 1658 1368 1744 quod
1392 1659 1476 1722 male
1500 1658 1652 1730 facerint,
1676 1657 1827 1741 legaliter
1850 1657 2035 1724 emendent.

414 1761 494 1824 Post
523 1762 699 1826 secundam
728 1763 950 1828 bannitionem
981 1763 1108 1827 comitis
1140 1763 1167 1826 si
1198 1762 1239 1827 ad
1269 1762 1399 1826 mallum
1431 1783 1494 1826 non
1525 1761 1687 1842 venerint,
1720 1760 2037 1846 comprehendantur

416 1864 592 1929 secundum
610 1867 792 1951 praelatum
809 1866 987 1952 capitulare
1003 1866 1075 1931 libri
1095 1867 1180 1930 tertii
1198 1867 1337 1953 capitulo
1353 1864 1456 1942 LVll,
1481 1887 1543 1951 quo
1561 1864 1693 1928 dicitur:
1728 1857 1827 1930 ‘Del2
1843 1865 2034 1944 latronibus,

415 1968 469 2053 qui
492 1989 641 2052 magnam
659 1969 779 2033 habent
797 1969 1043 2054 blasphemiam.
1090 1971 1294 2055 Quicumque
1311 1970 1452 2055 aliquem
1470 1991 1511 2033 ox
1530 1969 1578 2032 his
1596 1969 1887 2054 comprehenderit,
1912 1970 2035 2032 nullum

414 2071 567 2135 damnum
592 2072 709 2136 exinde
735 2072 897 2157 patiatur!
944 2073 1205 2158 Comprehensus
1228 2081 1336 2137 autem
1362 2074 1389 2136 si
1413 2071 1620 2137 fideiussores
1643 2073 1764 2137 habere
1789 2074 1947 2158 potuerit,
1977 2095 2035 2159 par
2056 2097 2080 2135 rs

415 2176 621 2241 fideiussores
651 2177 691 2241 ad
721 2179 852 2242 mallum
877 2177 1071 2244 adducatur:
1104 2179 1131 2242 si
1162 2178 1371 2243 fideiussores
1405 2177 1525 2242 habere
1555 2198 1618 2240 non
1649 2177 1805 2262 potuerit,
1839 2177 2037 2241 aministris

415 2280 541 2344 comitis
566 2280 779 2359 custodiatur,
803 2289 837 2346 et
859 2281 901 2346 ad
926 2282 1056 2346 mallum
1075 2281 1282 2368 perducatur.
1329 2281 1422 2345 Etsi
1446 2280 1563 2364 aliquis
1588 2302 1662 2345 eum
1678 2283 1891 2356 accusaverit,
1915 2282 1972 2344 liat
1996 2279 2037 2344 dc

415 2385 469 2447 illo
492 2384 670 2448 secundum
695 2387 876 2471 praefatum
911 2387 1088 2471 capitulum
1123 2387 1197 2450 libri
1229 2387 1429 2472 capitularis.
1482 2385 1517 2448 Si
1540 2391 1648 2448 autem
1673 2405 1746 2448 eum
1771 2384 1878 2448 nullus
1901 2406 2036 2448 accusa-

415 2488 508 2566 verit,
533 2488 727 2553 excondicat
749 2512 783 2554 se
809 2489 975 2575 praedicto
1005 2491 1117 2566 modo,
1142 2498 1175 2554 ct
1199 2491 1298 2567 iuret,
1332 2483 1463 2575 ‘quodffi
1491 2489 1644 2574 deinceps
1679 2489 1828 2552 testeiam
1858 2489 1908 2552 vel
1937 2488 2036 2552 latro-

415 2592 533 2655 cinium
558 2613 621 2655 non
646 2593 745 2656 l'aciet
768 2613 873 2676 neque
905 2594 1035 2657 l'acicnti
1060 2595 1244 2658 consentiet
1267 2602 1315 2666 ct.
1345 2595 1371 2656 si
1396 2593 1522 2670 scierit.
1552 2594 1606 2678 qui
1634 2593 1696 2656 hcc
1719 2591 1832 2670 saciet,
1865 2613 1926 2655 non
1951 2593 2037 2656 celet
2055 2617 2081 2656 ro

415 2695 569 2758 ministris
593 2696 695 2780 regni,
718 2717 775 2780 per
797 2717 877 2780 quos
901 2697 1101 2761 taliscausa
1124 2695 1289 2761 emendari
1315 2695 1434 2761 debet'
1481 2697 1514 2760 Si
1533 2718 1609 2760 vero
1634 2698 1727 2772 talos,
1752 2704 1787 2760 ut
1804 2695 2036 2783 praediximus,

414 2799 454 2863 ad
480 2800 612 2864 mallum
629 2799 746 2864 adduci
769 2821 833 2864 non
851 2800 1026 2885 potuerint,
1053 2801 1084 2864 in
1105 2800 1297 2865 l'orbannum
1315 2802 1493 2880 mittantur,
1517 2806 1551 2864 ct
1574 2799 1614 2863 de
1638 2800 1690 2864 his
1714 2800 1805 2864 missi
1823 2801 1874 2864 vel
1890 2800 2035 2878 comites,

415 2904 500 2967 sicut
524 2925 622 2989 supra
644 2895 829 2983 diximus'l,
854 2905 993 2976 laciant;
1018 2904 1113 2969 etde
1138 2904 1212 2984 illis,
1237 2905 1290 2990 qui
1316 2905 1398 2969 tales
1422 2905 1622 2989 receperint,
1652 2904 1735 2968 sicut
1758 2905 2037 2990 praescripsimus,

417 3006 481 3070 fiat.
528 2997 598 3070 Sili
620 3012 729 3069 autem
752 3008 915 3071 fiscalinus
940 3015 1051 3071 noster
1073 3008 1119 3070 ita
1142 3008 1270 3071 infamis
1295 3009 1325 3072 in
1349 3008 1464 3072 fiscum
1489 3014 1633 3072 nostrum
1658 3009 1841 3092 confugerit
1865 3009 1915 3072 vel
1942 3010 2032 3073 colo-

417 3132 477 3174 nus
500 3110 541 3174 de
565 3110 768 3174 immunitate
791 3111 823 3174 in
847 3111 1085 3176 immunitatem
1110 3111 1306 3196 confugerit,
1340 3111 1473 3175 mandet
1504 3133 1610 3175 comes
1638 3111 1737 3176 iudici
1766 3119 1876 3176 nostro
1900 3113 1952 3178 vel
1976 3112 2034 3176 ad·
2055 3133 2079 3172 aa

417 3221 529 3278 vocato
558 3214 789 3299 cuiuscumque
818 3237 913 3280 casae
946 3215 1024 3296 Dei,
1055 3222 1090 3278 ut
1120 3216 1219 3278 talem
1253 3215 1405 3280 infamem
1435 3215 1466 3277 in
1498 3214 1592 3278 mallo
1617 3237 1675 3279 suo
1699 3223 1908 3302 praesentet.
1944 3216 2036 3281 Etsi

417 3317 514 3380 talem
544 3319 813 3402 praesentaverit,
842 3319 868 3381 si
898 3319 1015 3404 aliquis
1048 3341 1122 3383 oum
1152 3320 1363 3406 comprobare
1392 3320 1548 3397 volucrit,
1576 3321 1689 3395 laciat3
1723 3321 1805 3384 etsi
1830 3322 1937 3385 nullus
1962 3343 2036 3385 cum

417 3422 627 3507 comprobare
652 3423 801 3500 voluerit,
826 3429 932 3487 tamen
957 3445 1048 3488 suam
1073 3426 1239 3488 inl'amiam
1263 3424 1303 3488 ad
1322 3424 1383 3489 Dei
1409 3423 1562 3488 iudicium
1587 3432 1715 3510 purget,
1739 3433 1772 3489 ct
1794 3447 1855 3511 per
1878 3424 1957 3489 illud
1973 3425 2037 3490 Dci

417 3523 570 3588 iudicium
594 3533 649 3588 aut
673 3525 829 3591 liberetur
852 3535 908 3591 aut
931 3529 1173 3597 condemnetur.
1225 3529 1260 3593 Si
1294 3536 1403 3594 autern
1434 3529 1534 3594 iudex
1565 3534 1675 3593 noster
1704 3531 1755 3593 vcl
1787 3530 1966 3594 advocatus
1998 3530 2038 3596 de

416 3649 492 3691 casa
516 3627 578 3692 Dei
601 3630 814 3694 commonitus
839 3633 936 3695 talem
961 3632 1188 3718 blasphemum
1213 3634 1322 3697 comiti
1347 3633 1378 3697 in
1403 3634 1500 3696 mallo
1525 3654 1583 3697 suo
1607 3655 1671 3698 non
1689 3635 1957 3719 praesentaverit,
1980 3635 2037 3698 liat
2056 3652 2083 3690 ³⁰

416 3731 492 3795 inde
523 3731 701 3796 seeundum
734 3734 913 3818 capitulare
944 3735 1017 3799 libri
1047 3737 1132 3800 tertii
1163 3738 1305 3823 capitulo
1338 3729 1517 3804 XXVI⁰¹⁰.
1572 3736 1614 3800 Et
1644 3737 1670 3800 si
1696 3759 1809 3802 servus
1833 3738 1969 3802 alicuius
1994 3738 2040 3803 ita

417 3836 577 3899 clamosus
600 3841 660 3912 est,
685 3857 794 3900 comes
818 3837 982 3902 dominum
1007 3841 1090 3904 servi
1114 3850 1326 3919 commoneat,
1350 3848 1386 3903 ut
1402 3863 1475 3905 cunr
1501 3842 1533 3904 in
1550 3841 1648 3905 mallo
1665 3847 1861 3926 praesentet,
1885 3848 1919 3906 et
1943 3864 2037 3928 prae-

417 3939 597 4004 sentatums
624 3941 650 4002 si
685 3940 800 4026 aliquis
833 3943 1044 4028 comprobare
1075 3945 1227 4023 voluerit,
1266 3946 1380 4014 faeiat:
1418 3937 1497 4010 repar
1527 3947 1555 4010 si
1588 3945 1696 4008 nullus
1725 3967 1798 4009 eum
1826 3947 2039 4031 comprobare

418 4043 565 4121 voluerit,
594 4042 634 4106 ad
659 4041 720 4106 Dci
743 4044 897 4108 iudicium
931 4045 1097 4131 praedicto
1125 4047 1221 4112 modo
1252 4071 1286 4112 sc
1317 4049 1497 4124 examinet,
1529 4055 1563 4114 et
1591 4070 1649 4134 pcr·
1679 4049 1758 4113 illud
1790 4049 1854 4114 Dei
1885 4049 2038 4114 iudicium

416 4155 473 4211 aut
495 4147 651 4211 liberetur
673 4154 730 4211 aut
753 4146 1009 4213 condemnetur.’
1057 4150 1091 4214 Si
1107 4159 1215 4216 autem
1233 4152 1381 4216 dominus
1406 4153 1491 4217 servi
1508 4153 1647 4217 eundem
1664 4175 1793 4217 servum
1809 4175 1903 4218 suum
1927 4153 2037 4218 comiti
2057 4168 2082 4208 ³⁵

418 4251 449 4313 in
466 4249 563 4315 mallo
580 4259 789 4336 praesentare
803 4251 955 4332 noluerit,
971 4254 1029 4318 liat
1044 4252 1120 4319 inde
1136 4255 1313 4320 secundum
1327 4256 1507 4342 capitulare
1525 4256 1598 4320 libri
1611 4255 1698 4321 tertii
1711 4255 1854 4343 capitulo
1868 4255 1994 4320 xnvlv
2003 4251 2038 4323 ¹⁸.

524 4359 553 4417 4.
588 4353 727 4420 Deillis
752 4355 947 4436 hominibus,
972 4359 1123 4443 quicum
1153 4353 1407 4424 Οειτίοιηειηηο19
1431 4360 1615 4446 praeteritis
1648 4361 1740 4424 annis
1771 4367 1862 4426 tanta
1894 4362 1980 4426 mala
2008 4368 2041 4426 et

417 4464 508 4520 tanta
531 4459 655 4523 scelera
679 4460 711 4522 in
733 4481 835 4544 regno
859 4468 970 4525 nostro
994 4462 1156 4542 fecerunt,
1188 4465 1272 4528 siout
1301 4473 1377 4528 tunc
1401 4475 1434 4530 et
1458 4464 1567 4530 verbis
1591 4472 1624 4528 ot
1647 4463 1776 4549 scriptis
1801 4464 2038 4552 praecepimus,

416 4561 463 4624 ita
487 4563 621 4627 comites
645 4569 678 4628 ct
701 4562 790 4628 missi
814 4565 914 4628 nostri
939 4573 1145 4651 exequantur
1169 4568 1201 4631 in
1225 4589 1296 4646 eos,
1333 4569 1365 4632 in
1398 4568 1513 4653 quibus
1542 4575 1654 4632 nostra
1685 4567 1801 4646 iussio,
1832 4590 1929 4654 quarn
1960 4591 2039 4634 con-

418 4664 491 4727 silio
515 4664 656 4729 fidelium
680 4675 865 4732 nostrorum
888 4668 1056 4747 iussimus,
1081 4676 1220 4734 executa
1244 4692 1306 4734 uon
1331 4677 1396 4744 cst;
1421 4671 1452 4735 id
1477 4678 1542 4749 cst,
1572 4677 1608 4734 ut
1630 4671 1821 4736 fidelitatem
1847 4672 1940 4738 nobis
1964 4695 2038 4760 pro·
2058 4691 2084 4730 4⁰

420 4769 557 4845 mittant,
581 4769 664 4832 sicut
688 4777 763 4835 tune
788 4764 1017 4836 scarivimus-’⁰
1040 4779 1072 4836 ct
1100 4774 1253 4858 scriptam
1284 4774 1456 4839 comitibus
1485 4775 1605 4838 nostris
1636 4773 1794 4839 dedimus.
1838 4775 1882 4840 at
1906 4778 1956 4841 cui
1980 4778 2040 4842 ali-

521 4943 812 5010 dlitacodrlprolrlll.
870 4945 1361 5012 alcstaradcsunt‘l,coriasirreliqais.
1423 4950 1447 5012 s)
1463 4947 1712 5002 Tcrurirrcrrtur3.4.
1771 4947 2041 5017 glilal.pr·ollblV.

524 5099 566 5168 10)
586 5097 682 5168 Arcaep.
697 5099 748 5168 IV,
773 5115 794 5153 c.
807 5101 850 5166 24,
873 5101 922 5153 l.c.
937 5119 966 5167 p.
979 5099 1045 5155 440:
1072 5101 1107 5154 llt
1128 5101 1150 5154 si
1175 5103 1344 5169 postauam
1369 5104 1397 5155 et
1420 5102 1537 5156 alteram
1561 5101 1671 5157 comitis
1694 5102 1914 5158 admonitionem
1937 5103 2041 5172 aliquis

418 5203 453 5254 acl
473 5202 587 5255 mallum
607 5202 700 5257 venire
718 5201 853 5267 noluerit,
880 5203 961 5257 rebus
979 5203 1038 5258 eius
1058 5203 1086 5257 in
1105 5204 1229 5258 bannum
1249 5204 1339 5258 missis
1357 5205 1451 5259 venire
1470 5209 1499 5259 ct
1517 5206 1655 5261 iustitiam
1675 5207 1765 5261 facere
1784 5206 1972 5277 conpellatur;
1991 5209 2040 5274 cfr.

425 5306 520 5373 Waltz,
534 5306 591 5362 VG.
604 5308 625 5360 1
629 5307 674 5374 γ’,
689 5325 716 5376 p.
729 5309 788 5375 385,
808 5313 860 5361 not.
874 5309 898 5362 3.
997 5309 1038 5377 11)
1059 5308 1114 5374 Ofr.
1135 5309 1200 5378 Gap.
1220 5307 1313 5368 Silruc,
1326 5311 1390 5374 853,
1413 5316 1612 5364 sacamentum
1631 5311 1818 5377 brancor-am,
1835 5327 1920 5380 cupra
1936 5328 1963 5380 p.
1981 5313 2041 5366 374,
2060 5323 2085 5362 rs

421 5414 461 5478 1⁶2)
481 5414 575 5480 ΑΜ.
590 5412 646 5476 ΙΙΙ,
664 5429 684 5464 c.
697 5413 739 5477 bl,
758 5411 773 5464 l.
786 5429 807 5469 c,
823 5428 851 5479 p.
864 5411 923 5464 431.
997 5411 1037 5476 13)
1058 5410 1305 5480 Srcpralia.lsqq.
1379 5413 1420 5476 14)
1441 5413 1509 5482 cop.
1530 5415 1587 5468 12.
1661 5417 1702 5482 15)
1723 5414 2039 5482 damascenam,

417 5532 504 5584 supro
517 5533 545 5584 p.
560 5516 619 5581 273,
637 5531 658 5569 c.
672 5515 695 5568 3.
786 5516 826 5581 16)
846 5515 943 5583 Acsep.
958 5513 1019 5580 ΙΙΙ,
1039 5529 1060 5566 c.
1073 5515 1115 5579 36,
1133 5514 1150 5567 l.
1162 5529 1183 5566 c.
1197 5530 1228 5582 p.
1241 5514 1301 5568 438.
1396 5516 1437 5579 17)
1458 5513 1550 5584 Supra
1567 5516 1718 5586 liat'lqu.
1814 5518 1854 5584 18)
1874 5517 2039 5586 Ancelel,

418 5636 440 5674 c.
453 5622 496 5688 44,
515 5621 532 5674 1.
544 5637 564 5675 c.
579 5637 607 5689 p.
621 5619 681 5676 430.
770 5621 812 5686 19)
833 5618 887 5685 Gfr.
900 5618 1044 5684 Drtnvmlcr,
1065 5617 1204 5684 Ostsrdalc.
1226 5617 1374 5685 11433111,
1389 5637 1418 5686 p.
1432 5620 1526 5688 salso.
1618 5623 1663 5689 30)
1683 5621 1751 5675 lc:
1771 5621 1963 5691 ordinavimus,
1981 5640 2043 5678 coa·

417 5724 567 5792 asaiam
585 5727 636 5791 cfr.
655 5724 762 5792 Sclmdc,
782 5722 853 5778 Alsa.
872 5722 936 5778 WB.
951 5724 1008 5790 11²,
1026 5739 1047 5777 s.
1061 5739 1082 5776 c.
1101 5721 1227 5791 scemam
1245 5723 1317 5789 Dies,
1336 5722 1427 5793 Etym.
1448 5723 1513 5776 WB
1535 5722 1560 5779 d.
1579 5739 1644 5778 roro.
1664 5725 1762 5792 Spal.
1780 5742 1800 5778 a.
1813 5743 1835 5779 c.
1853 5726 1963 5782 sclvioea.
