4590 6420
401 455 668 512 sunlrnnunrn
688 457 735 511 AD
754 457 870 512 CAPIT.
889 457 969 512 Rue.
989 456 1174 513 enthelen
1193 457 1656 529 occruhNT.(KAR01.111).-
1673 459 1794 514 115293.
1844 462 1905 524 393

385 637 436 698 17.
471 631 643 707 Quomodo
682 631 916 719 providendum
953 633 996 697 sit
1035 633 1139 698 eccle·
1237 632 1400 697 1155555
1424 632 1553 698 vivente
1576 633 1729 719 episcopo
1752 655 1805 698 rea
1830 642 1984 699 5555815.

516 738 595 819 5155,
618 737 710 801 55155
727 737 900 824 551555555
916 738 1062 802 infirmus
1080 743 1140 801 est.

387 846 438 908 48.
473 841 520 907 Ut
549 839 735 928 presbyteri
767 849 908 928 excepta
937 840 1140 927 aegritudine

516 967 582 1012 non
601 943 767 1031 baptizent
790 952 884 1012 extra
906 946 980 1010 loca
1003 951 1037 1011 et
1059 951 1140 1011 tem·

517 1071 598 1137 pora
620 1049 804 1114 constituta.

1281 735 1424 800 invadat.

1239 840 1303 906 Ubi
1326 838 1490 927 presbiter
1512 839 1678 927 baptizare
1702 840 1831 906 debeat.

387 1159 440 1218 re.
474 1153 520 1218 Ut
542 1154 618 1219 laici
633 1152 845 1240 presbyteros
861 1174 937 1218 suos
954 1154 1144 1219 villicationi
1238 1151 1285 1217 Ut
1309 1149 1443 1238 [nulllus
1466 1151 1570 1217 laicus
1585 1152 1784 1238 presbiteros
1801 1155 1908 1218 aecle-

520 1263 553 1322 et
577 1257 648 1322 aliis
666 1256 890 1322 saecularibus
915 1257 1056 1343 negotiis
1080 1279 1142 1322 555

518 1361 685 1448 implicent
708 1382 768 1427 nee
791 1361 947 1425 aliorsum
970 1360 1100 1429 ducant.

388 1469 439 1532 511.
474 1466 520 1530 115
550 1466 658 1531 5155151
690 1465 825 1530 51555155
861 1465 1037 1551 parochiae
1074 1466 1144 1530 sine

519 1571 657 1635 formata
679 1590 745 1633 non
761 1569 959 1655 recipiantur
982 1575 1015 1634 et
1037 1571 1145 1635 orimi-

519 1675 587 1739 nati
610 1674 651 1740 ab
676 1674 828 1738 omnibus
853 1672 1078 1739 excludantur.

389 1783 441 1842 51.
475 1776 521 1843 Ut
543 1778 668 1858 elerici,
697 1777 847 1863 quicum
871 1778 1055 1843 senioribus
1079 1780 1147 1842 suis

520 1902 562 1946 ex
592 1881 664 1946 aliis
695 1881 871 1967 provinciis
902 1882 1050 1963 veniunt,
1082 1904 1146 1947 non

520 1985 704 2050 ministrent
747 2006 808 2050 nec
848 1985 1037 2051 ordinentur
1076 1986 1146 2052 sine

521 2089 638 2153 litteris
662 2089 809 2175 episcopi
831 2091 891 2155 551.

389 2198 440 2258 52.
476 2191 522 2257 Ut
553 2192 661 2258 nullus
691 2192 875 2273 ordinetur,
904 2195 967 2275 nisi
996 2200 1085 2260 certo
1113 2194 1146 2258 15

519 2297 606 2361 51555
640 2317 700 2382 555
732 2297 808 2361 5551
841 2297 982 2385 5555155
1011 2319 1144 2362 555555-

522 2401 682 2466 55515555
706 2421 800 2466 5555
821 2400 977 2488 probarit.

390 2613 442 2674 53.
476 2608 528 2672 De
553 2608 781 2673 canonicorum
804 2609 985 2673 incivitate
1002 2611 1054 2674 vel
1077 2632 1143 2675 mo-

520 2712 673 2776 nasteriis
697 2718 830 2777 oura'et
852 2712 1032 2798 disciplina.

390 2819 441 2880 51.
476 2816 521 2880 115
548 2816 658 2881 5155155
687 2816 868 2882 cardinales
896 2817 929 2880 in
955 2817 1091 2883 urbibus
1115 2825 1148 2882 et

521 2919 685 2985 suburbiis
709 2920 905 2986 constitutos
920 2922 1066 3008 episcopi
1088 2943 1146 3008 pe·

523 3024 609 3088 nitus
633 3023 784 3088 ordinent
807 3031 841 3090 55
862 3024 1044 3111 disponant.

393 3131 444 3192 55.
480 3126 526 3192 115
560 3128 704 3214 episcopi
740 3149 857 3193 usuras
895 3132 1024 3196 omnino
1058 3152 1145 3195 com-

523 3252 658 3319 pescere
681 3231 844 3297 studeant.

390 3443 441 3505 56.
477 3438 522 3503 115
537 3442 709 3526 551555555
725 3440 794 3504 5155
808 3445 899 3506 55555
911 3462 1011 3508 55555
1023 3443 1147 3507 551155

522 3543 783 3610 excommunicet
805 3567 865 3610 nec
889 3544 1062 3610 anathema
1085 3547 1146 3611 im·

522 3653 622 3734 ponat
645 3648 715 3713 sine
744 3649 980 3736 archiepiscopi
1003 3655 1036 3714 55
1059 3670 1146 3714 com-

521 3752 768 3838 provincialium
806 3753 1033 3839 episeoporum
1068 3775 1144 3820 con·

521 3877 629 3921 sensu.

389 3974 440 4035 57.
474 3969 521 4034 Ut
543 3968 696 4033 monachi
720 3969 876 4056 palatium
908 3969 977 4034 sine
1002 3970 1146 4057 episcopi

521 4073 714 4138 auctoritate
748 4094 811 4137 non
841 4072 962 4138 adeant
996 4095 1057 4139 nee
1090 4097 1145 4140 va-

524 4185 643 4264 gentur
672 4198 732 4242 nee
760 4176 1010 4243 villicationibus
1042 4179 1145 4246 inser-

521 4283 620 4346 viant.

391 4397 443 4460 58.
477 4393 523 4458 Ut
545 4393 719 4458 canonicos
736 4393 804 4459 sine
821 4395 965 4481 episcopi
982 4416 1144 4461 consensu

522 4498 555 4562 iu
579 4497 746 4563 servitium
774 4518 868 4562 suurn
891 4520 951 4564 rex
974 4520 1039 4563 non
1062 4500 1146 4564 reci-

521 4603 601 4688 piat.

392 4720 443 4782 59.
478 4714 523 4779 Ut
552 4713 731 4779 monachus
768 4713 809 4779 de
842 4715 1041 4780 monasterio
1076 4715 1147 4781 sine

523 4819 669 4905 episcopi
692 4818 841 4882 consultu
865 4839 929 4883 non
953 4819 1101 4885 eiciatur.

391 5041 442 5102 66.
477 5036 536 5118 115,
574 5035 628 5122 qui
664 5054 757 5099 saera
789 5035 861 5100 loca
896 5035 1076 5122 infringunt
1116 5043 1150 5102 et

522 5138 731 5226 praedantur,
744 5144 910 5225 tamquam
923 5140 1073 5226 sacrilegi
1087 5162 1146 5227 pu·

523 5245 662 5310 niantur.

1282 1255 1403 1320 siarum
1420 1276 1552 1320 auarum
1568 1256 1741 1322 inhoneste
1756 1259 1909 1344 negocia·

1284 1358 1380 1424 tioni¹
1402 1359 1555 1445 implicet.

1241 1463 1286 1528 Ut
1309 1462 1474 1550 presbiter
1496 1465 1547 1530 vel
1563 1465 1701 1531 clericus
1724 1466 1757 1530 15
1774 1466 1909 1531 51555155

1284 1568 1459 1654 paroechia
1486 1569 1556 1634 sine
1579 1568 1717 1634 formata
1739 1590 1803 1634 non
1828 1571 1909 1636 reci-

1285 1674 1404 1758 piatur.

1242 1775 1301 1856 Ut,
1335 1776 1410 1862 qui*
1442 1775 1535 1842 oum¹¹
1563 1775 1746 1842 senioribus
1773 1779 1841 1840 suis
1869 1775 1910 1840 de

1285 1880 1358 1944 aliis
1374 1881 1549 1966 provinciis
1565 1880 1605 1944 ad
1622 1881 1702 1944 alias
1718 1879 1911 1965 paroechias

1285 1983 1418 2047 veniant
1446 1983 1515 2048 sine
1545 1984 1697 2062 formata,
1726 1984 1910 2050 ministrare

1285 2108 1350 2151 nou
1372 2087 1611 2173 permittantur.

1242 2191 1303 2272 Ut,
1337 2191 1392 2277 qui
1424 2212 1466 2256 ex
1497 2191 1615 2256 nostris
1642 2192 1827 2278 paroechiis
1855 2199 1912 2256 555

1287 2293 1373 2382 [adq
1399 2294 1537 2380 tytulum
1562 2292 1661 2382 [ouer]
1687 2297 1909 2361 5555155555-

1285 2399 1390 2463 dinari
1413 2405 1585 2484 petuntur,
1613 2399 1800 2465 nullatenus
1824 2399 1910 2464 ordi-

1287 2508 1414 2569 nentur.

1243 2609 1288 2673 Ut
1315 2607 1464 2672 canonici
1491 2608 1523 2670 iu
1560 2607 1690 2671 civitate
1719 2605 1771 2669 vel
1799 2627 1910 2671 mona·

1288 2711 1397 2776 storiis
1420 2711 1453 2775 in
1475 2711 1664 2775 dormitorio
1687 2708 1859 2774 dormiant.

1245 2815 1297 2882 De
1321 2816 1432 2902 tytulis
1455 2815 1488 2879 15
1511 2814 1646 2878 urbibus
1664 2815 1716 2880 vel
1738 2814 1911 2879 suburbiis.

1246 3127 1290 3192 Ut
1319 3127 1464 3213 episcopi
1493 3149 1527 3191 se
1552 3127 1640 3212 ipsos
1670 3134 1726 3190 555
1749 3128 1913 3192 ministros

1289 3252 1366 3295 suos
1408 3229 1550 3295 maxime
1591 3230 1835 3296 aeclesiasticos
1872 3231 1913 3296 ab

1288 3357 1389 3400 usura
1412 3340 1621 3423 coupeseant.

1246 3441 1291 3506 Ut
1302 3461 1399 3506 nemo
1412 3441 1638 3526 episcoporum
1651 3439 1831 3526 quemlibet
1842 3441 1913 3504 sine

1288 3549 1379 3610 certa
1408 3564 1509 3609 eausa
1537 3545 1663 3630 peceati
1686 3543 1913 3609 communione

1287 3647 1401 3735 privet.

1244 3967 1290 4032 Ut
1311 3966 1473 4047 monaehi,
1498 3967 1617 4053 quibus
1641 3966 1913 4032 monasteriorum

1288 4093 1366 4136 eura
1388 4071 1562 4135 commissa
1584 4093 1649 4136 non
1673 4078 1733 4150 555,
1758 4071 1914 4158 55155155

1288 4176 1357 4240 5155
1381 4176 1576 4240 55555515555
1600 4197 1661 4240 555
1687 4175 1816 4240 adeant.

1245 4393 1290 4458 Ut
1313 4392 1461 4457 55555151
1491 4393 1524 4456 15
1548 4393 1732 4478 paroechiis
1755 4395 1914 4459 tonsorati

1288 4499 1342 4562 vel
1358 4496 1498 4562 ordinati
1513 4496 1584 4561 sine
1599 4497 1793 4562 auctoritate
1806 4518 1825 4562 5
1839 4519 1915 4583 rege

1289 4621 1354 4666 non
1377 4600 1586 4687 recipiantur.

1246 4712 1292 4777 Ut
1325 4714 1503 4778 monachus
1538 4712 1578 4778 de
1613 4715 1809 4780 monasterio
1844 4715 1915 4780 sine

1289 4818 1440 4883 consultu
1472 4817 1526 4882 vel
1564 4819 1737 4904 presencia
1771 4819 1915 4906 episcopi

1288 4942 1354 4986 non
1377 4922 1522 4987 eiciatur.

1244 5033 1296 5099 De
1328 5035 1601 5099 monasteriorum
1630 5040 1728 5120 atque
1762 5035 1915 5101 sacerdo-

1288 5146 1357 5204 tum
1380 5139 1526 5203 locorum
1549 5137 1601 5204 vel
1630 5139 1841 5204 aeclesiarum
1865 5140 1915 5204 in·

1287 5241 1493 5310 tractoribus.

390 5361 442 5423 61.
477 5357 1147 5444 Utpervasoresrerumecclesiasticarum
1243 5355 1294 5422 De
1311 5355 1541 5442 pervasoribus
1559 5353 1916 5422 aeclesiarum¹rerum

521 5459 673 5546 publicae
696 5461 919 5548 poenitentiae
938 5461 1147 5527 subiciantur.

393 5663 412 5728 i)
430 5661 607 5730 negociatione
626 5660 649 5714 l.
754 5660 783 5728 lr)
802 5665 957 5730 quicumque
977 5661 1000 5716 1.
1103 5661 1569 5731 1)1551,5555551551555155555;
1597 5661 1646 5726 afr.
1671 5657 1850 5727 15555561,
1875 5661 1919 5712 ubi

290 5749 345 5802 eod.
365 5747 388 5800 1.
405 5750 465 5802 item
481 5749 645 5801 eeclesiarum
662 5749 768 5814 practer
781 5768 833 5818 pro
852 5751 1089 5804 ecclesiasticarum.

396 5859 437 5896 hl..
452 5857 619 5896 carnuntum
638 5858 662 5894 ll.

1681 5839 1716 5892 bd
