4634 6436
432 459 473 522 66
818 448 1484 519 555155555151555155(5150555511).
1503 479 1535 489 -
1554 449 1603 504 Nr.
1616 447 1676 502 203.

354 636 414 690 846.
434 627 691 708 christianitatis,
715 625 893 690 infidelium
917 625 1067 689 manibus
1091 624 1276 689 traderetur
1299 628 1332 687 et
1355 644 1412 709 per
1435 643 1548 686 omnes
1572 623 1652 686 fines
1676 622 1770 707 regni
1785 621 1888 685 nostri
1904 621 2058 685 fratrum-

434 753 497 818 que
519 737 704 795 nostrorum
722 748 922 814 paganorum
943 729 1086 815 populus
1109 729 1304 814 prevaleret.
1340 725 1465 791 Idcirco
1485 727 1707 791 necessarium
1723 725 1819 789 valde
1836 723 2059 807 iudicavimus,

433 841 470 898 ut
494 834 613 914 omnia,
637 832 803 918 inquibus
827 831 969 895 maxime
985 831 1094 896 Deum
1117 853 1137 895 a
1160 831 1253 895 nohis
1278 829 1439 894 offensum
1464 849 1536 894 esse
1561 829 1797 913 cognoscimus,
1820 827 1941 914 ipsiusb
1965 829 2058 892 adiu-

434 943 531 1002 vante
555 935 778 1002 misericordia
801 934 1011 1018 corrigamus,
1035 941 1068 999 et
1091 940 1126 998 ut
1149 954 1208 1020 per
1231 932 1487 998 satisfactionem
1512 953 1691 1017 congruam
1708 931 1851 996 divinam
1869 931 2059 998 studeamus

434 1042 565 1127 placare
589 1040 762 1120 iusticiam,
786 1039 948 1123 quatinus,
973 1058 1068 1122 quem
1092 1039 1210 1102 iratum
1235 1037 1407 1115 sensimus,
1432 1038 1596 1123 placatum
1620 1036 1743 1100 habere
1766 1035 1937 1121 possimus.
2089 1061 2101 1099 5

537 1162 571 1236 ,3.
605 1159 678 1225 Η55
702 1159 742 1224 de
767 1179 867 1224 causa
881 1159 1029 1224 volumus
1046 1166 1079 1223 et
1094 1161 1224 1224 omnino
1240 1160 1463 1245 proponimus,
1486 1165 1532 1238 ut,
1556 1155 1709 1243 quicquid
1724 1156 1758 1219 in
1774 1155 1922 1220 ecclesiis
1938 1155 2060 1221 Christi

433 1263 576 1348 locisque
607 1263 744 1326 sacratis
772 1283 830 1348 per
858 1263 1100 1346 neglegentiam
1128 1262 1299 1348 hucusque
1329 1263 1425 1327 aliter
1452 1262 1530 1342 fuit,
1562 1281 1658 1345 quam
1683 1259 1812 1340 debuit,
1846 1259 2060 1344 inquantum

434 1365 566 1430 adiuvat
589 1385 732 1451 superna
754 1365 872 1451 piatas,
896 1366 1099 1432 emendetur.

544 1490 572 1548 4.
607 1485 651 1550 Et
678 1486 824 1572 inprimis
852 1487 1017 1565 monachi,
1047 1489 1103 1573 qui
1126 1487 1272 1552 ordinem
1297 1508 1390 1551 suum
1414 1507 1473 1572 per
1496 1484 1655 1551 desidiam
1685 1491 1741 1550 aut
1764 1483 1977 1570 cupiditatem
2001 1505 2060 1549 seu

434 1591 615 1655 secularem
648 1589 824 1653 ambitum⁰
847 1584 1091 1672 deseruerunt1,
1122 1591 1278 1656 admoniti
1309 1592 1350 1655 ab
1377 1590 1540 1676 episcopis
1569 1595 1601 1653 et
1629 1588 1803 1653 abbatibus
1832 1587 2060 1663 emendentur;
2080 1613 2104 1652 ιο

434 1694 549 1779 quodsi
579 1693 691 1757 audire
715 1695 987 1779 contempserint,
1019 1696 1166 1760 severius
1190 1695 1329 1759 districti
1353 1715 1447 1759 suum
1471 1694 1616 1758 ordinem
1639 1699 1789 1777 repetere
1813 1692 2060 1778 compellantur,

434 1795 497 1870 Qui
521 1817 599 1861 vero
630 1818 690 1882 per
718 1796 862 1882 inopiam
891 1818 910 1860 a
939 1819 998 1862 suo
1020 1799 1188 1884 proposito
1212 1796 1438 1878 deviaverunt,
1468 1797 1496 1860 si
1519 1797 1591 1882 ipsa
1614 1796 1725 1881 inopia
1747 1816 1807 1881 per
1829 1793 2059 1859 necessitatem

433 1898 640 1985 generalemd
664 1900 816 1984 contigit,
845 1908 941 1986 prout
968 1906 1078 1987 potest
1104 1901 1190 1979 fieri,
1222 1900 1431 1979 emendetur,
1460 1899 1563 1964 donec
1591 1901 1750 1984 largiente
1773 1898 1914 1963 Domino
1942 1897 2065 1962 melius

433 2009 531 2087 atque
555 2001 734 2088 perfectius
758 2003 858 2067 talem
880 2003 1024 2090 inopiam
1049 2003 1222 2068 emendare
1246 2004 1425 2089 possimus;
1454 2003 1581 2067 sivero
1605 2023 1664 2089 per
1687 2001 1843 2066 duriciam
1865 2007 1923 2065 aut
1945 2001 2058 2086 negle-

433 2106 578 2192 gentiam
601 2104 822 2191 praelatorum
845 2107 969 2187 evenit,
998 2107 1135 2192 praelati
1159 2107 1221 2192 ipsi
1244 2105 1420 2191 diligenter
1443 2104 1601 2169 admoniti
1625 2106 1651 2169 si
1675 2103 1935 2186 emendaverint,
1959 2104 2059 2178 bene;
2078 2131 2103 2170 rs

434 2209 463 2273 si
491 2208 667 2274 emendare
695 2208 876 2289 noluerint,
906 2210 947 2273 ab
970 2211 1043 2296 ipsa
1065 2210 1268 2296 praelatione
1293 2216 1532 2276 removeantur.
1578 2209 1735 2275 Similiter
1761 2217 1794 2274 et
1820 2210 1854 2274 in
1878 2209 2060 2273 canonicis⁰

435 2319 534 2398 atque
557 2313 861 2378 sanctimonialibus
885 2314 1128 2378 observandum
1152 2336 1226 2379 esse
1251 2315 1424 2379 sancimus.

542 2437 572 2498 5.
607 2431 692 2506 Quia
730 2434 763 2497 in
798 2433 1053 2500 dehonoratione
1089 2442 1275 2501 sanctorum
1309 2437 1454 2501 locorum
1488 2435 1595 2500 Deum
1633 2434 1821 2519 frequenter
1854 2434 2060 2514 offendimus,

434 2539 583 2602 volumus
608 2545 706 2622 atque
730 2538 914 2617 statuimus,
944 2544 995 2618 ut,
1025 2539 1179 2624 quioquid
1202 2539 1242 2604 ab
1267 2540 1415 2605 ecclesiis
1439 2539 1561 2604 Christi
1583 2538 1703 2603 iniuste
1728 2544 1762 2602 et
1785 2538 2061 2604 inracionabiliter

433 2648 542 2706 nostro
573 2641 728 2729 tempore
751 2641 895 2706 ablatum
926 2663 1000 2707 esse
1028 2643 1244 2728 cognoscitur,
1274 2643 1433 2729 pristinae
1460 2642 1617 2729 potestati
1644 2642 1843 2728 competenti
1871 2640 1983 2707 ordine
2007 2663 2059 2707 re·
2078 2666 2104 2705 sc

434 2747 598 2812 stituatur.

542 2852 571 2914 6.
607 2849 768 2914 Volumus
803 2849 907 2914 eciam
942 2854 975 2912 et
1009 2847 1259 2934 diligentissime
1295 2848 1514 2936 praecipimus
1550 2849 1808 2926 observandum,
1845 2857 1881 2913 ut
1914 2848 2061 2934 episcopi

434 2953 554 3040 singuli
584 2953 618 3016 in
647 2951 715 3016 suis
745 2951 946 3036 parroechiis
973 2951 1151 3036 diligenter
1178 2953 1367 3017 examinent
1401 2959 1434 3018 et
1462 2952 1598 3018 sollicite
1626 2954 1843 3038 investigent,
1877 2953 2061 3039 quicunque

432 3058 572 3144 publicis
596 3057 660 3120 sint
682 3055 803 3120 inretiti
825 3055 971 3140 flagitiis,
997 3054 1058 3118 hoc
1083 3060 1135 3119 est
1156 3055 1316 3135 incestos,
1340 3055 1514 3137 adulteros,
1539 3057 1834 3121 sanctimonialium
1857 3061 2060 3141 stupratores

433 3164 487 3228 vel
510 3163 565 3248 qui
589 3183 645 3226 eas
669 3161 773 3225 eciam
796 3159 829 3223 in
853 3159 1037 3244 coniugium
1061 3167 1276 3244 acceperunt,
1299 3159 1497 3242 homicidas,
1525 3161 1721 3247 sacrilegos,
1748 3161 1927 3225 alienarum
1950 3178 2059 3223 rerum
2078 3182 2103 3223 55

433 3287 627 3353 pervasores
656 3270 754 3350 atque
782 3263 980 3350 praedonem
1007 3268 1042 3327 ct
1065 3261 1126 3327 hoc
1148 3284 1208 3349 per
1230 3285 1326 3329 omne
1350 3286 1488 3350 regnum
1511 3271 1656 3330 nostrum
1681 3265 1820 3330 sollicite
1844 3265 2060 3345 examinetur,

433 3378 480 3450 ut,
497 3370 680 3456 quicunque
697 3368 780 3432 tales
796 3367 917 3431 fuerint
932 3367 1066 3447 inventi,
1082 3368 1305 3454 paenitentiae
1321 3368 1453 3454 puplice
1470 3369 1660 3450 subdantur,
1677 3375 1743 3450 aut,
1765 3370 1792 3432 si
1808 3368 1871 3433 hoc
1886 3368 2060 3448 noluerint,

434 3475 474 3540 ab
499 3473 640 3539 ecclesia
662 3476 864 3557 separentur,
888 3469 991 3534 donec
1015 3491 1034 3534 a
1059 3470 1126 3535 suis
1149 3471 1278 3556 flagitiis
1302 3463 1534 3557 corrigantur2.
1582 3472 1738 3538 Similiter
1760 3473 1801 3538 de
1824 3473 1889 3537 illis
1911 3473 1978 3554 fiat,
2005 3472 2061 3556 qui

433 3579 466 3643 iu
490 3576 646 3642 clericatu
669 3574 771 3640 luisse
795 3581 828 3639 et
851 3580 968 3660 postea
991 3594 1116 3638 comam
1140 3575 1204 3638 sibi
1227 3595 1376 3641 crescere
1399 3575 1578 3641 dimississe
1602 3583 1789 3642 noscuntur.

543 3702 572 3762 7.
607 3696 693 3771 Quia
721 3716 780 3782 pro
810 3694 955 3781 peccatis
988 3695 1108 3759 nostris
1137 3702 1170 3758 et
1196 3695 1430 3760 offensionibus
1459 3695 1636 3762 aecclesias
1658 3696 1747 3761 beati
1769 3696 1860 3762 Petri
1889 3697 1951 3762 hoo
1974 3717 2059 3761 anno
2079 3723 2104 3764 55

434 3826 454 3868 a
476 3803 613 3891 paganis
630 3807 758 3866 vastata
781 3805 831 3864 est
855 3803 889 3864 et
911 3789 1068 3885 direpta3,
1093 3799 1181 3862 omni
1204 3798 1365 3865 desiderio
1389 3807 1422 3864 ct
1445 3821 1572 3865 summa
1594 3801 1756 3866 instancia
1778 3800 1946 3867 elaborare
1969 3801 2060 3887 cupi-

434 3929 516 3987 mus,
541 3905 681 3992 qualiter
697 3903 841 3968 ecclesia
861 3908 1065 3967 restauretur
1083 3907 1116 3965 et
1132 3901 1289 3989 deinceps
1310 3901 1351 3966 ad
1368 3922 1441 3967 eam
1457 3924 1658 3989 paganorum
1674 3904 1822 3968 accessio
1837 3903 2061 3991 prohibeatur.

434 4012 550 4096 Itaque
578 4008 784 4073 decernimus
816 4013 848 4070 et
877 4006 939 4071 hoc
962 4005 1153 4092 Apostolico
1183 4027 1242 4090 per
1270 4005 1397 4072 litteras
1425 4014 1553 4071 nostras
1582 4014 1615 4072 et
1643 4008 1759 4072 missos
1785 4007 1994 4088 mandamus,
2025 4015 2062 4070 ut

434 4135 545 4179 murus
567 4112 772 4177 firmissimus
801 4110 888 4174 circa
915 4109 1111 4174 aecclesiam
1135 4111 1223 4175 beati
1247 4111 1337 4175 Petri
1366 4118 1582 4178 construatur.
1628 4111 1682 4176 Ad
1704 4112 1764 4178 hoo
1787 4133 1862 4178 vero
1887 4135 1969 4199 opus
1994 4112 2061 4177 col-

434 4217 589 4282 lationem
617 4215 796 4301 peccuniae
825 4213 980 4278 exomni
1008 4234 1108 4298 regno
1137 4221 1249 4279 nostro
1275 4201 1346 4280 fieri
1370 4216 1536 4294 volumus,
1566 4222 1603 4279 ut
1630 4222 1755 4282 tautum
1780 4237 1878 4303 opus,
1910 4215 1995 4303 quod
2019 4215 2060 4281 ad
2079 4243 2103 4283 55

435 4320 580 4384 omnium
604 4318 743 4404 gloriam
765 4316 918 4403 pertinet,
942 4315 1086 4380 omnium
1109 4316 1255 4382 subsidio
1278 4318 1492 4404 compleatur.

543 4442 572 4505 8.
607 4436 816 4503 admouendi
843 4443 938 4502 crunt
967 4438 1113 4525 episcopi
1143 4460 1203 4524 per
1230 4460 1326 4504 omne
1354 4461 1491 4525 regnum
1516 4439 1626 4505 domni
1651 4441 1860 4528 imperatoris
1883 4442 2061 4524 Hlotharii,

434 4551 471 4609 ut
494 4542 689 4631 praedicent
712 4541 744 4604 in
769 4541 939 4606 aecclesiis
964 4540 1032 4604 suis
1056 4548 1090 4606 et
1114 4541 1303 4606 civitatibus
1328 4543 1405 4624 eis⁸,
1429 4545 1483 4628 qui
1507 4545 1577 4608 sine
1594 4544 1765 4610 beneflciis
1791 4552 1866 4609 sunt
1889 4552 1923 4610 et
1946 4545 2060 4610 alodos

435 4655 532 4734 atque
557 4646 732 4734 peccunias
754 4644 892 4724 habent,
922 4649 1020 4729 atque
1045 4645 1247 4710 cohortando
1271 4653 1304 4709 et
1326 4646 1491 4711 incitando
1514 4647 1684 4727 suadeant,
1709 4655 1744 4712 ut
1768 4649 1852 4714 sicut
1874 4649 1921 4713 illi
1943 4649 2062 4715 facturi

435 4758 528 4833 sunt,
552 4751 607 4837 qui
629 4749 791 4815 beneficia
812 4747 990 4834 possident,
1014 4751 1060 4815 ita
1081 4751 1145 4836 ipsi
1168 4750 1272 4814 eciam
1295 4749 1335 4815 de
1359 4752 1525 4836 peccuniis
1551 4754 1618 4817 suis
1643 4753 1850 4818 collationem
1873 4753 1996 4818 faciant
2018 4753 2060 4818 ad
2077 4783 2103 4822 5

537 4957 566 5023 b)
588 4960 659 5026 ipsus
677 4975 699 5010 5.
794 4953 820 5024 5)
842 4957 959 5008 habitum
977 4959 1032 5009 cod.
1048 4957 1078 5008 Χ
1082 4957 1109 5009 V.
1204 4957 1233 5023 d)
1255 4959 1376 5024 generale
1394 4976 1414 5010 5.
1511 4958 1536 5026 5)
1559 4961 1662 5012 canoois
1680 4979 1701 5012 c.
1797 4962 1821 5030 f)
1845 4963 1968 5015 aecclesie
1985 4961 2059 5014 codd.

433 5045 461 5113 g)
480 5061 524 5097 eos
542 5044 630 5104 codd.,·
653 5052 679 5095 et
696 5059 740 5094 eos
758 5041 882 5094 Macares
900 5051 923 5095 et
940 5043 1062 5105 Blubme,·
1085 5045 1134 5110 cfr.
1153 5044 1229 5096 etiam
1247 5043 1363 5110 Lippert,
1381 5044 1398 5095 l.
1412 5061 1432 5094 c.
1446 5062 1476 5110 p.
1489 5043 1549 5110 535,
1566 5064 1593 5097 a.
1606 5042 1629 5099 7.

539 5227 565 5295 1)
586 5224 640 5295 Osr.
660 5226 725 5295 Gap.
742 5226 813 5280 maha
831 5227 891 5294 832,
910 5241 995 5295 stupra
1007 5243 1037 5294 p.
1050 5227 1093 5294 65,
1112 5242 1133 5281 5.
1149 5227 1189 5282 12.
1275 5229 1302 5297 2)
1322 5229 1379 5296 Ofr.
1399 5228 1553 5299 Hinsdu'as,
1573 5229 1763 5286 Kircbearecbt
1776 5232 1826 5302 IV,
1840 5251 1870 5302 p.
1882 5233 1932 5287 746
1937 5251 1947 5300 ,·
1960 5247 1989 5300 p.
2001 5231 2060 5301 798,

433 5350 461 5388 a.
479 5334 510 5400 6,·
532 5348 561 5401 p.
578 5331 693 5400 830554
716 5349 746 5402 p.
764 5331 829 5399 8423
853 5331 939 5400 Doce,
965 5331 1018 5386 Dia
1037 5330 1128 5397 sudat.
1150 5331 1328 5402 Sesdpars'dstc
1353 5334 1385 5387 in
1404 5333 1535 5388 ‘Zcr'tsrlm
1551 5333 1571 5400 s.
1590 5335 1791 5390 Ktrebcnrscbt'
1814 5341 1874 5392 tom.
1893 5338 1943 5392 IV
1962 5338 2060 5406 (1864),

430 5455 460 5507 p.
478 5437 519 5490 21.
543 5436 611 5506 [Κ]
715 5436 744 5503 3)
765 5433 930 5488 Prudentius
946 5434 978 5487 ia
996 5452 1062 5490 aaa.
1080 5435 1185 5490 Berlin.
1204 5437 1241 5490 ad
1257 5455 1283 5492 a.
1299 5437 1364 5506 846,
1391 5437 1640 5507 55615555534.Ι
1668 5440 1763 5496 Mense
1782 5442 1909 5512 Augusto
1928 5442 2059 5498 Saraceni
2077 5465 2103 5505 55

434 5538 581 5610 Maurique
600 5539 694 5594 Tiberi
713 5539 830 5593 Romam
853 5537 990 5608 adgressi,
1015 5538 1159 5594 basilicam
1182 5539 1259 5595 beati
1281 5541 1357 5595 Petri
1380 5542 1569 5610 apostolorum
1589 5543 1723 5614 principis
1742 5545 1932 5615 devastantes,
1957 5547 2059 5602 ablatis

435 5660 498 5698 cum
510 5642 570 5712 ipso
583 5642 675 5708 altari,
689 5642 764 5712 quod
775 5640 889 5696 tumbae
902 5643 1048 5697 memorati
1061 5644 1252 5712 apostolorum
1265 5643 1399 5715 principis
1412 5646 1617 5715 superpositum
1631 5648 1729 5714 fuerat,
1749 5649 1877 5705 omnibus
1889 5651 2059 5706 ornamentis

435 5747 522 5813 atque
539 5744 686 5811 thesauris,
706 5743 846 5813 quendam
864 5747 987 5800 montem
1005 5747 1119 5801 centum
1137 5746 1172 5800 ab
1192 5745 1266 5802 Urbe
1283 5746 1397 5803 milibus
1416 5748 1634 5804 munitissimum
1653 5757 1799 5824 occupant.
