4634 6436
408 429 448 491 76
844 425 1091 482 corruentem
1109 425 1321 502 HLOTHARII.
1340 455 1373 466 -
1391 425 1440 480 Nr.
1456 425 1516 480 206.
1534 425 1594 481 207.

328 607 389 662 tot.
407 599 452 666 Et
479 601 615 667 comites
642 621 681 666 ac
705 606 831 668 ceteros
859 601 975 668 fideles
1002 607 1132 667 nostros
1161 600 1389 681 admonemus,
1419 604 1456 665 ut
1482 598 1544 685 ipsi
1572 599 1619 664 sic
1646 618 1742 664 suum
1764 616 1838 663 esse
1866 603 1900 663 et
1922 598 2032 662 virere

407 704 573 786 ordinent,
607 705 748 790 qualiter
775 708 910 791 propter
939 706 1067 770 illorum
1098 704 1331 770 necessitatem
1359 703 1459 768 vicini
1489 723 1602 768 eorum
1630 723 1668 766 ac
1697 721 1859 788 pauperes
1885 721 1951 766 non
1975 721 2033 787 op·

406 798 617 894 primantur9.

514 915 545 979 6.
579 912 631 978 De
660 911 832 978 concordia
862 919 895 976 et
920 917 1032 978 mutuo
1059 910 1220 976 adiutorio
1249 910 1395 997 episcopi
1423 915 1456 974 et
1479 909 1605 974 comitis
1632 908 1673 973 ad
1701 908 1843 973 iustitias
1866 906 2035 973 faciendas

407 1021 442 1081 et
465 1015 612 1081 divinum
635 1016 851 1081 ministerium
876 1014 1105 1102 exequendum
1113 1007 1152 1081 ¹⁰.
2070 1037 2081 1074 a

515 1123 544 1184 7.
578 1118 630 1184 De
662 1119 794 1184 iustitiis
826 1140 887 1205 per
914 1120 1087 1207 episcopos
1117 1123 1151 1182 et
1179 1118 1296 1183 missos
1325 1138 1362 1181 ac
1392 1117 1528 1182 comites
1555 1121 1682 1182 nostros
1708 1113 1764 1179 ind
1792 1134 1894 1200 regno
1925 1121 2037 1179 nostro

408 1221 591 1288 studendis.

516 1328 546 1392 8.
581 1326 633 1391 De
662 1325 765 1412 raptis
796 1331 830 1390 et
857 1324 1088 1390 coniunctione
1117 1323 1411 1389 sanctimonialium
1440 1329 1539 1409 atque
1567 1322 1820 1410 propinquarum
1850 1342 1909 1386 seu
1937 1344 2036 1410 spon-

409 1451 519 1496 sarum
542 1420 714 1511 aliorum⁶‚
742 1434 793 1511 ut,
821 1428 908 1514 quod
931 1428 964 1492 in
986 1420 1176 1515 preterito1'¹
1203 1433 1312 1493 actum
1336 1433 1401 1509 est,
1430 1427 1608 1492 secundum
1632 1426 1860 1490 consiliumet
1883 1424 2036 1491 iudicium

409 1535 636 1622 episcoporum
660 1534 839 1618 corrigatur
862 1532 959 1599 etde
983 1538 1093 1598 cetero
1117 1531 1311 1597 omnimodis
1335 1537 1498 1597 caveatur.
2058 1551 2083 1590 ro

518 1640 547 1703 9.
582 1636 705 1711 Quodsi
739 1636 860 1723 aliquid
894 1656 951 1721 per
983 1637 1211 1701 necessitatem
1254 1636 1287 1700 in
1327 1635 1477 1701 ecclesiis
1513 1624 1612 1697 Dei¹‘2
1652 1639 1708 1697 aut
1748 1637 1861 1696 eontra
1896 1631 2036 1717 aliquem

409 1741 553 1806 fidelium
576 1731 796 1806 nostrorum13
818 1739 965 1819 fecimus,
988 1738 1061 1820 hoc,
1085 1738 1295 1824 quamcitius
1314 1738 1524 1825 potuerimus,
1547 1734 1764 1800 libentissime
1781 1732 2038 1802 emendabimus.

409 1842 453 1908 Et
474 1844 516 1910 de
540 1849 663 1925 cetero,
694 1844 722 1909 si
744 1843 861 1929 aliquis
888 1841 975 1928 apud
1005 1862 1064 1906 nos
1087 1862 1200 1927 parem
1224 1861 1319 1906 suum
1343 1861 1462 1906 nocere
1486 1840 1639 1920 voluerit,
1672 1837 1731 1902 hoe
1756 1836 1935 1903 secundum
1961 1860 2036 1903 con-

411 1947 619 2014 suetudinem
642 1953 889 2012 antecessorum
912 1952 1097 2011 nostrorum
1121 1944 1262 2009 diffinire
1286 1945 1447 2010 volumus.

521 2055 569 2119 10.
603 2051 655 2117 De
685 2050 805 2138 placito
833 2039 979 2114 nostro¹⁴
1006 2054 1040 2114 et
1068 2048 1109 2115 de
1139 2049 1302 2114 communi
1330 2047 1491 2114 adiutorio
1519 2051 1632 2112 contra
1654 2037 1911 2110 Nortmanuos15
1934 2050 1968 2109 et
1996 2043 2036 2108 de
2056 2071 2080 2108 a

411 2155 641 2222 conlocutione
665 2159 777 2220 nostra
801 2153 955 2219 fraterna.

513 2343 541 2411 d)
560 2345 591 2396 dc
609 2342 634 2397 2.

513 2514 541 2582 9)
561 2512 616 2580 Cl‘r.
636 2511 701 2582 Gap.
721 2511 816 2568 Sduoc.
835 2527 855 2566 c.
869 2512 910 2567 13.
1016 2509 1060 2578 10)
1082 2509 1139 2576 Csr.
1159 2509 1316 2564 Admoudio
1333 2509 1484 2578 828-825,
1508 2513 1570 2564 tons.
1588 2509 1615 2579 Ι,
1635 2527 1665 2580 p.
1682 2510 1747 2577 305,
1768 2507 1859 2575 ο.12;
1886 2505 1951 2576 Gap.
1969 2507 2039 2561 mssa.

409 2618 472 2686 802,
490 2618 508 2672 l.
520 2633 541 2673 c.
555 2634 585 2686 p.
597 2618 644 2687 94,
661 2633 682 2672 c.
696 2619 737 2673 14.
852 2618 897 2684 11)
918 2615 998 2670 Oouo.
1016 2630 1060 2683 up.
1080 2613 1225 2668 Marsuam
1242 2614 1285 2668 Π.
1303 2615 1363 2682 851,
1381 2629 1467 2683 supro
1481 2631 1512 2683 p.
1523 2613 1564 2682 73,
1583 2629 1605 2668 c.
1618 2617 1643 2668 5.
1758 2613 1802 2680 12)
1822 2611 1878 2679 Cfr.
1897 2611 1975 2666 (bur.
1993 2627 2038 2679 op.

410 2721 664 2789 Masaucionem,
681 2736 765 2789 suma
778 2736 808 2788 p.
821 2720 863 2788 89,
879 2735 900 2773 c.
912 2720 939 2774 4.
1033 2719 1077 2786 13)
1097 2717 1519 2788 GonuopMcrsucm1lssbl,
1538 2733 1623 2786 mpro
1636 2734 1665 2786 p.
1677 2719 1719 2784 73,
1736 2733 1757 2771 c.
1767 2717 1791 2772 6.
1880 2717 1923 2784 14)
1942 2715 2039 2770 Silvae-i
2057 2732 2083 2771 ao

408 2824 571 2893 leobardum
594 2825 643 2893 csr.
662 2826 738 2892 iufra
752 2825 819 2894 Gap.
839 2824 935 2879 Silvae.
947 2823 1007 2878 853.
1113 2824 1156 2889 15)
1176 2824 1251 2876 Anu.
1270 2822 1374 2878 Bertiu.
1392 2823 1430 2876 cd
1448 2841 1473 2876 o.
1486 2824 1546 2886 853,
1565 2821 1604 2874 ed.
1621 2821 1718 2888 Waltz,
1734 2836 1763 2888 p.
1776 2821 1810 2874 42
1822 2835 1875 2886 sq.,·
1892 2819 2037 2886 Dummkr,

411 2927 547 2996 Ostsrdulc.
567 2927 651 2983 Reiclr
669 2929 714 2997 1¹,
728 2945 757 2998 p.
770 2930 831 2984 355.

1023 3120 1434 3128 -————-

411 3421 511 3527 207.
559 3413 1027 3525 HLO'PHARH
1065 3414 1168 3523 ΕΤ
1206 3411 1520 3523 KAROLI
1558 3412 2038 3523 CONVENTUS

866 3569 1159 3680 LEODH
1199 3568 1575 3679 HABITUS.

1108 3751 1341 3834 asanaa
2055 3791 2080 3831 2.

513 3925 660 4025 Leqilur
688 3943 725 4007 iu
754 3941 932 4008 codicibus:
967 3942 998 4027 1)
1027 3940 1136 4006 Poris.
1160 3944 1244 4007 4638
1275 3940 1329 4022 fol.
1355 3944 1424 4006 184.
1477 3940 1510 4022 2)
1541 3937 1689 4005 Vollicell.
1718 3938 1760 4005 N.
1786 3943 1823 4004 21
1855 3938 1908 4020 fol.
1930 3942 1982 4004 29.
2010 3945 2041 4002 ct

412 4047 445 4129 8)
476 4043 576 4110 Vatia.
606 4067 668 4128 rep.
696 4044 816 4111 Christ.
841 4047 898 4110 291
929 4044 983 4127 sol.
1007 4050 1082 4126 106,
1112 4048 1148 4111 iu
1177 4067 1238 4129 quo
1266 4052 1391 4112 exstuat
1415 4045 1585 4111 Hloilicrii
1612 4049 1709 4126 capul
1732 4046 1762 4108 3.
1789 4049 1819 4108 el
1841 4043 1959 4108 Koroli
1986 4065 2039 4108 co-

404 4148 480 4230 pita
499 4152 525 4211 1.
542 4151 571 4212 2.
593 4148 683 4214 oum
698 4149 894 4228 addreuiutm·
915 4149 988 4215 item
1011 4150 1048 4215 iu
1068 4152 1237 4216 recentiore
1252 4151 1431 4232 apoproplco
1450 4149 1551 4216 Valle.
1569 4150 1670 4226 4982;
1696 4153 1929 4212 sacramentum
1944 4148 2039 4211 ctiam

410 4255 557 4315 suuutm
577 4251 614 4314 iu
640 4251 673 4337 5)
697 4251 762 4315 cod.
785 4251 889 4334 Hacq.
911 4257 923 4315 l
949 4252 1003 4334 fol.
1021 4256 1077 4330 43,
1105 4254 1141 4318 iu
1167 4275 1228 4335 quc
1250 4254 1307 4318 boc
1329 4253 1392 4321 loco
1414 4252 1570 4318 uouuullc
1590 4251 1670 4333 solur
1692 4252 1815 4316 desuul.
1860 4252 2040 4332 Iuscriptus

410 4358 456 4419 cst
482 4354 518 4419 iu
544 4353 724 4419 codicibus:
756 4354 830 4420 Hae
860 4361 935 4420 sunt
966 4355 1250 4438 adnuntiationes,
1281 4377 1362 4442 quas
1385 4357 1581 4421 Hlotharius
1613 4362 1646 4421 et
1668 4355 1811 4421 Karalus
1840 4355 1927 4442 apud
1949 4355 2037 4422 Leu—
2057 4379 2083 4418 co

411 4455 516 4522 dicam
532 4457 693 4540 (nauum
710 4458 987 4523 annuntiaverunt
1008 4480 1093 4524 anno
1109 4458 1316 4525 Dueonlv.
1351 4460 1408 4526 Ad
1420 4461 1552 4526 eundem
1566 4480 1689 4524 aunum
1705 4459 1903 4526 Prudentius
1919 4460 1955 4523 iu
1968 4461 2037 4526 Au-

409 4558 539 4625 ualidus
556 4560 762 4626 Bertiuiumc
783 4562 845 4645 (cd.
867 4561 980 4641 Waltz,
993 4584 1030 4644 p.
1044 4566 1100 4644 44)
1120 4562 1196 4628 llaec
1216 4563 1330 4645 refert:
1358 4563 1500 4629 Karolus
1518 4585 1617 4650 super
1633 4563 1742 4628 fratris
1758 4564 1809 4628 sui
1824 4563 1959 4629 Ludoici
1974 4564 2038 4630 fide

412 4671 596 4750 suspectus,
620 4663 661 4729 ad
684 4664 878 4729 lotharium
900 4667 934 4730 in
957 4667 1028 4731 vico
1051 4665 1188 4733 Lentico
1212 4668 1312 4734 venit.
1356 4667 1423 4733 Ubi
1445 4667 1501 4732 diu
1524 4667 1564 4733 de
1589 4668 1753 4732 communi
1776 4668 1917 4733 amicitia
1940 4673 2038 4754 atque

411 4766 627 4833 indissolubili
654 4774 849 4850 tractantes,
881 4769 1013 4835 tandem
1042 4791 1150 4835 coram
1178 4770 1329 4836 omnibus
1357 4771 1412 4857 qui
1439 4770 1576 4836 aderant
1602 4770 1780 4838 identidem
1804 4793 1902 4858 super
1924 4777 2039 4837 sancta

410 4868 548 4934 iurando
564 4869 706 4934 vicissim
721 4871 944 4955 firmaverunt,
965 4873 1198 4938 commendatis
1215 4875 1405 4939 alternatim
1418 4874 1505 4956 filiis,
1528 4873 1719 4960 proceribus
1736 4881 1770 4939 et
1786 4876 1906 4959 regnis.
1941 4874 2039 4958 Repcs
2057 4894 2082 4934 u

410 4993 480 5055 erpo
502 4979 718 5054 couvenerant,
740 4981 778 5039 ut
799 4975 880 5041 oller
901 4976 1036 5042 alierum
1055 4977 1223 5042 adiuuaret
1243 4983 1353 5043 ceretro
1369 4977 1597 5043 Hludoccicum
1611 4977 1754 5058 scobem,
1776 4978 1834 5060 qui
1849 4978 2040 5064 frequenter

410 5078 577 5161 praesenti
605 5098 690 5143 anno
718 5077 759 5143 ad
788 5099 959 5146 commune
983 5080 1178 5166 colloquium
1207 5081 1381 5162 invitatus,
1411 5080 1470 5146 sod
1493 5080 1657 5167 aliquibus
1679 5081 1919 5168 impedimentis
1942 5103 2038 5168 prae-

410 5180 540 5268 peditus
567 5181 608 5266 (c.
626 5190 655 5247 1.
678 5182 849 5248 Hictbcril
878 5189 907 5248 ct
929 5183 1062 5265 Korali)
1083 5183 1309 5250 Hludouieum
1336 5184 1441 5266 lilium
1470 5205 1566 5249 suum
1595 5204 1708 5266 mopuo
1735 5205 1807 5248 cum
1835 5187 1974 5250 coercita
2003 5186 2040 5249 iu

410 5283 624 5364 Aquiluuium
645 5287 785 5350 miserat.

522 5386 602 5454 (lum
616 5389 814 5455 Hlolborius
835 5392 1008 5456 secuudum
1030 5391 1169 5473 diploma
1190 5393 1349 5475 quoddam
1371 5393 1560 5458 monasterio
1575 5391 1760 5457 Prumieusi
1783 5393 1895 5458 dutum
1911 5396 1962 5457 25.
1986 5391 2043 5456 dic.
2055 5413 2082 5452 ro

409 5492 526 5557 aceruis
542 5491 635 5558 Febr.
651 5493 763 5558 Lccdii
784 5499 862 5558 esset
875 5493 1255 5577 (Bdlrmcr-Mdblbuclrer
1272 5518 1321 5561 ur.
1337 5498 1444 5576 1130),
1466 5495 1636 5561 omisimile
1657 5501 1703 5560 est
1724 5495 1912 5577 colloquium
1934 5496 2037 5561 codem

410 5617 512 5660 meuse
533 5617 598 5660 csse
619 5595 762 5661 lubitum
784 5597 856 5680 (cfr.
881 5595 900 5661 l.
917 5619 942 5661 c.
965 5619 1015 5663 ma
1034 5600 1163 5684 11285).

1570 5703 1628 5787 (Β.
1643 5705 1692 5812 ll,
1710 5709 1762 5782 τι,
1789 5703 1828 5770 P.
1846 5707 1936 5784 rar.)
