4590 6420
444 433 506 494 422
559 429 829 486 coelestinum
848 430 896 484 ΑΙ)
914 429 1031 484 CAPIT.
1049 427 1130 483 aba.
1149 426 1333 482 FRANCIAE
1351 427 1540 483 occlusus.
1559 428 1706 495 (nasoni
1720 429 1766 496 ll).
1784 459 1818 468 -
1835 429 1882 483 Νι.
1898 429 1957 483 294.

368 610 428 665 8ὁ3.
446 605 580 668 instanti
605 625 691 668 anno
714 625 774 690 per
796 611 1003 690 praesentem
1026 604 1164 689 primam
1187 601 1398 666 indictionem
1431 603 1518 688 apud
1548 603 1663 666 urbem
1686 601 1920 667 Suessionum‘¹
1944 602 2072 666 decimo

446 705 614 771 Kalendas
637 706 742 771 Maias
766 707 808 771 ad
836 707 997 794 synodum
1021 707 1268 785 convenientes,
1300 707 1351 770 cui
1381 727 1472 770 sacro
1503 707 1678 770 conventui
1706 705 1791 769 idem
1822 707 1983 789 gloriosus
2013 727 2071 770 rex

446 831 537 874 suam
563 818 614 874 est
637 811 790 895 dignatus
808 811 967 875 exhibere
984 810 1215 896 praesentiam,
1240 811 1324 873 inter
1340 817 1452 874 cetera
1468 811 1694 875 ecclesiastica
1709 811 1844 894 nogotia
1866 809 1907 874 de
1932 831 2070 875 venera-

446 914 503 977 bili
529 916 630 978 fratre
653 922 765 1004 nostro
790 913 993 978 Herimanno
1016 914 1230 980 Nivernensis
1253 913 1343 977 urbis
1368 914 1520 999 episcopo
1543 913 1759 998 questionalis
1789 921 1840 977 est
1869 914 1952 978 ratio
1977 913 2072 977 nobis

446 1011 589 1090 oblata⁶;
627 1017 780 1082 videlicet
812 1018 889 1102 quia
923 1018 1109 1082 infirmitate
1144 1023 1404 1103 praeoccupatus
1437 1038 1495 1080 seu
1530 1017 1742 1103 praepeditus
1778 1037 1938 1102 corporea
1970 1038 2073 1104 saepe
2105 1038 2117 1074 ι
2155 1061 2157 1067 ,

447 1122 586 1206 ineptire
610 1130 643 1184 et
666 1121 842 1206 quaedam,
867 1142 951 1206 quse
975 1121 1015 1184 ad
1041 1121 1244 1206 naufragium
1269 1141 1375 1184 rerum
1405 1125 1438 1183 et
1461 1120 1652 1184 facultatum
1676 1120 1974 1186 ecclesiasticarum
1997 1139 2073 1204 per-

446 1226 551 1289 tinere
576 1231 673 1309 atque
703 1224 744 1288 ad
769 1224 981 1288 salvationem
1015 1245 1053 1287 ac
1084 1225 1227 1288 debitam
1262 1245 1320 1287 seu
1350 1224 1575 1288 rationabilem
1606 1224 1884 1310 dispensationem
1912 1223 2073 1310 impedire

446 1335 612 1412 poterant,
642 1329 704 1391 nisi
729 1328 828 1391 celeri
854 1328 999 1391 remedio
1024 1329 1218 1392 subventum
1242 1328 1343 1402 foret,
1368 1348 1467 1413 agere
1491 1327 1666 1392 indiscrete
1690 1329 1822 1394 soleret.
1869 1327 1968 1392 Cuius
1993 1348 2071 1412 sug-

446 1431 606 1514 gestionis
629 1436 718 1494 certa
742 1431 1043 1515 experimentorum
1067 1431 1265 1494 documenta
1289 1431 1473 1495 evidentius
1503 1431 1730 1516 perquirentes
1753 1431 1922 1516 aliquanta
1944 1431 2071 1495 inveni-

447 1555 528 1614 mus,
553 1555 636 1619 quae
661 1532 754 1598 nobis
778 1533 876 1598 fidem
899 1535 1049 1599 fecerunt
1072 1537 1154 1614 aliis,
1179 1557 1262 1620 quae
1279 1535 1498 1614 audieramus,
1523 1556 1653 1599 sensum
1673 1535 1929 1599 accommodare.
1974 1531 2071 1597 Unde
2091 1555 2118 1592 ιο

448 1637 626 1701 secundum
651 1638 736 1722 quod
761 1639 792 1701 in
816 1636 1038 1702 decretalibus
1063 1639 1211 1724 epistolis
1235 1639 1323 1702 beati
1348 1637 1498 1724 Gregorii
1523 1639 1675 1723 exemplo
1699 1630 1933 1724 repperimusl,
1958 1638 2073 1701 statui·

447 1763 519 1806 mus
536 1742 582 1804 illi
600 1741 814 1806 echonomum
834 1742 1044 1827 persuadere,
1061 1743 1116 1827 qui
1132 1743 1162 1805 ei
1179 1743 1369 1826 suffragium
1387 1749 1420 1806 et
1433 1742 1592 1806 ecclesiae
1609 1742 1669 1805 sibi
1684 1743 1875 1806 commissae
1892 1740 2074 1806 custodiam

448 1846 593 1910 debitam
619 1852 652 1909 et
675 1847 866 1911 canonicam
891 1847 1079 1926 exhiberet,
1104 1847 1207 1911 donec
1231 1853 1395 1911 annuente
1419 1845 1561 1910 Domino
1585 1845 1686 1909 isdem
1710 1845 1811 1910 frater
1834 1845 2030 1909 venerabilis
2055 1866 2075 1908 a

449 1971 508 2014 sua
533 1949 720 2014 infirmitate
745 1950 932 2034 optabiliter
955 1952 1210 2017 convalesceret.
1265 1949 1331 2014 Sed
1360 1951 1512 2035 quoniam
1546 1950 1728 2030 intimatum
1758 1956 1808 2013 est
1839 1949 1934 2013 nobis
1958 1949 1990 2012 in
2014 1971 2074 2013 sua

448 2053 588 2117 ecclesia
611 2054 774 2116 nominem
799 2074 897 2138 posse
927 2055 1091 2140 reperiri0,
1122 2055 1175 2139 qui
1203 2054 1333 2118 interim
1363 2053 1502 2117 eundem
1532 2053 1753 2118 venerabilem
1781 2053 1897 2137 partim
1926 2053 2074 2116 indebita
2093 2068 2118 2104 ¹⁵

448 2156 532 2219 forte
556 2157 692 2240 pietate,
716 2157 833 2240 partim
859 2157 1044 2220 reverentia
1060 2158 1213 2220 seniorali
1230 2153 1555 2240 seeundummodum
1580 2178 1599 2220 a
1622 2156 1716 2219 nobis
1733 2157 1947 2222 constitutum
1964 2164 2072 2221 custo-

448 2259 517 2322 dire
543 2264 600 2321 aut
615 2259 715 2322 vellet
738 2267 795 2322 aut
819 2265 940 2344 posset,
964 2260 1094 2323 consilii
1118 2261 1267 2324 consultu
1285 2260 1375 2323 illum
1393 2259 1513 2323 hortati
1530 2280 1651 2336 sumus,
1674 2266 1711 2322 ut
1734 2281 1806 2324 cum
1822 2258 1939 2325 domno
1955 2260 2073 2324 Weni-

448 2363 523 2425 lone
557 2362 819 2446 praenominato,
857 2363 981 2426 scilicet
1017 2364 1280 2427 reverentissimo
1314 2362 1477 2426 confratre
1511 2367 1621 2425 nostro
1657 2368 1690 2426 et
1723 2362 1969 2450 archiepiscopo
2004 2387 2074 2445 sno,

449 2472 597 2529 maneret
620 2465 740 2550 illeque
765 2465 794 2527 ei
820 2466 1018 2529 conveniens
1043 2465 1186 2529 studium
1209 2464 1368 2550 impertiri
1401 2472 1532 2528 curaret
1559 2470 1592 2527 et
1619 2466 1779 2530 ecclesiae
1803 2465 1998 2531 Nivernensi
2022 2487 2074 2546 ea,

447 2568 564 2652 quibus
579 2567 753 2652 indigeret,
768 2569 951 2632 visitatorio
968 2569 1074 2632 officio
1091 2569 1296 2654 impenderet
1312 2576 1346 2632 et
1361 2567 1536 2646 ordinaret,
1552 2589 1722 2655 quousque
1739 2561 1920 2634 aestivum8
1932 2577 2073 2656 tempus,
2092 2581 2119 2620 2⁰

448 2671 535 2756 quod
560 2671 747 2734 huiusmodi
771 2671 961 2748 infirmitati,
986 2693 1050 2756 qua
1072 2672 1222 2758 impediri
1240 2671 1421 2750 dicebatur,
1445 2671 1539 2736 valde
1556 2673 1754 2736 contrarium
1778 2677 1838 2754 est,
1861 2675 2076 2758 pertransiret

449 2781 482 2838 et
506 2775 695 2858 saepefatus
720 2774 952 2838 dilectissimus
977 2796 1014 2838 ac
1038 2775 1233 2840 venerabilis
1256 2775 1358 2839 frater
1379 2781 1505 2854 noster,
1537 2783 1573 2840 ut
1595 2776 1833 2862 praediximus,
1861 2798 1881 2838 a
1904 2797 1963 2841 sna
1985 2777 2074 2840 infir-

447 2879 561 2942 mitate
590 2877 857 2942 emelioraretur‘
887 2886 920 2942 et
952 2900 1030 2943 suae
1064 2881 1219 2964 potestati
1254 2901 1400 2964 suaeque
1432 2880 1534 2965 ipsius
1563 2880 1731 2944 custodiae
1760 2901 1881 2944 suaeve
1913 2881 2075 2945 ecclesiae

448 2981 669 3065 dispositioni,
701 2989 738 3043 ut
766 2989 816 3044 est
839 2979 1001 3062 debitum,
1032 2984 1269 3047 restitueretur.
1321 2981 1414 3055 Quae
1437 2984 1604 3066 quoniam,
1633 2984 1756 3068 gratias
1778 2981 1867 3061 Deo,
1898 2983 1938 3046 ad
1963 2992 2075 3047 votum

447 3085 541 3148 iuxta
564 3083 707 3147 divinam
731 3084 983 3162 ordinationem,
1009 3092 1045 3149 ut
1067 3086 1197 3151 fuerant
1220 3086 1396 3171 disposita,
1427 3092 1502 3149 sunt
1531 3105 1659 3170 quoque
1683 3085 1840 3170 perducta
1863 3093 1896 3150 et
1919 3088 2076 3152 canonica
2093 3098 2119 3137 ²⁵

448 3187 539 3251 iubet
562 3189 749 3266 auctoritas,
774 3195 809 3251 ut
832 3187 873 3252 ab
897 3209 962 3251 uno
980 3189 1120 3273 quilibet,
1132 3190 1274 3254 reiectus
1298 3189 1464 3275 episcopo,
1486 3209 1550 3252 noo
1575 3187 1721 3252 dicamus
1745 3191 1887 3254 stantis
1911 3212 1968 3276 pro
1992 3198 2075 3255 tem-

450 3310 529 3376 pore
554 3297 586 3353 et
609 3288 649 3354 ad
674 3300 803 3377 tempus
827 3297 972 3355 remotus
990 3293 1169 3356 secundum
1193 3292 1356 3378 quendam
1378 3292 1508 3356 modum
1525 3293 1700 3376 episcopis,
1723 3312 1788 3356 non
1804 3293 1982 3377 recipiatur
2006 3295 2076 3357 sine

449 3393 626 3456 testimonii
643 3401 700 3458 aut
716 3395 897 3458 litterarum
915 3395 1159 3459 evidentissimo
1177 3395 1383 3475 documento,
1407 3417 1467 3481 per
1490 3395 1571 3459 hose
1586 3403 1718 3460 nostrae
1734 3396 1946 3460 humanitatis
1963 3399 2075 3482 apices

449 3497 644 3581 plemmquc
667 3496 789 3561 dictum
812 3497 1034 3561 venerabilem
1057 3498 1190 3561 fratrem
1219 3506 1363 3562 nostmm
1395 3519 1475 3562 suae
1505 3498 1623 3563 dicioni
1647 3505 1680 3563 et
1703 3500 1859 3584 potestati
1883 3505 1981 3584 atque
2005 3501 2076 3586 cpi·

449 3599 573 3684 scopeli
597 3599 767 3663 custodiae
792 3619 937 3684 suaeque
961 3601 1122 3665 eeclesiae
1146 3600 1377 3685 gubernationi
1401 3600 1512 3666 debite
1535 3602 1748 3682 restituimus,
1772 3609 1805 3666 et
1827 3623 1886 3666 nos
1911 3624 1985 3667 eum
2009 3624 2074 3668 non
2094 3623 2120 3662 so

449 3725 575 3767 morum
599 3703 687 3766 vitiis
711 3710 768 3766 aut
790 3705 935 3789 peccatis
960 3705 1117 3789 publicis,
1149 3725 1234 3788 quae
1265 3726 1405 3769 censura
1431 3704 1565 3769 damnat
1587 3706 1825 3780 ecclesiastiea,
1856 3727 1960 3770 asna
1983 3707 2074 3770 illum

449 3805 588 3870 eeclesia
617 3807 855 3890 aliquantulum
887 3809 1081 3888 removisse,
1118 3807 1205 3892 quod
1235 3807 1304 3870 sine
1333 3813 1449 3891 aperta
1478 3808 1684 3872 convictione
1716 3809 1767 3872 vel
1797 3809 1969 3873 manifesta
1996 3830 2072 3873 con-

449 3909 594 3972 fessione
621 3909 690 3973 fieri
719 3931 783 3973 non
816 3910 905 3990 licet,
937 3931 1001 3995 qua
1029 3909 1071 3974 de
1098 3931 1133 3974 re
1162 3916 1195 3974 et
1224 3931 1288 3974 non
1319 3910 1414 3988 libet,
1447 3911 1506 3975 sed
1534 3931 1711 3997 corporeae
1734 3932 1814 3976 suae
1837 3912 2016 3976 infirmitati
2041 3921 2075 3978 et

449 4012 608 4075 ecclesiae
631 4013 691 4076 sibi
708 4013 901 4077 commissae
917 4013 1107 4077 necessitati
1123 4013 1279 4098 pietative
1296 4007 1501 4078 cousuluisse
1519 4014 1785 4078 manifestissime
1801 4014 2074 4090 demonstramus.

449 4114 541 4188 Quod
566 4123 601 4178 ut
623 4114 851 4200 praesentibus
868 4117 994 4181 scilicet
1016 4122 1049 4180 et
1071 4117 1188 4181 futuris
1205 4117 1407 4202 temporibus
1424 4117 1628 4181 enucleatius
1646 4124 1872 4203 cognoscatur,
1895 4119 1946 4183 hie
1970 4121 2119 4204 gestisse

449 4217 598 4281 manibus
623 4219 759 4303 propriis
783 4217 1025 4284 subterfirmare
1048 4213 1284 4287 decrevimus9.

559 4323 588 4385 2.
624 4319 663 4384 In
687 4323 817 4386 nomine
840 4321 948 4387 Patris
977 4331 1010 4386 et
1039 4325 1115 4389 Pilii
1140 4331 1173 4388 et
1202 4324 1342 4411 Spiritus
1372 4325 1488 4388 sancti.
1539 4323 1713 4410 Episcopi,
1742 4326 1797 4412 qui
1827 4327 1918 4390 iussu
1941 4326 2074 4410 gloriosi

450 4423 605 4510 principis
629 4424 738 4488 domni
761 4426 865 4489 nostri
880 4423 994 4490 Karoli
1017 4427 1058 4491 ad
1075 4426 1234 4512 synodum
1259 4427 1291 4490 in
1307 4426 1510 4492 vermeriam
1526 4428 1683 4512 palatium
1707 4430 1929 4509 convenimus,
1952 4427 2073 4493 idest:

449 4519 621 4590 Wenilo¹⁰
636 4528 912 4615 archiepiscopus,
935 4529 1059 4593 Paulus
1076 4529 1351 4615 archiepiscopus,
1375 4530 1558 4595 Amslrieus
1574 4531 1852 4618 archiepiscopus,
1876 4532 2074 4596 Hincmarus

450 4629 748 4716 archiepiscopum,
772 4631 975 4697 Tentboldus
999 4633 1189 4718 episcopus,
1217 4631 1438 4716 Ansegaudus
1462 4633 1650 4719 episcopus,
1681 4632 1865 4698 Pardulus¹²
1889 4635 2073 4720 episcopus,
2093 4657 2119 4694 ιι

449 4734 639 4800 Hrothadus
664 4736 853 4823 episcopus,
882 4735 986 4801 Immo
1010 4737 1197 4824 episcopus,
1226 4736 1448 4800 Yrminfridus
1476 4738 1667 4822 episeopus,
1697 4736 1860 4824 firpoinus
1889 4739 2075 4824 episcopus,

448 4839 660 4903 Hilmeradus
689 4840 877 4926 episcopus,
907 4838 1014 4925 Agius
1049 4840 1239 4925 episcopus,
1273 4839 1429 4904 Erloinus
1462 4842 1650 4926 episcopus,
1682 4839 1861 4905 Baltsridus
1889 4842 2074 4926 episcopus,

450 4941 651 5007 Guntbertus
676 4943 861 5029 episcopus,
886 4941 1042 5007 fiirardus
1068 4944 1257 5028 episcopus,
1280 4941 1526 5007 Hildebrannus
1549 4944 1741 5030 episcopus,
1765 4943 1864 5008 Ionas
1888 4945 2075 5030 episeopus,

449 5044 657 5110 Godclsadus
682 5045 871 5132 episcopus,
895 5045 1094 5131 Braidingus
1127 5047 1301 5132 episcopus
1325 5039 1555 5111 Ghuonrado¹¹
1585 5045 1696 5111 inclito
1721 5053 1755 5111 et
1776 5046 1980 5112 nobilissimo
2003 5048 2074 5112 viro

551 5226 578 5290 d)
597 5228 753 5279 Suessionum
773 5227 796 5280 1.
893 5229 917 5293 a)
934 5230 1045 5296 reperire
1064 5229 1088 5280 1.
1185 5228 1210 5292 f)
1230 5229 1435 5282 inmelioraretur
1452 5227 1477 5282 2.
1572 5230 1600 5296 g)
1620 5230 1665 5280 has
1684 5228 1706 5279 1.
1802 5229 1829 5293 h)
1848 5231 1975 5282 Pardulae
1992 5233 2074 5283 archi·
2093 5244 2118 5282 st

447 5313 590 5380 episcopus,
608 5315 700 5367 Teutb.
720 5313 749 5378 23
769 5317 820 5390 cfr.
838 5325 890 5367 ποι.
903 5332 926 5368 a.

551 5475 578 5540 6)
605 5473 661 5540 Gfr.
686 5474 765 5530 Goon.
790 5475 923 5531 Summos.
940 5477 1003 5544 853,
1033 5493 1117 5546 aspra
1138 5493 1167 5544 p.
1184 5477 1246 5543 aad,
1269 5492 1290 5531 c.
1306 5477 1331 5531 2.
1437 5477 1464 5546 7)
1490 5475 1546 5542 Gsr.
1564 5493 1648 5544 sstpro
1662 5494 1690 5545 p.
1704 5478 1765 5544 410,
1783 5482 1838 5531 aot.
1852 5479 1876 5531 2.
1969 5479 1997 5548 8)
2019 5477 2075 5544 Gfr.

447 5591 532 5643 aspra
546 5592 574 5642 p.
587 5577 647 5642 264,
666 5577 683 5632 l.
695 5578 737 5632 23.
841 5582 869 5647 9)
889 5579 1097 5648 Subscriptioncs
1114 5578 1306 5633 dmidcraatar.
1412 5580 1455 5644 10)
1476 5578 1532 5645 Csr.
1550 5596 1636 5649 scepta
1655 5598 1684 5648 p.
1698 5581 1758 5648 421,
1776 5581 1792 5635 l.
1805 5581 1916 5650 seqq,-
1941 5581 2012 5636 dccst
2028 5582 2076 5636 boc

447 5681 502 5734 loco
519 5678 672 5732 Hacbatus
690 5681 874 5736 Meldcrrsr'am.
967 5683 1008 5748 ll)
1029 5683 1127 5736 Fratri
1146 5681 1269 5735 Iaditlmc
1287 5683 1463 5750 temperaturis.
