4560 6426
443 432 506 496 310
569 429 816 487 CAPITULARIA
835 431 963 486 REGUM
983 431 1166 487 aurneina
1184 429 1445 487 ocelunnunnls
1464 431 1613 498 (KAROLI
1627 432 1673 500 ΙΙ).
1692 463 1723 471 -
1742 433 1794 486 Nr.
1807 432 1868 486 272.
1886 431 1945 486 273.

364 611 425 666 8611.
443 604 568 669 miserit
590 609 741 692 antipae
764 607 821 672 illa
842 626 908 671 non
931 606 1154 673 emendaverit
1177 613 1234 672 aut
1255 607 1350 671 nobis
1372 613 1451 671 uota
1474 627 1537 671 non
1560 606 1685 684 fecerit,
1708 612 1744 670 ut
1760 613 1871 670 nostra
1886 606 2067 670 auctoritas

441 709 521 773 talia
544 709 695 794 corrigat,
719 711 817 788 sciat,
840 712 917 796 quia
938 712 1040 777 talem
1064 713 1258 777 sententiam
1282 710 1357 776 inde
1381 711 1571 790 sustinebit,
1596 711 1680 774 sicut
1702 717 1848 795 tempore
1872 717 2067 774 antecesso-

441 834 512 877 rum
548 821 718 880 nostrum⁰
752 816 954 880 consuetudo
987 816 1057 882 fuit.
1114 808 1332 902 Episcopusffl
1365 813 1498 894 autem’,
1538 813 1716 878 secundum
1753 812 1905 878 Toletani
1936 812 2065 876 concilii

441 917 618 1001 capitulum
642 919 833 1006 septimum,
861 920 914 984 ‘ad
938 941 1035 1005 quern
1061 922 1225 1006 pertinere
1249 927 1427 984 noscuntur
1449 911 1543 999 iniffl,
1572 919 1627 1003 qui
1657 917 1735 982 talia
1762 925 1876 982 contra
1897 916 2006 982 Deum
2030 925 2065 980 et

441 1021 599 1085 ecclesiae
621 1043 735 1108 pacem
757 1023 893 1102 iaciunt,
915 1024 944 1088 si
968 1044 1024 1088 cos
1046 1023 1194 1109 quolibet
1215 1044 1349 1088 munere
1372 1024 1425 1088 vel
1447 1023 1559 1086 favore
1582 1027 1639 1086 aut
1660 1021 1871 1108 neglegentia
1887 1021 2066 1086 admonere
2097 1036 2109 1071 τι

440 1124 597 1204 noluerit,
620 1133 679 1188 utl‘
701 1131 758 1190 aut
778 1133 982 1192 revertentes
1005 1129 1163 1215 suscipiat
1190 1133 1248 1192 aut
1270 1133 1516 1192 contemnentes
1539 1126 1580 1190 de
1604 1125 1746 1190 ecclesia
1767 1128 1900 1206 reiciat,
1929 1147 2065 1190 excom-

439 1218 657 1291 manicatus6¹2
680 1249 700 1292 a
723 1228 861 1313 collegio
885 1237 1067 1296 ceterorum
1092 1232 1319 1318 episcoporum
1342 1231 1531 1312 habebitur,
1554 1250 1723 1315 quousque
1747 1229 1987 1294 emendationis
2010 1229 2064 1294 vel

439 1330 657 1396 damnationis
679 1353 793 1398 eorum
815 1333 858 1397 ab
885 1354 924 1397 eo
947 1335 1112 1399 sententia
1138 1332 1383 1420 promulgetur.’
1429 1333 1591 1407 Quoniam
1620 1333 1682 1397 nisi
1711 1334 1927 1398 communiter
1956 1339 2064 1396 certa-

438 1435 596 1507 verimus,
631 1443 668 1499 ut
690 1436 722 1499 in
753 1435 903 1500 omnibus
932 1438 1080 1502 iustitiaq
1103 1438 1254 1502 omnibus
1284 1443 1510 1516 conservetur,
1543 1457 1604 1501 nee
1632 1457 1691 1500 rex
1720 1442 1815 1521 pater
1842 1436 1968 1523 patriae
2001 1456 2063 1500 nec

438 1538 585 1624 episcopi
607 1540 839 1624 propitiatores
862 1547 896 1605 et
919 1541 1182 1605 reconciliatores
1205 1540 1316 1627 populi
1340 1539 1381 1605 ad
1404 1541 1544 1605 salutem
1561 1546 1730 1604 aeternam
1752 1561 1825 1619 nec,
1848 1541 1903 1624 qni
1927 1540 2061 1625 partici—
2084 1563 2110 1599 ιο

437 1642 571 1726 petione
594 1643 735 1706 nominis
758 1641 880 1707 Christi
903 1643 1072 1708 christiani
1088 1650 1254 1718 vocantur,
1279 1643 1351 1722 hoc,
1375 1643 1462 1729 quod
1477 1643 1618 1708 humano
1642 1663 1698 1706 ore
1714 1641 1861 1722 dicimur,
1885 1644 1917 1707 in
1941 1643 2062 1708 divinis

437 1745 539 1808 oculis
563 1766 637 1810 esse
661 1746 819 1812 valemus.
870 1746 916 1810 Ut
938 1755 1049 1812 autem
1071 1747 1168 1824 baec,
1198 1767 1282 1831 quae
1310 1745 1534 1811 observandar
1566 1767 1664 1832 supra
1692 1746 1880 1832 scripsimus
1902 1769 1941 1810 ac
1964 1769 2061 1833 prae-

436 1850 685 1924 nominavimus,
709 1870 795 1914 nunc
819 1849 914 1914 etde
937 1857 1048 1916 cetero
1072 1851 1193 1916 certius
1215 1859 1264 1915 et·
1288 1852 1477 1938 expressius
1501 1872 1520 1914 a
1543 1850 1637 1915 nobis
1653 1856 1751 1934 atque
1775 1851 2062 1916 asuccessoribus

436 1954 572 2017 nostris²
598 1953 792 2017 inconvulsa
821 1961 1008 2030 serventur,
1040 1957 1179 2041 propriis
1205 1955 1358 2020 manibus
1387 1955 1437 2019 his
1468 1953 1676 2019 subscribere
1700 1955 1863 2017 communi
1896 1975 2060 2020 consensu

436 2055 664 2121 decrevimus¹¹
693 2076 734 2120 ea
762 2057 948 2122 conditione
972 2065 1118 2138 servata,
1140 2065 1195 2136 ut,
1222 2059 1315 2143 quiat
1337 2068 1468 2122 omnesv
1491 2059 1523 2121 in
1557 2058 1683 2121 cunctis
1711 2055 1877 2120 ordinibus
1900 2068 1945 2121 a'
1968 2060 2061 2144 regia
2081 2080 2106 2118 r.

435 2158 558 2225 ditione
581 2161 643 2225 sibi
666 2165 826 2246 expetunt
841 2161 1056 2245 competentia
1080 2161 1164 2246 legis
1181 2163 1252 2226 iura
1268 2163 1402 2240 serrari,
1426 2163 1536 2246 regiae
1551 2181 1681 2246 quoque
1697 2161 1853 2245 potestati
1877 2162 1909 2225 in
1932 2165 2060 2227 cunctis

434 2263 630 2328 ordinibus*
654 2264 710 2328 lex
732 2263 813 2328 iuris
836 2263 940 2329 debiti
971 2273 1005 2328 et
1035 2264 1139 2328 bonor
1166 2266 1208 2330 ab
1237 2266 1387 2330 omnibus
1414 2265 1604 2330 obedienter
1632 2271 1664 2328 et
1690 2262 1831 2328 fideliter
1862 2273 2060 2352 cooperante

434 2367 577 2433 Domino
601 2374 824 2434 conservetur.

541 2471 624 2538 Post
645 2472 726 2538 haec
750 2473 859 2537 omnia
881 2473 1005 2538 relecta
1036 2481 1070 2538 et
1099 2473 1294 2538 conlaudata
1325 2475 1487 2540 communi
1517 2493 1678 2537 consensu
1700 2471 1920 2552 decrevimus,
1950 2481 2002 2556 ut,
2030 2477 2059 2538 si

435 2576 551 2662 aliquis
574 2577 672 2642 bomo
695 2582 830 2663 propter
850 2576 938 2640 mala
960 2576 1063 2652 facta,
1093 2597 1177 2661 quae
1200 2577 1375 2642 emendare
1398 2586 1432 2642 et
1454 2598 1514 2663 per
1536 2577 1643 2661 legem
1675 2582 1708 2640 et
1736 2597 1795 2661 per
1822 2578 2058 2661 poenitentiam
2078 2606 2106 2645 oo

435 2680 587 2760 noluerit,
611 2681 774 2745 seniorem
795 2701 888 2744 suum
912 2679 1072 2744 dimiserit
1094 2687 1151 2744 aut
1173 2679 1213 2744 ab
1237 2680 1291 2744 illo
1313 2687 1448 2767 propter
1471 2681 1550 2744 haee
1567 2680 1690 2744 eiectus
1706 2679 1816 2758 fuerit,
1839 2679 1881 2742 ab
1904 2680 1969 2744 alio
1991 2703 2058 2746 non

434 2784 621 2871 recipiatur,
643 2784 748 2849 donec
771 2783 837 2864 illa,
860 2803 944 2869 quae
959 2784 1047 2848 male
1069 2783 1158 2864 fecit,
1182 2783 1335 2850 emendet
1358 2793 1392 2849 et
1414 2806 1472 2870 per
1493 2784 1635 2869 legalem
1649 2785 1918 2868 compositionem
1942 2792 1977 2850 et
1998 2809 2060 2874 per

365 2951 369 2958 ,
434 2887 679 2953 ecclesiasticae
702 2887 930 2952 satisfactionis
953 2887 1196 2972 poenitentiam.

535 3077 561 3142 o)
580 3095 629 3130 om.
646 3078 671 3130 5.
768 3077 794 3145 p)
812 3079 849 3128 ita
866 3096 953 3130 omum
969 3079 1059 3143 codd;
1082 3087 1109 3130 et
1128 3078 1202 3130 conc.
1230 3079 1345 3130 Toleton.
1446 3078 1474 3145 q)
1492 3089 1518 3130 et
1535 3080 1568 3130 ab
1586 3079 1648 3130 odd.
1666 3077 1691 3130 6.
1779 3079 1802 3142 r)
1822 3078 1856 3129 Iu
1874 3080 1965 3131 litteris
1982 3083 2059 3133 obser

432 3164 535 3230 explicit
550 3162 576 3216 3.
662 3165 685 3228 a)
703 3165 775 3214 Hinc
791 3165 880 3230 incipit
895 3164 1021 3216 vallicell.
1041 3165 1068 3215 O.
1081 3162 1123 3228 16,
1142 3161 1310 3216 Υαϋι.1982.
1392 3168 1412 3226 t)
1431 3183 1480 3216 ona.
1492 3163 1518 3216 6.
1604 3164 1634 3228 ιι)
1653 3164 1766 3230 &plicit
1782 3164 1807 3217 4.
1886 3166 1915 3231 v)
1932 3170 2016 3219 omnis
2033 3169 2060 3220 6.
2079 3179 2106 3218 25

433 3249 467 3314 rr)
485 3268 501 3301 a
520 3253 592 3318 regia
675 3252 810 3302 ordinibus
827 3269 875 3303 ona.
887 3251 913 3304 6.

534 3423 579 3488 60)
599 3421 678 3475 (bne.
706 3421 826 3476 Taleton.
839 3419 885 3486 VI,
903 3435 924 3475 t.
937 3421 962 3488 l,
986 3421 1082 3474 Mataei
1095 3419 1138 3488 X,
1160 3421 1279 3475 cottae
1370 3421 1415 3489 61)
1433 3420 1476 3473 illi
1561 3420 1670 3474 iaciunt
1691 3420 1733 3473 lui:
1756 3421 1858 3474 nouiter
1874 3420 1966 3474 aalide
1984 3430 2057 3479 soar.

431 3525 476 3588 1ἲῖ)
495 3524 581 3578 simili
599 3525 741 3579 sententia
759 3524 900 3594 plectatur
916 3541 1062 3594 quousque
1082 3524 1160 3578 (bno
1182 3523 1297 3576 Toletum

1039 3771 1447 3781 ——.——....—

464 4049 957 4176 HLUDOWIOL
997 4050 1318 4160 KAROLI.
1356 4050 1458 4159 ΕΤ
1498 4051 1908 4164 HLOTARH
1943 4058 2016 4166 ΙΙ.

574 4206 1062 4316 OONVENTUS
1103 4206 1326 4316 APUD
1367 4206 1905 4319 SAPONARIAS.
2075 4273 2102 4308 a

1098 4386 1196 4467 862.
1222 4394 1315 4468 Nor.
1345 4395 1380 4468 3.

1034 4577 1110 4642 Vale
1131 4599 1231 4660 sapm
1247 4599 1282 4660 p.
1305 4583 1363 4643 159
1378 4599 1445 4660 sqq.

1038 4843 1444 4851 ——ss—

753 5109 854 5215 273.
903 5105 1281 5218 EDICTUM
1318 5106 1722 5218 PIS'l'ENSE.

1086 5288 1185 5370 861.
1211 5298 1292 5370 Ιιιιι.
1324 5299 1385 5372 ⁶25.

534 5461 679 5560 legitur
702 5479 735 5540 in
758 5479 808 5540 tis
830 5478 921 5542 libris
937 5481 1060 5558 panim
1082 5481 1252 5562 impressio,
1270 5481 1392 5560 raritas
1408 5481 1648 5563 rrrorrasoriplis:
1674 5483 1703 5564 1)
1727 5482 1816 5565 opud
1831 5484 2049 5566 Sir-mondum,
2069 5527 2096 5564 45

427 5581 535 5645 Caroli
552 5581 644 5644 Caici
656 5581 805 5660 Poplicola
817 5603 851 5660 p.
865 5587 936 5656 noo,
951 5583 1050 5646 colica
1067 5584 1283 5647 &diotecensi
1297 5584 1444 5660 ‹alleibilq
1460 5587 1550 5646 rrrirrs
1564 5585 1739 5664 opaarroplri
1752 5591 1845 5648 siant:
1868 5587 1967 5652 l’atic.
1983 5611 2048 5670 rep.

426 5685 546 5750 stria.
562 5687 619 5748 ’291
642 5683 704 5768 [01.
725 5689 811 5754 113’,
835 5684 985 5748 l'ollicrll.
1015 5687 1049 5753 C.
1070 5693 1106 5750 16
1124 5687 1185 5771 sol.
1198 5692 1268 5756 ὅθ’,
1293 5686 1389 5752 l'olic.
1406 5692 1490 5752 4952
1509 5688 1570 5772 sol.
1592 5691 1659 5751 131.
1699 5688 2049 5758 ult'aoc.1³aar.5sa
