4634 6436
752 453 998 510 carnuntum
1017 453 1185 510 WlDONlS.
1204 486 1236 494 -
1255 455 1304 510 Nr.
1316 455 1376 510 999.
1823 460 1881 521 105

250 634 374 694 temere
411 628 594 712 propulsari
629 629 783 693 vexarive
822 630 1045 713 permittatur,
1081 629 1253 714 presertim
1289 650 1362 693 cum
1401 629 1523 693 sanitas
1557 629 1660 716 ipsius
1692 634 1876 693 nostrorum
1895 633 1955 688 889.

250 732 393 796 omniurn
423 733 465 795 sit
494 732 678 795 salubritas.
726 731 801 816 lpse
826 752 955 816 quoque
979 753 1124 797 summus
1147 730 1296 817 pontifex
1320 753 1339 795 a
1362 733 1488 796 cunetis
1511 731 1713 819 principibus
1736 738 1771 797 et
1794 731 1878 796 chri-

250 834 348 897 stiani
367 833 508 898 nominis
525 833 705 897 cultoribus
722 832 819 918 digno
840 855 970 919 semper
986 842 1159 900 veneretur
1174 835 1296 899 honore
1313 834 1490 919 debitaque
1507 833 1665 920 precellat
1685 834 1879 898 reverentia.

358 938 388 998 2.
425 936 634 1020 Singulorum
665 935 890 1021 episcoporum
927 939 1087 1002 ecclesiae
1119 959 1192 1002 oum
1224 939 1292 1003 suis
1326 937 1504 1023 privilegiis
1537 944 1571 1003 et
1602 937 1878 1024 possessionibus,

218 1044 316 1107 stam
345 1039 551 1104 interioribus
583 1059 680 1124 quarn
710 1039 944 1118 exterioribus,
976 1041 1166 1105 inconvulse
1190 1047 1224 1105 et
1252 1041 1438 1126 incorrupte
1462 1042 1587 1126 absque
1611 1041 1721 1125 aliqua
1744 1041 1794 1104 sui
1819 1040 1876 1106 de-

249 1142 465 1206 minoratione
489 1142 541 1204 vel
565 1141 785 1225 quorumlihet
807 1163 980 1227 pravorum
1005 1142 1170 1206 hominurn
1194 1143 1315 1207 iniuste
1337 1143 1514 1209 vexatione
1536 1150 1765 1228 permaneant,
1795 1144 1880 1208 sicut

248 1251 405 1331 precepta
436 1265 550 1328 regum
581 1250 614 1309 et
645 1246 878 1331 imperatorum
910 1245 972 1310 sihi
1002 1248 1121 1312 collate
1149 1240 1355 1322 continent³;
1391 1254 1602 1332 rectoresque
1633 1268 1745 1311 aarum
1772 1246 1877 1311 libere

249 1349 470 1436 pontificalem
494 1355 672 1414 exerceant
693 1356 890 1435 potestatem
914 1358 980 1415 tarn
1004 1352 1036 1415 in
1052 1350 1262 1437 disponendis
1285 1351 1520 1416 ecclesiasticis
1544 1351 1700 1435 negotiis,
1724 1349 1877 1434 quentin

251 1451 501 1539 comprimendis
523 1452 607 1536 legis
631 1451 694 1517 Dei
717 1453 1015 1538 transgressoribus
1039 1445 1230 1519 universal·
1887 1463 1888 1466 ’

205 1584 231 1622 ιο
359 1560 388 1620 9.
424 1554 595 1619 Sensimus
612 1556 721 1637 etiem,
745 1564 781 1621 ut
804 1577 911 1640 neque
936 1558 967 1620 in
992 1557 1234 1642 episcopatibus
1257 1577 1364 1642 neque
1386 1557 1420 1619 in
1443 1556 1583 1621 abbatiis
1600 1556 1652 1620 vel
1669 1554 1876 1621 senodochiis

248 1667 305 1726 aut
327 1659 402 1724 ullis
426 1657 498 1722 Deo
523 1659 659 1722 sacratis
683 1659 761 1723 loeis
785 1659 852 1724 ulla
874 1660 1031 1724 violentia
1059 1665 1115 1723 aut
1142 1680 1246 1724 novae
1272 1658 1469 1723 conditionis
1492 1660 1683 1744 gravamina
1706 1659 1875 1745 imponan-

248 1770 314 1843 tur,
349 1762 407 1826 sed
439 1761 618 1826 secundum
649 1763 816 1846 antiquam
846 1761 1114 1826 consuetudinem
1145 1784 1258 1827 omnes
1290 1763 1323 1826 in
1350 1782 1408 1826 suo
1439 1768 1526 1826 statu
1556 1783 1680 1848 suoque
1704 1763 1875 1848 privilegio

249 1872 408 1951 perpetuo
432 1871 597 1930 maneant.

357 1972 386 2033 4.
421 1968 467 2032 Ut
497 1967 703 2032 secerdotum
732 1968 875 2032 omnium
906 1975 940 2033 et
968 1969 1188 2034 ministrorum
1213 1968 1336 2034 Christi
1364 1969 1589 2054 unusquisque
1618 1968 1649 2031 in
1679 1988 1737 2031 suo
1761 1966 1874 2031 ordine

205 2098 229 2136 rs
249 2070 410 2156 condigno
432 2077 608 2136 veneretur
635 2071 758 2136 honore
791 2079 825 2136 et
855 2063 1060 2136 reverential
1090 2078 1123 2136 et
1153 2093 1226 2136 cum
1260 2073 1411 2137 omnihus
1446 2071 1545 2136 rebus
1576 2070 1806 2135 ecclesiasticis
1836 2091 1874 2134 ac

246 2173 379 2238 familiis
402 2174 443 2239 ad
468 2197 503 2240 se
526 2175 764 2261 pertinentibus
789 2175 849 2240 alib
866 2180 1031 2260 potestate
1055 2176 1176 2260 proprii
1193 2176 1338 2262 episcopi
1354 2175 1483 2260 quietus
1506 2180 1540 2239 et
1563 2173 1776 2238 inconcussus
1798 2193 1873 2258 per-

247 2283 381 2342 maneat
404 2280 497 2343 salve
519 2279 743 2344 ecclesiastica
766 2278 946 2363 disciplina.

356 2385 385 2448 5.
420 2381 536 2447 Plebei
564 2382 710 2447 homines
739 2389 773 2447 et
799 2382 945 2446 universi
973 2382 1133 2446 ecelesiae
1162 2381 1219 2444 lilii
1246 2378 1350 2446 libere
1379 2381 1447 2445 suis
1475 2386 1609 2444 utantur
1632 2371 1796 2464 legibus⁶;
1830 2399 1873 2442 ex

246 2491 338 2572 parte
365 2485 496 2570 publica
526 2487 626 2564 ultra,
650 2507 746 2570 quam
768 2484 898 2569 legibus
928 2486 1087 2550 sancitum
1111 2493 1178 2564 est,
1207 2484 1249 2549 ab
1273 2485 1321 2549 eis
1344 2506 1407 2549 non
1432 2484 1597 2568 exigetur,
1628 2503 1689 2548 nec
1712 2483 1872 2548 violenter

202 2613 229 2654 ro
247 2577 484 2674 opprimantur:
514 2587 628 2673 quodsi
662 2587 782 2653 facturn
811 2588 923 2666 fuerit,
951 2588 1103 2673 legaliter
1131 2608 1189 2673 per
1213 2587 1363 2652 comitem
1392 2587 1495 2674 ipsius
1522 2587 1584 2650 loci
1607 2585 1813 2664 emendetur,
1844 2587 1872 2668 si

246 2712 305 2756 suo
329 2690 469 2755 voluerit
498 2689 652 2776 deinceps
679 2691 774 2776 potiri
802 2685 956 2764 honoreh
988 2692 1015 2755 si
1039 2712 1117 2756 vero
1145 2692 1216 2777 ipse
1240 2692 1426 2777 neglexerit
1449 2692 1498 2754 vel
1521 2690 1637 2755 fecerit
1660 2696 1716 2754 aut
1738 2689 1871 2754 facienti

245 2814 416 2859 assensum
446 2794 630 2880 prebuerit,
664 2817 684 2859 e
712 2795 775 2859 loci
808 2797 962 2881 episcopo
990 2817 1094 2880 usque
1123 2794 1253 2880 dignam
1284 2794 1542 2860 satisfactionem
1572 2794 1870 2858 excommunicatus

245 2896 416 2963 habeatur,

353 3004 381 3065 6.
417 2999 573 3081 Palatini,
605 3001 660 3085 qui
692 3001 724 3064 in
756 3001 847 3086 regio
881 3005 1049 3066 morantur
1076 2999 1248 3086 obsequio,
1276 3000 1412 3086 pacifice
1441 3002 1511 3066 sine
1540 2998 1774 3085 depredatione
1803 2999 1871 3083 regi

202 3131 228 3173 rs
248 3103 435 3167 deserviant
458 3103 527 3167 suis
551 3103 695 3168 contenti
719 3096 920 3189 stipendiis3.

355 3211 384 3272 7.
417 3206 462 3271 Hi
485 3228 578 3286 vero,
606 3208 661 3291 qui
689 3214 837 3294 tempore
865 3207 1138 3293 placitidiversis
1163 3205 1376 3293 expertibus
1401 3207 1614 3285 conveniunt,
1645 3205 1768 3270 nullam
1795 3226 1868 3290 per-

245 3316 453 3375 transeuntes
479 3312 512 3374 in
536 3311 622 3375 villis
650 3333 709 3375 seu
738 3311 923 3375 civitatibus
952 3313 1099 3397 rapinam
1127 3317 1305 3376 exerceant
1333 3309 1394 3374 sihi
1423 3310 1609 3374 necessaria
1638 3309 1770 3394 antiqua
1793 3329 1869 3372 con-

245 3413 417 3478 suetudine
441 3413 537 3499 digno
560 3416 665 3501 pretio
690 3407 868 3480 ementes9.

352 3519 380 3581 8.
416 3516 621 3603 Quicumque
645 3518 686 3582 ab
710 3518 834 3583 exteris
858 3519 1033 3604 provinciis
1057 3509 1312 3582 adventantes¹⁰
1334 3516 1588 3602 depredationes
1618 3522 1717 3602 atque
1740 3517 1869 3603 rapinas

200 3649 227 3688 so
245 3621 330 3686 infra
352 3642 488 3706 regnum
512 3621 572 3686 hoc
597 3643 754 3687 exercere
778 3629 985 3708 presumunt,
1009 3621 1058 3702 hi,
1082 3643 1154 3686 cum
1179 3622 1297 3708 quibus
1320 3627 1501 3700 morantur,
1524 3620 1644 3685 autad
1668 3620 1868 3686 audientiam

246 3744 302 3789 eos
327 3723 489 3788 adstruant
511 3731 569 3790 eut
590 3746 649 3810 pro
674 3725 721 3789 eis
746 3725 921 3790 emendent
944 3747 1050 3812 neque
1073 3747 1130 3790 eos
1154 3725 1293 3789 ulterius
1316 3725 1350 3788 in
1373 3724 1494 3789 talibus
1515 3725 1603 3789 ausis
1625 3745 1685 3789 sua
1703 3731 1868 3812 potestate

245 3826 421 3893 defendere
450 3828 608 3901 audeant3
640 3826 755 3911 quodsi
779 3828 932 3910 fecerint,
963 3831 1048 3894 inter
1071 3827 1370 3892 excommunicatos
1393 3826 1591 3906 habeantur,
1624 3848 1793 3912 quousque
1817 3848 1866 3892 re·

245 3922 446 4016 sipiscaut¹¹.

351 4033 521 4112 Preterea,
551 4033 627 4119 quia
649 4034 897 4119 gloriosusrex
914 4032 1013 4098 Wido
1037 4033 1189 4119 dignatus
1214 4040 1266 4100 est
1288 4033 1382 4098 nohis
1406 4035 1595 4119 promittere
1619 4040 1868 4098 conservaturus

201 4167 226 4206 rs
245 4158 281 4201 se
309 4137 491 4222 prescripta
519 4138 663 4222 capitula
691 4139 891 4203 necessitate
921 4158 986 4201 non
1010 4137 1144 4202 minime
1167 4136 1319 4202 confecta
1341 4144 1386 4214 et,
1418 4158 1502 4221 quae
1525 4138 1558 4200 in
1581 4137 1628 4200 eis
1653 4138 1868 4217 continentur,

245 4261 356 4304 curam
380 4239 504 4304 habens
527 4239 601 4305 Deo
629 4241 807 4326 inspirante
835 4261 915 4305 suae
943 4246 1139 4326 nostraeque
1162 4242 1294 4320 salutis,
1324 4240 1409 4304 sicut
1431 4239 1552 4324 apertis
1574 4240 1698 4304 inditiis
1722 4241 1786 4305 iem
1810 4239 1867 4305 de-

244 4350 418 4420 monstrat,
447 4342 519 4408 ideo
551 4342 644 4408 nobie
673 4343 822 4408 omnibus
846 4344 1043 4429 complacuit
1066 4344 1189 4429 eligere
1212 4345 1304 4409 illum
1333 4343 1366 4407 in
1394 4361 1505 4427 regem
1530 4349 1563 4407 et
1585 4343 1747 4408 seniorem
1770 4351 1867 4428 atque

244 4446 466 4526 defensorem,
504 4447 658 4531 quatinus
692 4446 809 4510 amodo
846 4453 880 4512 et
913 4446 1068 4532 deinceps
1104 4447 1161 4512 illo
1199 4468 1258 4512 nos
1293 4445 1471 4512 secundum
1506 4448 1618 4532 regale
1654 4448 1867 4512 ministerium

244 4550 447 4634 gubernante
477 4549 598 4634 singuli
625 4555 773 4614 nostrum
802 4547 836 4613 in
865 4570 924 4614 suo
955 4548 1067 4614 ordine
1095 4548 1309 4615 oboedientes
1339 4556 1372 4613 et
1400 4549 1566 4615 adiutores
1594 4570 1772 4637 proposse
1796 4550 1867 4614 exi-

201 4681 228 4720 ro
246 4659 370 4716 stanms
394 4652 443 4715 illi
465 4650 507 4717 ed
530 4674 624 4717 suem
646 4653 802 4738 regnique
827 4653 877 4717 sui
900 4653 1126 4718 salvationem.

831 4895 1050 4962 Electiouie
1077 4895 1277 4962 decretam.

350 5011 431 5076 Post
451 5012 574 5076 obitum
595 5014 816 5083 recordandae
834 5019 1013 5083 memoriae
1029 5017 1138 5083 domni
1153 5017 1279 5098 Karoli,
1304 5017 1439 5102 gloriosi
1454 5015 1662 5101 imperatoris
1679 5022 1714 5080 et
1729 5017 1867 5080 senioris

243 5116 359 5194 nostri,
391 5121 469 5200 quot
493 5122 678 5204 quantaque
701 5120 847 5204 pericula
871 5119 945 5184 huic
969 5119 1085 5185 Italico
1114 5141 1215 5205 regno
1243 5141 1347 5207 usque
1375 5121 1408 5184 in
1436 5140 1571 5205 presens
1599 5124 1728 5205 tempus
1752 5140 1866 5204 super-

344 5333 371 5400 9)
391 5331 448 5399 Ost.
468 5332 551 5402 Oopp.
571 5333 643 5404 Pup.
661 5336 725 5402 865,
749 5353 837 5406 capra
855 5355 883 5407 p.
901 5339 948 5406 92,
969 5355 990 5392 c.
1007 5339 1032 5392 2.
1147 5338 1176 5408 4)
1195 5337 1260 5407 Gap.
1282 5338 1433 5394 macera
1453 5355 1475 5393 c.
1491 5340 1516 5392 6.
1631 5339 1658 5402 5)
1678 5335 1780 5392 Ibidea
1802 5353 1823 5392 c.
1841 5338 1866 5393 4.

202 5449 226 5487 re
243 5435 270 5502 6)
288 5433 379 5502 Supra
395 5452 423 5503 p.
437 5435 495 5502 100,
514 5436 692 5491 isuarwruum
711 5438 818 5494 Karali.
905 5441 931 5508 t)
951 5440 986 5494 Id
1002 5446 1053 5495 est:
1081 5440 1103 5494 si
1122 5457 1203 5494 suum
1223 5441 1344 5496 noluerit
1360 5441 1491 5495 amittere
1510 5440 1655 5504 honorem;
1678 5441 1728 5508 cfr.
1744 5439 1867 5494 Widonis

245 5535 309 5605 Cap.
330 5536 399 5607 Pap.
418 5537 477 5603 891,
495 5537 574 5604 infra
586 5555 614 5607 p.
629 5541 688 5608 108,
705 5557 727 5596 e.
739 5543 763 5596 3.
851 5545 879 5612 8)
900 5543 956 5612 Osr.
976 5543 1068 5599 Lamh.
1083 5543 1148 5613 Gap.
1166 5545 1285 5601 Herem
1299 5545 1358 5612 898,
1377 5544 1455 5610 bosra
1469 5562 1499 5614 p.
1516 5545 1571 5611 109,
1589 5561 1609 5598 c.
1623 5545 1648 5598 2.
1735 5545 1763 5612 9)
1782 5543 1866 5613 Cupp.

246 5639 314 5707 Pup.
328 5639 387 5707 880,
405 5655 491 5708 aspra
504 5657 535 5709 p.
548 5642 590 5708 99,
608 5659 628 5697 c.
641 5645 666 5698 5.
737 5646 780 5708 10)
801 5645 1675 5717 Wruoaisaaemuiadautca;csr.1>ummter,l.c111¹,p.36⁷‚
1746 5648 1789 5713 11)
1810 5645 1865 5712 Ort.

251 5742 374 5798 Wr'doais
393 5743 457 5812 cap.
476 5745 548 5814 Pap.
565 5746 625 5814 891,
644 5747 722 5813 infra
734 5765 765 5818 p.
779 5748 837 5812 101,
855 5765 876 5805 u.
891 5752 914 5805 1.

346 5855 384 5893 cu.
403 5855 569 5896 wnuuamx
587 5857 612 5897 u.
1628 5845 1660 5900 14
