4634 6436
548 454 795 511 oarlrunnnln
814 454 945 512 REGUM
963 455 1148 512 Pannona
1168 456 1396 513 ORIENTALIS.
1416 489 1447 500 -
1466 459 1515 514 Nr.
1528 459 1587 514 243.
1821 465 1877 526 161

255 627 363 692 verbis
395 633 428 693 at
456 626 559 692 literis
593 649 653 693 nos
688 635 722 695 et
752 629 901 716 episcopi
932 630 1023 714 regni
1054 630 1154 695 nostri
1186 632 1297 716 nepoti
1328 639 1439 697 nostro
1465 633 1639 698 Hlothario
1671 633 1881 699 innotuimus.
1900 643 1958 698 861.

254 731 323 796 Nos
353 732 470 811 etiarn,
505 733 590 797 sicut
623 733 729 813 scitis,
765 734 902 799 consilio
931 740 963 798 et
992 755 1154 798 consensu
1182 733 1325 798 fidelium
1355 742 1539 802 nostrorum
1569 736 1781 802 communiter
1805 756 1880 800 con-

255 829 499 916 firmavimusffl,
533 842 570 901 ut
600 859 695 902 nemo
724 845 870 902 nostrum
903 837 1088 902 huiusmodi
1121 838 1286 902 bominem
1322 839 1354 902 in
1386 859 1488 923 regno
1520 859 1578 904 suo
1612 840 1748 925 recipiat
1775 859 1881 924 neque

255 939 420 1004 immorari
442 940 621 1025 permittat,
647 939 703 1004 sed
728 939 769 1004 ad
794 946 915 1005 rectam
939 940 1098 1005 rationem
1122 940 1320 1006 reddendam
1346 947 1379 1006 et
1399 941 1439 1005 ad
1458 941 1691 1027 poenitentiam
1709 940 1880 1026 agendam,

224 1043 340 1107 ssicut
363 1049 521 1106 statutum
545 1049 611 1124 est,
639 1043 731 1107 illum
753 1043 861 1108 redire
884 1051 988 1128 cogat.
1034 1042 1184 1116 Qualiter
1207 1049 1316 1108 autem
1340 1064 1443 1129 nepos
1466 1052 1578 1110 noster
1601 1044 1793 1110 Hlotharius
1816 1066 1881 1108 non

256 1146 359 1210 solum
392 1166 471 1230 erga
500 1166 560 1211 nos
593 1153 626 1209 et
656 1146 972 1231 consanguinitatem
1002 1151 1164 1220 nostram,
1200 1168 1311 1211 verum
1344 1154 1377 1211 et
1407 1157 1520 1212 contra
1548 1146 1656 1213 Deum
1690 1154 1723 1212 et
1755 1169 1881 1213 sacram

255 1249 482 1314 auctoritatem
514 1256 547 1315 et
577 1270 781 1315 communem
811 1250 1081 1315 christianitatem
1112 1250 1186 1315 inde
1214 1253 1333 1336 egerit,
1369 1272 1479 1336 spero,
1513 1253 1589 1337 quia
1611 1273 1668 1316 ros
1696 1272 1761 1316 non
1789 1252 1881 1328 latet,

255 1351 341 1437 quod
370 1358 420 1416 est
448 1352 596 1437 plurimis
624 1355 798 1438 cognitum.
852 1353 896 1417 Et
927 1361 1058 1418 sanctus
1082 1353 1219 1432 Paulus,
1254 1373 1432 1441 perquem
1462 1356 1615 1441 loquutus
1646 1363 1697 1420 est
1721 1354 1881 1433 Christus,

256 1455 350 1521 dicit:
385 1448 502 1520 ‘llon11
529 1456 635 1520 solum
659 1458 711 1541 qui
735 1456 873 1533 faciunt,
907 1457 962 1521 sod
987 1458 1041 1542 qui
1066 1459 1271 1522 consentiunt
1301 1457 1499 1522 facientibus
1530 1457 1621 1543 digni
1650 1465 1726 1523 sunt
1756 1458 1880 1524 morte’

213 1583 238 1620 ro
365 1563 394 1625 6.
429 1559 516 1625 Nota
539 1566 592 1624 est
615 1560 705 1625 robis
730 1559 892 1626 cauaade
915 1581 1018 1625 uxore
1042 1561 1172 1646 nepotis
1195 1562 1297 1625 nostri
1320 1559 1497 1638 Hlotbarii,
1520 1561 1606 1627 unde
1631 1570 1664 1626 et
1687 1562 1823 1627 anobis
1848 1568 1882 1627 et

254 1663 295 1728 ab
327 1664 490 1749 episcopis
524 1664 616 1749 regni
648 1665 769 1736 nostri,
804 1662 862 1728 sed
894 1670 927 1728 et
958 1664 999 1728 ab
1028 1664 1100 1728 aliis
1132 1665 1292 1750 episcopis
1324 1665 1555 1750 praesentibus
1586 1665 1678 1729 nobis
1711 1666 1881 1730 consilium

255 1766 417 1852 qnaesivit
440 1773 474 1830 et
496 1765 636 1840 audivit3
666 1765 725 1830 sed
749 1765 929 1832 secundum
951 1766 1031 1831 illud
1055 1767 1227 1831 consilium
1252 1767 1372 1832 exinde
1395 1789 1460 1832 non
1483 1767 1573 1834 lecit.
1619 1767 1746 1832 Scimus
1770 1769 1881 1845 etiam,

255 1869 331 1955 quia
361 1876 395 1934 et
425 1867 466 1932 ad
498 1868 652 1933 domuum
684 1868 900 1956 apostolicum
931 1890 990 1955 pro
1008 1864 1083 1933 ¹boc
1115 1860 1329 1934 transmisit¹²
1357 1877 1391 1935 et
1421 1871 1462 1935 ab
1493 1871 1549 1936 illo
1579 1871 1733 1956 epistolas
1761 1870 1881 1936 exinde

254 1974 388 2060 recepit.
433 1973 564 2058 Negare
587 1994 716 2060 quoque
746 1996 811 2038 non
836 1974 983 2039 volumus
1011 1996 1070 2039 nos
1100 1975 1199 2052 scire,
1233 1973 1308 2060 quid
1333 1973 1470 2038 domnus
1500 1976 1700 2061 apostolicus
1723 1983 1756 2040 et
1777 1975 1825 2039 illi
1849 1980 1882 2040 ct

212 2101 236 2140 rs
256 2076 451 2163 quibusdam
485 2077 647 2163 episcopis
680 2076 756 2142 inde
791 2077 974 2148 mandarit:
996 2084 1046 2142 et
1078 2079 1216 2156 scimus,
1248 2077 1334 2166 quod
1366 2099 1487 2163 negare
1520 2100 1584 2144 non
1618 2099 1790 2165 possumus
1820 2099 1882 2144 neo

255 2182 421 2261 volumus,
453 2182 604 2267 quoniam
632 2201 697 2245 non
721 2180 890 2256 debemus,
924 2182 1001 2265 quia
1023 2180 1133 2245 domni
1163 2181 1333 2266 apostolici
1360 2182 1599 2247 commendatio
1627 2182 1668 2247 ab
1692 2181 1882 2267 evangelica

256 2286 395 2349 veritate
419 2291 453 2348 et
475 2283 516 2348 ab
540 2284 721 2370 apostolica
744 2291 841 2370 atque
866 2285 1022 2349 canonica
1045 2286 1240 2350 auctoritate
1263 2285 1296 2349 in
1319 2286 1408 2350 nullo
1433 2285 1615 2360 discordat;
1647 2292 1679 2350 et
1702 2285 1879 2351 secundum

255 2387 444 2454 mandatum
476 2387 563 2452 illius
594 2387 635 2453 de
665 2388 726 2453 hoc
757 2388 843 2453 lacto
875 2399 1051 2454 executum
1082 2409 1146 2464 nou
1177 2387 1360 2453 audivimus
1391 2409 1451 2454 ncc
1479 2389 1636 2455 ridemus.
1689 2389 1752 2455 Illa
1782 2389 1880 2453 etiam

255 2497 370 2556 sancta
392 2498 426 2556 ct
448 2492 553 2576 prima
575 2492 607 2556 in
631 2497 701 2556 toto
724 2491 801 2556 orbe
825 2499 986 2557 terrarum
1010 2490 1106 2556 sedes
1129 2513 1188 2577 per
1211 2491 1357 2556 divinum
1379 2491 1527 2570 Paulum,
1556 2495 1734 2558 coelestem
1758 2493 1882 2557 seilicet

211 2613 236 2656 rc
254 2596 380 2674 trabam,
410 2597 466 2680 qui
493 2594 535 2659 ad
561 2595 845 2660 tertiumcoelum
871 2603 905 2660 et
934 2593 974 2658 ad
998 2593 1186 2679 paradisum
1211 2602 1323 2681 raptus
1347 2595 1409 2660 boc
1433 2596 1474 2661 ab
1498 2598 1569 2682 ipsc
1594 2596 1735 2660 Domino
1759 2594 1881 2673 didicit,

254 2699 348 2765 nobis
376 2706 410 2764 et
437 2697 587 2763 omnibus
618 2698 804 2763 christianis
835 2718 964 2783 semper
991 2699 1022 2761 in
1051 2699 1138 2762 omni
1169 2697 1289 2764 mundo
1319 2701 1438 2763 clamat
1469 2691 1588 2764 ‘cum13
1611 2699 1796 2765 huiusmodi
1820 2719 1881 2764 nec

255 2804 363 2870 cibum
387 2800 539 2872 sumere’;
572 2809 605 2868 et
627 2823 688 2888 per
709 2803 842 2868 beatum
865 2801 1022 2867 Ioannem
1046 2803 1229 2888 apostolum
1238 2794 1276 2882 ¹4,
1306 2803 1360 2888 qui
1383 2801 1423 2866 dc
1447 2808 1582 2867 aeterno
1606 2808 1639 2867 et
1662 2802 1736 2866 vivo
1759 2800 1881 2867 Christi

255 2909 397 2993 pectoris
419 2906 508 2972 tonte
532 2907 566 2971 in
589 2927 706 2986 coena,
738 2906 867 2991 quando
892 2913 1099 2972 sacramenta
1122 2907 1380 2992 redemptionis¹¹¹
1403 2913 1535 2972 nostrae
1561 2913 1637 2971 sunt
1660 2906 1825 2970 celebrata
1848 2913 1881 2970 et

255 3010 384 3088 tradita,
408 3031 509 3096 super
523 3031 562 3076 eo
578 3009 772 3075 recumbens
788 3009 908 3089 hausit,
931 3009 1018 3095 quod
1037 3009 1215 3095 redemptis
1232 3010 1381 3075 omnibus
1397 3011 1591 3096 propinavit,
1615 3009 1880 3075 manifestissime

211 3133 236 3174 rr
255 3113 352 3179 sedes
375 3114 553 3200 apostolica
577 3113 741 3178 interdicit
764 3113 948 3178 huiusmodi
971 3114 1135 3179 bominem
1159 3136 1221 3179 non
1243 3114 1366 3180 debere
1382 3135 1576 3199 quemquam
1593 3116 1625 3178 in
1642 3114 1771 3179 domurn
1789 3135 1881 3179 suam

254 3218 400 3304 recipere
435 3239 495 3282 neo
533 3237 593 3282 ave
626 3219 656 3282 ei
687 3217 814 3298 dicere,
856 3211 976 3302 ‘quiaff‘
1004 3220 1059 3303 qui
1090 3217 1169 3282 dicit
1201 3220 1230 3281 ei
1264 3240 1341 3292 ave,
1375 3219 1593 3282 communicat
1625 3217 1778 3302 operibus
1810 3219 1882 3282 eius

255 3319 428 3406 malignis’;
459 3328 492 3386 et
515 3342 574 3406 per
596 3321 731 3387 beatum
748 3319 939 3407 Gregorium
964 3344 1082 3408 papam
1106 3324 1139 3387 in
1162 3323 1312 3388 homeliis
1328 3323 1512 3388 Ezechielis
1530 3322 1624 3387 dicit:
1650 3314 1781 3397 ‘Quiaffi
1797 3323 1882 3386 sicut

255 3424 329 3505 ille,
353 3424 408 3509 qui
430 3423 494 3489 lide
518 3445 538 3488 a
559 3422 633 3490 Deo
657 3424 798 3504 recedit,
827 3432 976 3511 apostata
1000 3433 1066 3506 est,
1094 3427 1141 3490 ita
1163 3433 1197 3490 et
1219 3427 1285 3506 ille,
1310 3428 1364 3513 qui
1385 3448 1405 3490 a
1427 3425 1499 3491 Deo
1524 3425 1648 3490 recedit
1672 3445 1786 3511 opere,
1811 3425 1881 3490 sinc

255 3527 353 3593 dubio
376 3533 527 3613 apostata
550 3527 621 3608 cst',
645 3528 808 3614 quoniam,
832 3529 916 3593 siout
939 3527 1016 3593 dicit
1039 3530 1216 3614 apostolus,
1240 3521 1367 3593 ‘fides'¹⁷
1389 3528 1459 3592 sine
1483 3528 1636 3614 operibus
1659 3535 1787 3592 mortua
1810 3526 1880 3593 est’.

212 3651 238 3690 ³⁰
255 3632 299 3697 Et
320 3634 414 3711 item,
443 3634 528 3698 sicut
557 3634 661 3697 alius¹¹
684 3632 763 3697 dicit
785 3633 968 3718 apostolus,
999 3625 1129 3709 ‘sunt¹⁸,
1158 3634 1212 3718 qui
1237 3632 1434 3697 confitentur
1457 3653 1493 3696 sc
1518 3652 1614 3696 nosse
1637 3631 1757 3708 Deum,
1786 3631 1880 3695 factis

256 3744 367 3801 autem
399 3735 542 3821 negant’.
595 3736 639 3801 Et
668 3737 737 3822 ipse
761 3727 959 3800 Dominus19
987 3735 1064 3799 dicit
1094 3735 1135 3801 dc
1166 3737 1268 3801 semel
1299 3742 1332 3801 et
1364 3733 1507 3799 secundo
1536 3755 1575 3799 ac
1606 3734 1702 3798 tertio
1731 3733 1881 3818 legaliter

257 3839 476 3905 commouito⁰
505 3846 538 3904 ct
567 3861 630 3904 nou
662 3844 824 3916 correcto,
857 3846 892 3902 ut
922 3840 964 3902 sit
991 3840 1085 3903 nobis
1116 3839 1199 3903 sicut
1226 3839 1357 3924 gentilis
1385 3843 1418 3903 et
1446 3837 1584 3922 publicis
1608 3837 1796 3902 criminibus
1819 3838 1879 3900 irn-

255 3944 407 4029 plicatus,
430 3963 502 4007 cum
527 3962 590 4027 quo
613 3950 646 4008 ot
668 3935 882 4028 apostolica¹3
905 3950 939 4008 et
961 3944 1117 4008 canonica
1140 3945 1315 4009 auctoritas
1339 3951 1411 4008 ‘neo
1428 3942 1534 4007 eibum
1551 3938 1703 4016 sumere’‚
1727 3948 1762 4004 ut
1784 3961 1879 4025 praa-

255 4047 413 4127 misimus,
437 4047 531 4111 nobis
556 4047 716 4112 concedit.

213 4169 238 4209 rs
365 4155 393 4214 7.
427 4149 624 4235 Propterea,
653 4151 747 4215 unice
772 4157 805 4214 et
826 4151 929 4214 lrater
952 4151 1136 4228 carissime,
1169 4150 1496 4234 a1'vobismetipsisq
1520 4148 1880 4232 consilium¹accipite,

256 4254 391 4319 etmihi
415 4253 587 4319 consilium
612 4252 702 4333 date,
731 4262 765 4318 et
788 4253 850 4339 ipsi
874 4254 986 4339 nepoti
1010 4260 1122 4318 nostro
1146 4274 1226 4318 suae
1250 4253 1365 4317 salutis
1390 4259 1423 4317 et
1445 4251 1577 4316 honoris
1600 4249 1675 4315 date
1700 4251 1881 4331 consilium,

256 4364 290 4423 et
317 4363 483 4445 praestate
508 4356 676 4436 auxilium,
706 4357 782 4441 quia
810 4365 844 4421 et
875 4378 936 4441 ego
965 4356 1005 4421 sd
1033 4357 1109 4436 boc,
1141 4363 1298 4443 quantum
1326 4356 1404 4421 mibi
1427 4356 1587 4421 Dominus
1616 4355 1697 4419 scire
1727 4359 1760 4419 et
1782 4374 1880 4438 posse

257 4460 437 4538 donaverit,
461 4483 533 4525 sum
556 4467 689 4546 paratus
713 4461 808 4526 simul
830 4461 999 4526 vobiscum
1022 4482 1130 4546 agere,
1154 4462 1182 4525 si
1206 4460 1346 4526 voluerit
1367 4461 1435 4544 ipse
1459 4459 1614 4543 recipere.

364 4567 394 4630 8.
428 4563 523 4638 Quod
551 4571 662 4630 autem
689 4565 860 4630 consilium
892 4587 953 4650 ego
982 4585 1054 4628 curn
1084 4564 1247 4650 episcopis
1272 4572 1305 4627 et
1328 4563 1447 4627 ceteris
1470 4559 1620 4625 fidelibus
1645 4559 1780 4636 nostris,
1814 4558 1879 4622 sol-

213 4670 364 4733 elicitus
387 4676 420 4732 et
444 4689 502 4753 pro
526 4674 638 4732 nostra
660 4669 832 4750 communi,
855 4675 965 4733 vestra
981 4669 1106 4733 scilicet
1129 4674 1163 4732 et
1184 4688 1270 4744 mea,
1294 4665 1353 4730 sed
1376 4676 1410 4730 et
1431 4686 1490 4750 pro
1509 4664 1613 4750 ipsius
1629 4661 1759 4748 nepotis
1778 4661 1880 4725 nostri

256 4774 362 4838 salute
386 4777 419 4836 ct
438 4770 562 4835 honore
586 4778 619 4834 ot
634 4792 691 4856 pro
708 4772 870 4836 communi
886 4773 1029 4836 omnium
1047 4770 1190 4835 fidelium
1206 4757 1389 4835 nostrorum
1405 4767 1621 4833 indemnitate
1642 4770 1675 4829 et
1689 4765 1880 4842 salvatione,

255 4898 339 4942 nunc
362 4876 512 4962 proxime
541 4881 574 4940 ct
600 4877 633 4939 in
664 4875 787 4962 synodo
819 4884 852 4941 et
881 4878 912 4941 in
942 4877 1063 4962 placito
1091 4881 1203 4940 nostro
1236 4874 1364 4959 accepi,
1395 4872 1505 4950 robis,
1536 4870 1588 4934 oui
1611 4869 1736 4933 nullum
1759 4867 1880 4931 bonurn

255 4999 394 5065 negare,
424 4977 484 5044 sed
507 4999 603 5043 onrnc
626 4978 747 5044 bonurn
771 5001 880 5045 meum
904 4987 1037 5066 paratus
1062 5002 1133 5045 sum
1156 4980 1370 5067 participare,
1399 4975 1489 5052 dico,
1513 4976 1542 5039 si
1564 4974 1687 5060 placet,
1711 4978 1759 5051 et,
1784 4973 1812 5036 si
1834 4972 1881 5034 ita

358 5188 394 5254 m)
416 5189 623 5256 inredempticnis
640 5186 665 5240 2.
678 5187 702 5240 3.
790 5189 818 5253 n)
836 5187 898 5240 alibi
916 5183 979 5240 23.
1065 5185 1091 5252 ο)
1109 5187 1329 5240 excommunicato
1347 5183 1370 5237 2.
1384 5182 1409 5236 3.
1497 5182 1524 5251 p)
1542 5189 1568 5235 et
1586 5179 1661 5232 1-3.
1747 5178 1776 5245 q)
1795 5178 1880 5230 nobis-

213 5287 237 5326 lo
255 5275 369 5342 metipsis
386 5273 411 5327 4.
481 5275 504 5335 r)
522 5291 571 5326 om.
588 5271 667 5326 2-4.

362 5442 402 5508 10)
421 5441 513 5510 Supra
531 5456 559 5510 p.
574 5441 636 5509 155,
659 5442 719 5496 cb.
834 5442 877 5509 11)
902 5442 978 5497 Rom.
1002 5441 1086 5508 1,32.
1203 5441 1245 5506 12)
1267 5441 1324 5506 Osa.
1342 5437 1452 5493 Nicetes?
1471 5436 1494 5491 1.
1517 5451 1557 5503 ap.
1574 5434 1617 5490 58.
1633 5435 1675 5502 ll,
1701 5433 1795 5487 Macri
1815 5431 1880 5499 XV,

254 5545 300 5599 col.
313 5543 450 5609 sacar&
468 5543 548 5612 stult,
563 5543 629 5614 Ray.
643 5544 749 5612 Pontis.
762 5545 798 5613 1¹,
809 5546 971 5601 2881126118.
1030 5543 1334 5614 renominarunt.
1396 5542 1438 5605 11)
1457 5543 1481 5594 2.
1496 5539 1553 5593 Iole.
1568 5539 1608 5592 10.
1669 5537 1710 5604 15)
1728 5537 1754 5589 2.
1767 5535 1825 5589 Ich.
1840 5535 1879 5588 11.

255 5647 300 5716 16)
322 5646 448 5714 Graeculi
461 5645 707 5714 marathonium
718 5647 847 5716 Eacclul,
865 5649 932 5714 αἳ)
954 5647 1043 5717 Qec
1061 5645 1161 5714 toncI,
1178 5647 1225 5700 col.
1239 5646 1315 5702 1251.
1387 5644 1430 5711 11)
1449 5643 1505 5698 Iac.
1524 5642 1603 5710 226.
1676 5637 1881 5706 18)11’1.1,16.

256 5750 300 5818 19)
321 5749 418 5804 Macra
440 5749 530 5816 18,17.

357 5861 395 5900 nn.
414 5860 582 5900 csrrrmsrus
601 5861 628 5900 u.
1639 5838 1673 5892 21
