4568 6420
216 481 218 486 ,
314 435 583 492 Aunlrnnurlrn
603 437 651 491 nu
668 437 783 492 CAPIT.
804 437 884 493 REG.
903 435 1462 507 rusuurnuoccmaur.(xnu0n1
1481 438 1527 506 ll).
1545 468 1578 478 —
1596 437 1645 492 Νι.
1659 438 1718 492 997.
1767 442 1829 504 437

201 610 331 696 placeat
354 618 388 676 et
410 612 522 691 iacias,
547 611 632 697 quod
657 612 702 676 illi
725 611 887 698 displicet,
910 611 969 676 tibi
995 611 1167 697 displiceat
1190 619 1224 676 et
1246 633 1311 676 non
1335 612 1454 684 faciam
1484 611 1598 696 quodsi
1623 635 1682 699 per
1704 613 1825 698 fragili·
1847 625 1907 680 858.

200 723 302 780 tatem
325 716 457 792 feceris,
488 737 552 781 non
580 718 815 782 contumaciter
844 717 894 781 vel
922 717 1134 802 pertinaciter
1164 717 1197 778 in
1225 723 1280 779 tuo
1310 715 1396 779 malo
1425 716 1513 780 facto
1540 737 1750 801 perseveras,
1774 716 1830 781 sed

202 822 312 884 statim
337 819 455 904 pedem
479 820 563 883 sicut
586 841 605 883 a
629 820 716 884 lsrro
741 820 846 886 calido
873 839 1004 896 revoca,
1034 828 1067 882 et
1097 821 1128 883 in
1153 819 1238 884 viam
1267 820 1444 883 voluntatis
1470 818 1622 884 Dominis
1643 821 1689 884 tui
1713 819 1832 906 dirige:

203 933 246 1004 et,
270 927 354 989 siout
377 926 534 1010 scriptum
558 933 618 1004 est,
642 927 719 1010 quio
741 917 862 989 ‘suncti
885 925 973 1002 viae,
1005 944 1089 1009 qnae
1113 923 1265 988 videntur
1296 923 1479 987 homiuibus
1510 923 1615 987 bonae
1645 930 1678 987 et
1710 923 1832 987 ducunt

172 1027 243 1090 sad
267 1025 454 1107 interitum',
485 1027 552 1104 fao,
576 1029 660 1091 sicut
682 1030 842 1114 scriptura
867 1029 923 1093 tibi
949 1029 1122 1114 praecipit,
1149 1029 1334 1112 quicunque
1358 1047 1393 1090 os
1418 1027 1530 1104 homo,
1554 1019 1767 1112 ‘interrogall
1791 1026 1832 1092 de

202 1131 254 1194 ria
282 1132 368 1195 bona
396 1138 429 1195 et
460 1132 591 1196 ambula
621 1153 680 1218 per
709 1131 803 1210 esm’,
834 1133 927 1218 quia,
958 1134 1063 1196 sicut⁸
1085 1130 1203 1196 dicitur
1225 1130 1258 1194 in
1282 1131 1486 1215 evangelioss,
1517 1121 1671 1215 ‘amplalss
1696 1132 1749 1196 ria
1771 1139 1833 1212 est,

202 1255 286 1318 quae
309 1233 399 1298 ducit
422 1234 463 1299 ad
486 1234 716 1320 perditionem,
744 1244 778 1300 et
809 1237 900 1300 multi
925 1237 1048 1300 vadunt
1077 1258 1135 1322 per
1158 1257 1248 1308 eam·;
1279 1235 1335 1300 et¹¹
1363 1242 1435 1299 arta
1463 1243 1496 1300 et
1528 1237 1744 1320 angustaris
1771 1245 1832 1314 est,

203 1359 286 1424 quae
309 1338 398 1403 ducit
420 1338 461 1404 ad
486 1339 598 1412 vitam,
628 1347 661 1403 et
683 1343 777 1427 pauci
801 1342 970 1404 inveniunt
999 1337 1100 1408 eam’:
1128 1346 1301 1425 propterea
1330 1340 1514 1425 quicunque
1545 1361 1581 1403 es
1612 1339 1724 1416 homo,
1756 1339 1833 1402 audi

204 1442 407 1528 prophetam,
432 1449 465 1506 et
488 1464 545 1506 ora
568 1464 641 1507 cum
666 1444 838 1530 propheta:
871 1437 1043 1530 ‘Legemrs
1067 1465 1150 1530 poue
1172 1445 1262 1520 mihi,
1287 1443 1438 1524 Domine,
1463 1445 1548 1506 viam
1564 1444 1833 1508 iustificationum

163 1567 187 1605 ιο
205 1553 348 1624 tuarum,
379 1552 411 1609 et
435 1547 603 1631 exquiram
628 1567 700 1609 eam
726 1545 875 1632 semper'‚
900 1554 933 1611 et
956 1547 1072 1611 ‘deduc
1102 1569 1153 1611 me
1186 1549 1217 1611 in
1242 1545 1409 1611 semitami
1432 1547 1658 1612 mandatorum
1683 1545 1834 1626 tuorum’,

205 1657 238 1713 et
261 1649 379 1714 ‘viam‘
403 1651 582 1736 iniquitatis
606 1671 721 1713 amove
750 1673 770 1714 a
793 1673 861 1730 me,
891 1651 940 1716 et¹
962 1652 1037 1736 lege
1062 1659 1118 1716 tua
1141 1653 1297 1716 miserere
1324 1652 1404 1724 mei;
1436 1642 1570 1736 quiaffl’,
1599 1653 1684 1715 sicut
1713 1651 1832 1714 Hiere-

204 1755 286 1818 mias
310 1754 469 1840 propheta
492 1753 585 1834 dicit,
615 1763 690 1818 ‘non
720 1763 771 1818 est
798 1755 936 1820 hominis
960 1756 1013 1820 via
1036 1756 1122 1832 eius,
1150 1775 1210 1819 nec
1234 1755 1292 1819 riri
1319 1764 1385 1834 est,
1418 1762 1453 1818 ut
1487 1755 1634 1820 ambulet
1657 1761 1691 1818 et
1714 1753 1835 1839 dirigat

206 1878 338 1942 gressus
362 1855 461 1934 suos',
496 1857 552 1921 sed
582 1848 645 1922 ‘affl
671 1857 811 1923 Domino
835 1858 1019 1943 diriguntur
1042 1880 1176 1942 gressus
1201 1859 1277 1938 viri,
1301 1867 1335 1923 et
1357 1861 1443 1923 viam
1468 1859 1539 1923 eius
1565 1856 1674 1923 rolat'
1702 1858 1833 1944 -Ipsi

206 1963 343 2026 comites
368 1962 526 2041 similiter,
551 1969 707 2047 quantum
724 1965 896 2049 potuerint,
922 1965 1046 2027 similes
1063 1963 1124 2026 sibi
1140 1963 1294 2027 timentes
1312 1963 1417 2026 Deum
1437 1969 1469 2028 et
1485 1962 1641 2026 iustitiam
1658 1961 1834 2046 diligentes

165 2089 188 2126 rs
207 2077 291 2153 perm
316 2088 351 2130 se
375 2066 540 2130 ministros
564 2068 776 2146 constituant,
801 2068 866 2152 qui,
890 2068 974 2131 sicut
997 2067 1144 2131 seniores
1168 2077 1266 2130 suos¹¹
1289 2068 1450 2152 benignos
1475 2074 1508 2131 et
1532 2065 1684 2130 affabiles
1708 2087 1833 2152 pagen-

206 2169 296 2233 sibus
319 2171 386 2234 suis
411 2168 567 2250 viderint,
596 2171 713 2255 stipsi
746 2193 803 2257 pro
832 2171 963 2235 modulo
987 2191 1047 2234 ano
1070 2170 1143 2234 illos
1165 2171 1283 2234 imitari
1306 2171 1338 2234 in
1363 2172 1450 2233 omni
1474 2169 1622 2234 bonitate
1647 2175 1681 2234 et
1705 2170 1833 2233 iustitia

207 2280 345 2338 certent.
1333 2275 1334 2280 ’

318 2380 365 2441 13.
401 2377 561 2441 Homines
589 2379 689 2442 etiam
719 2385 751 2442 at
775 2383 925 2463 potentes
950 2377 1090 2457 saeculi,
1120 2378 1175 2462 qui
1198 2379 1284 2442 iuter
1308 2379 1387 2442 istas
1411 2377 1590 2442 seditiones
1614 2379 1697 2463 legis
1720 2379 1833 2462 iugum

207 2489 240 2546 et
262 2482 418 2544 iustitiam
442 2482 617 2565 aequitatis
641 2481 852 2566 refugerunt⁰
882 2489 915 2546 et
946 2483 1024 2546 talia
1046 2503 1084 2546 oc
1107 2487 1198 2546 tanta
1220 2483 1386 2562 lecerunt,
1410 2503 1468 2566 pro
1492 2482 1609 2568 quibus
1634 2483 1834 2546 ecclesiasti-

163 2604 189 2643 ιο
208 2607 278 2650 cam
303 2593 336 2650 et
358 2587 602 2672 episcopalemr
624 2587 993 2651 excommunicationem
1019 2593 1217 2667 meruerunt,
1241 2584 1282 2649 ad
1304 2585 1419 2670 legesq
1442 2592 1476 2649 et
1500 2587 1646 2650 iustitiae
1671 2585 1834 2649 tramitem

207 2698 369 2768 revocata,
393 2697 426 2753 et
449 2697 503 2754 ut¹¹
527 2689 568 2753 ad
592 2699 687 2753 suosr
711 2690 883 2775 episcopos
908 2691 1092 2770 humiliter,
1118 2691 1202 2753 sicut
1226 2691 1273 2753 eis
1298 2711 1433 2754 necesse
1458 2695 1518 2766 est,
1542 2690 1691 2768 veniant,
1723 2688 1835 2752 iubete

208 2794 261 2858 val
284 2793 405 2877 cogite;
429 2798 463 2856 et
486 2800 521 2856 nt
544 2792 714 2872 ecclesiae,
738 2795 769 2857 in
794 2813 891 2879 quam
915 2801 1153 2879 peccaverunt,
1176 2798 1234 2857 aut
1257 2815 1329 2858 oum
1353 2792 1465 2856 debita
1488 2801 1537 2857 et·
1560 2793 1751 2858 necessaria
1773 2793 1834 2856 hu·

210 2897 345 2960 militate
368 2896 582 2974 satisfaciant,
606 2905 662 2959 aut
678 2896 844 2961 humiliter
867 2904 900 2960 et
917 2898 1076 2962 ueraciter
1100 2918 1136 2961 se
1154 2903 1323 2976 excusent,
1349 2897 1490 2983 qualiter
1506 2896 1632 2960 absolvi
1657 2896 1834 2962 aDomino

211 3020 269 3086 per
292 3001 505 3064 ministerium
529 3001 715 3086 episcopale
741 3000 880 3079 valeant,
903 3000 1040 3065 suadete
1064 3011 1162 3086 atque
1193 3002 1285 3086 regia
1315 3007 1479 3086 potestate
1509 3001 1698 3086 praecipite.
1744 2999 1787 3064 ut
1810 3001 1836 3065 si

166 3125 191 3165 ιι
211 3105 294 3168 torte
323 3124 380 3167 vos
411 3103 464 3167 vel
497 3104 681 3189 quicunque
709 3105 763 3168 alii
793 3103 834 3168 de
867 3125 980 3168 eorum
1013 3107 1180 3170 societatis
1211 3112 1244 3170 et
1274 3105 1510 3169 coniunctionis
1540 3106 1833 3170 communicatione

209 3208 320 3271 inlecti
345 3214 379 3271 et
402 3207 608 3272 condemnati
631 3215 716 3290 sunt,
741 3209 975 3293 poenitentiam
1000 3211 1137 3295 quisque
1161 3231 1196 3273 se
1223 3209 1488 3293 recognoscendo
1511 3208 1626 3280 faciam
1650 3210 1726 3293 quia
1750 3215 1836 3273 teste

211 3334 305 3377 sacra
323 3313 516 3376 auctoritate
532 3333 596 3376 non
612 3313 732 3397 poterit
748 3312 872 3377 absolvi
896 3335 915 3376 a
932 3314 1011 3394 suis,
1034 3315 1088 3399 qui
1104 3313 1248 3399 peccatis
1265 3312 1493 3377 damnabiliter
1509 3318 1664 3398 gravatur
1680 3313 1835 3390 externis,

213 3417 297 3480 sicut
329 3437 425 3480 orans
457 3417 651 3481 Dominum²
683 3422 815 3480 sanctus
844 3418 1004 3504 propheta
1033 3416 1140 3482 David
1177 3417 1380 3482 demonstrat
1408 3415 1535 3480 diceus:
1570 3407 1670 3480 ι8582
1702 3416 1838 3481 occultis

212 3521 294 3584 meis
319 3520 439 3585 munda
462 3542 525 3601 me,
542 3521 701 3600 Domine,
725 3528 758 3585 et
781 3521 822 3586 ab
846 3522 961 3586 alienis
986 3544 1082 3608 parce
1108 3542 1204 3586 servo
1227 3519 1306 3585 tuo.’

169 3649 195 3688 sa
323 3629 372 3688 14.
406 3623 535 3689 Iudices
566 3624 706 3711 denique
737 3625 885 3690 villarum
918 3627 1101 3711 regiarumu
1133 3626 1335 3703 constituite,
1370 3625 1424 3710 qui
1457 3644 1522 3687 non
1554 3624 1618 3687 siut
1645 3622 1753 3709 cupidi
1783 3628 1838 3685 etv

213 3748 278 3792 non
300 3726 438 3812 diligent
465 3727 634 3792 auaritiam
663 3733 696 3791 et
722 3748 839 3792 usuras
870 3751 928 3793 neo
958 3730 1019 3816 ipsi
1048 3730 1169 3795 faciant
1204 3751 1265 3795 nec
1294 3730 1449 3814 pecunias
1477 3728 1585 3813 regias
1617 3729 1669 3792 vel
1697 3748 1773 3791 suas
1797 3726 1837 3790 ad

213 3852 329 3896 usuras
361 3831 483 3896 donent
509 3851 615 3916 neque
645 3852 664 3894 a
692 3832 759 3895 suis
789 3831 929 3897 subditis
960 3854 1075 3898 usuras
1108 3833 1177 3897 fieri
1208 3834 1334 3912 sinant,
1372 3853 1457 3918 quae
1491 3831 1625 3896 omnia*
1655 3852 1711 3894 ros
1743 3851 1841 3915 super

214 3956 327 3999 omnes
356 3935 520 3999 ministros
551 3941 698 3999 vestros¹
731 3935 820 3999 odire
857 3935 984 4000 dabatis
1019 3944 1052 4000 et
1087 3938 1213 4022 fugere.
1266 3935 1309 4000 nt
1338 3956 1451 4000 seruos
1482 3935 1591 4019 regios
1621 3933 1746 3999 iudices
1775 3954 1839 3997 non

214 4039 412 4124 opprimant,
442 4059 503 4102 neo
531 4039 615 4102 ultra
647 4039 734 4125 quod
763 4041 850 4104 soliti
880 4040 1012 4104 fuorunt
1042 4040 1178 4105 reddere
1203 4049 1348 4126 tempore
1372 4040 1473 4125 patris
1498 4039 1599 4103 vestri
1628 4038 1669 4102 ab
1693 4039 1740 4102 eis
1769 4038 1839 4101 axi-

171 4167 195 4207 n
214 4150 327 4227 gant¹3
357 4164 463 4228 neque
486 4164 545 4229 per
568 4145 720 4228 angarias
743 4145 776 4208 in
799 4151 943 4230 tempore
969 4145 1146 4229 incongruo
1169 4144 1242 4208 illos
1266 4143 1429 4229 alfligaut;
1453 4163 1560 4227 neque
1585 4163 1644 4227 per
1666 4140 1760 4205 dolos
1785 4147 1842 4205 aut

214 4257 292 4332 per¹¹
316 4247 402 4311 mala
425 4248 557 4332 ingenia
580 4247 938 4314 sire.iucouvenientes
962 4250 1168 4336 precationes
1198 4248 1328 4312 colonos
1352 4247 1585 4326 condemnent,
1612 4245 1704 4330 quia,
1733 4245 1842 4330 siper

215 4351 297 4416 tales
314 4351 365 4414 vel
388 4351 471 4433 alias
486 4351 672 4416 huiusmodi
690 4351 869 4416 factionesy
892 4352 1020 4438 pondus
1043 4353 1170 4438 argenti
1195 4352 1246 4417 vel
1270 4353 1338 4416 auri
1362 4351 1544 4416 habueritis
1568 4350 1601 4413 in
1625 4369 1712 4428 area,
1736 4348 1841 4411 mains

214 4462 247 4520 et
269 4455 401 4540 gravius
425 4455 551 4540 pondus
574 4457 637 4520 erit
659 4457 796 4542 peccati,
821 4456 907 4542 quod
925 4457 1090 4521 babebitis
1115 4457 1147 4520 iu
1170 4457 1372 4521 couscientia
1388 4462 1498 4520 vestra
1521 4460 1555 4518 et
1576 4454 1693 4517 anima.
1740 4449 1841 4514 Aedi·

215 4559 313 4623 ficent
341 4559 436 4622 villas
464 4567 590 4623 vestras
618 4558 793 4623 moderatis
822 4551 1013 4640 casticiis33,
1047 4566 1082 4624 ut
1112 4567 1146 4624 et
1174 4561 1329 4625 honestas
1361 4559 1549 4624 necessaria
1580 4557 1622 4620 sit
1654 4562 1688 4621 et
1718 4553 1843 4618 familia

171 4686 197 4724 ιο
215 4682 280 4726 nou
302 4669 470 4747 gravatum
499 4661 648 4726 laborant
678 4669 711 4727 et
738 4664 892 4728 excolant
921 4670 1025 4728 terras
1056 4671 1090 4729 et
1113 4666 1225 4728 vineas
1248 4664 1281 4726 in
1313 4669 1458 4748 ternpore
1488 4682 1561 4725 cnm
1583 4659 1696 4724 debita
1720 4658 1839 4722 sollici-

215 4766 345 4842 tudiue;
380 4767 526 4830 salvent*
558 4773 591 4828 et
618 4766 811 4852 dispensent
844 4767 992 4833 laborata
1028 4790 1101 4833 cum
1133 4767 1221 4831 fideli
1252 4765 1465 4840 discretione;
1494 4766 1616 4828 iaciant
1645 4763 1843 4828 nutrimenta

216 4891 358 4957 congrua
382 4876 416 4934 et
437 4871 642 4946 necessaria;
674 4873 857 4938 custodiant
888 4875 1002 4956 silvas,
1035 4873 1142 4938 unde¹¹
1173 4871 1338 4936 babeantu
1367 4870 1570 4955 pastiones⁸;
1604 4866 1783 4931 defendant
1810 4871 1844 4927 et

319 5079 343 5148 l)
361 5083 410 5133 Doi
429 5082 491 5134 add.
510 5079 535 5132 2.
634 5081 663 5150 g)
682 5083 704 5134 si
722 5083 835 5134 eraditur
852 5098 945 5149 evang.
963 5078 989 5133 5.
1085 5079 1114 5144 h)
1132 5097 1180 5132 our.
1201 5079 1223 5131 l.
1326 5080 1345 5141 i)
1366 5079 1455 5130 semita
1475 5077 1498 5128 l.
1517 5075 1542 5128 2.
1641 5075 1669 5138 lx)
1688 5075 1756 5126 diem
1775 5073 1844 5124 Bibl.

215 5167 234 5232 l)
252 5169 283 5220 do
301 5169 362 5220 add.
382 5170 448 5232 ead,
467 5168 491 5220 5.
570 5175 606 5237 m)
625 5188 670 5237 pro
687 5168 713 5222 2.
801 5171 828 5232 n)
846 5187 894 5220 om.
913 5169 937 5220 9.
1025 5169 1051 5233 o)
1069 5169 1202 5235 refugiunt
1219 5167 1244 5218 5.
1332 5166 1359 5232 pl
1378 5165 1516 5232 specialem
1535 5162 1560 5215 5.
1646 5162 1674 5226 q)
1694 5160 1759 5228 lagia
1776 5159 1803 5212 4.
1820 5159 1844 5211 5.

171 5277 197 5318 rs
215 5257 239 5322 r)
257 5274 304 5308 uos
321 5254 398 5320 3-5,
416 5273 484 5309 corr.
503 5274 548 5309 ros
566 5257 591 5310 3.
609 5255 633 5308 4.
712 5258 735 5320 s)
754 5275 802 5309 om.
825 5257 846 5310 l.
864 5255 940 5308 3-5.
1023 5255 1045 5318 ι)
1065 5258 1147 5306 Deum
1166 5253 1242 5306 3-5.
1321 5253 1349 5316 ιι)
1369 5270 1417 5303 om.
1435 5250 1460 5302 5.
1539 5249 1568 5314 ν)
1587 5249 1630 5316 qui
1648 5247 1673 5299 5.
1748 5247 1782 5312 w)
1800 5263 1846 5312 per

215 5344 278 5396 add.
295 5343 320 5396 5.
413 5347 442 5409 x)
460 5353 558 5397 vestros
576 5346 664 5397 ordine
687 5346 794 5412 exigant
811 5343 836 5408 5,
854 5344 919 5395 med.
938 5343 990 5394 der.
1095 5344 1123 5408 y)
1141 5341 1288 5392 affectiones
1306 5340 1331 5390 5.
1436 5339 1460 5401 s)
1480 5337 1581 5388 solvent
1604 5332 1630 5386 3.
1646 5333 1676 5398 4;
1700 5334 1802 5385 solvant
1819 5333 1844 5384 5.

218 5431 246 5496 ιι)
265 5434 407 5499 pastionem
426 5433 450 5484 5.

321 5619 616 5690 immemorata.
705 5619 748 5688 ll)
766 5617 845 5672 Hier.
864 5617 941 5684 6,16.
1029 5616 1074 5684 78)
1092 5615 1193 5669 Manu.
1213 5613 1289 5682 r,13.
1310 5614 1349 5668 14.
1433 5612 1478 5680 79)
1496 5611 1595 5664 Psalm
1616 5611 1674 5677 119,
1683 5609 1724 5663 93.
1742 5609 1784 5662 85.
1803 5607 1846 5661 99.

217 5727 261 5793 80)
280 5725 357 5780 Hier.
377 5727 417 5793 10,
428 5727 470 5780 93.
558 5727 602 5790 81)
622 5724 720 5779 Psalm.
739 5725 781 5794 96,
792 5725 833 5778 93.
922 5721 967 5787 89)
988 5719 1088 5773 Paolm.
1106 5719 1199 5786 28,13.
1221 5720 1260 5773 14.
1347 5717 1393 5784 83)
1413 5715 1469 5782 Ofr.
1488 5732 1574 5784 supra
1590 5731 1618 5784 p.
1632 5714 1692 5781 269,
1710 5718 1765 5766 not.
1777 5713 1801 5766 9.
