4634 6436
534 437 653 493 Plora
672 437 718 492 ΕΤ
738 438 951 493 Pntnonrrt
964 437 1145 492 VENETICA
1166 436 1358 506 (annotat).
1377 469 1410 478 -
1428 439 1476 493 Νι.
1489 440 1548 494 alo
1796 443 1856 504 149

230 610 319 665 nostri
337 609 477 679 quispiam
492 609 643 665 Veneticae
661 613 741 676 esset,
760 627 808 666 sue
827 610 963 680 potestati
981 613 1107 664 maneret
1124 609 1266 664 subiectus
1284 613 1369 678 atque
1388 609 1465 664 omni
1482 610 1535 664 fide
1551 610 1596 664 vel
1614 609 1775 666 obedientia
1793 610 1855 665 sub·
1876 611 1935 666 eal.

230 695 336 750 misens.
373 695 456 750 Cuius
476 695 674 766 petitionibus,
700 700 732 750 ut
754 695 834 750 nobis
854 695 964 750 celestis
987 694 1150 765 suffragatio
1170 695 1308 764 copiosior
1325 695 1412 761 adsit,
1439 696 1559 751 libenter
1578 696 1789 765 adquiescentes
1808 698 1858 752 hos

229 782 383 837 excelentia
401 785 495 838 nostre
513 783 608 853 apices
626 783 798 838 decrevimus
816 782 883 847 fieri,
903 800 953 852 per
971 800 1040 851 quos
1058 785 1214 836 statuentes
1233 781 1453 848 decrevimus,
1471 786 1504 837 nt
1522 800 1604 838 nemo
1617 801 1650 836 ex
1664 787 1758 838 nostro
1773 801 1859 854 regno

234 868 262 922 in
281 867 383 922 tinibus
396 867 526 923 Civitatis
544 886 616 923 nove
635 869 679 923 vel
692 867 838 923 Millidisse
857 867 962 922 sivein
981 868 1057 932 villa,
1077 885 1131 936 que
1150 867 1253 922 dicitur
1265 867 1357 938 Caput
1368 869 1523 938 Argellesh,
1544 868 1588 922 vel
1606 868 1635 922 in
1654 867 1755 922 finibus
1774 872 1860 937 atquc

203 968 215 1004 s
234 954 454 1023 possessionibus
472 954 531 1009 eius
549 955 594 1009 vel
614 954 701 1009 etiam
719 953 820 1017 vineis,
845 953 940 1016 terris,
964 953 1065 1023 pratis,
1089 953 1211 1022 pascuis,
1235 953 1311 1008 silvis
1333 957 1417 1022 atque
1437 953 1639 1024 piscationibus
1658 953 1745 1024 ipsius
1763 956 1813 1009 aut
1831 953 1860 1007 in

232 1042 333 1097 ceteris
359 1043 442 1107 locis,
471 1033 517 1096 in¹
546 1043 648 1113 quibus
675 1043 705 1096 in
733 1046 818 1113 pacto
846 1060 942 1097 eorum
970 1042 1117 1113 relegitur,
1150 1043 1195 1096 vel
1223 1041 1271 1097 ubi
1297 1042 1371 1096 infra
1393 1043 1547 1099 dictionem
1571 1035 1662 1118 regni
1685 1044 1774 1098 nostri
1797 1061 1859 1113 pro·

231 1128 368 1198 prietates
391 1129 495 1184 habere
516 1130 648 1185 videntur
669 1120 721 1184 vel
744 1118 911 1184 invenire*
934 1120 1109 1204 potuerint,
1136 1119 1274 1197 aliquam¹
1290 1129 1469 1184 venationem
1493 1133 1543 1184 aut
1565 1120 1791 1200 pabulationem¹
1814 1147 1859 1184 ex·

232 1217 362 1281 erceatm,
386 1206 472 1270 unde
495 1216 623 1271 homines
647 1217 720 1282 eius,
751 1215 799 1286 qui
827 1215 856 1269 in
880 1233 913 1270 eo
935 1215 1065 1269 ambitu¹¹
1089 1215 1368 1280 circumhabitant,
1399 1216 1523 1285 aliquam
1547 1217 1706 1271 sustineant
1729 1217 1859 1271 molesta·

232 1302 339 1356 tionem
360 1303 404 1357 vel
427 1296 702 1370 contrarietatem,
726 1303 774 1357 sed
798 1302 933 1356 securiter
955 1306 1041 1371 atque
1064 1301 1093 1355 in
1111 1319 1180 1371 pace
1197 1302 1290 1356 vivere
1314 1307 1432 1371 queant;
1456 1303 1512 1358 imo
1536 1321 1587 1373 per
1609 1303 1671 1358 loca
1693 1306 1723 1358 et
1745 1303 1860 1357 flumina

190 1411 215 1450 ιο
233 1392 334 1443 cuncto
362 1394 459 1444 nostro
487 1389 516 1443 in
545 1407 632 1460 regno
661 1389 748 1444 libere
777 1407 827 1442 sua
855 1391 993 1458 peragant
1019 1389 1150 1458 negocia,
1181 1389 1223 1442 ita
1250 1393 1345 1444 tamen
1369 1393 1400 1443 ut
1427 1390 1535 1444 nullum
1557 1407 1711 1460 gravamen
1733 1390 1861 1444 sentiat-⁰

232 1475 353 1546 populus
376 1475 436 1530 eius
460 1467 511 1530 vel
536 1469 607 1531 eius
631 1467 872 1551 negociatorett,
903 1475 969 1539 nisi,
1000 1475 1074 1542 quod
1098 1492 1199 1543 equum
1223 1478 1279 1539 est,
1309 1476 1505 1530 tantummodo
1527 1476 1668 1530 telonaria
1690 1478 1719 1530 et
1741 1476 1861 1545 ripatico

231 1562 360 1616 solvant.
398 1561 470 1616 Nam
490 1581 557 1617 vere
580 1563 722 1633 predictus
745 1561 801 1614 dux
825 1560 923 1629 suique
946 1561 1063 1615 heredes
1088 1553 1203 1637 suique
1228 1553 1455 1636 negociatores
1479 1563 1557 1617 nullo
1574 1563 1603 1616 in
1619 1564 1681 1616 loco
1698 1563 1862 1632 persolvant

231 1646 267 1701 de
285 1664 460 1716 quacumque
479 1665 519 1711 re,
543 1647 591 1702 sed
610 1664 643 1701 ex
662 1650 757 1701 nostra
776 1645 910 1714 largitate
928 1644 1025 1714 quieto
1042 1662 1118 1699 more
1136 1644 1240 1713 ubique
1259 1662 1309 1699 sua
1328 1645 1502 1715 perficiente.
1539 1645 1694 1701 Statuimus
1713 1645 1810 1710 etiam,
1830 1649 1862 1699 ut

233 1732 326 1790 nullus
355 1732 386 1786 in
407 1733 569 1798 territoriis,
597 1733 665 1788 locis
689 1731 877 1803 peculiaribus
898 1735 948 1786 aut
971 1731 1105 1795 ecclesiis,
1131 1731 1258 1786 domibus
1282 1749 1330 1787 seu
1353 1731 1434 1786 rebus
1457 1735 1486 1786 et
1503 1732 1618 1801 reliquis
1643 1731 1862 1803 possessionibus
1927 1781 1929 1784 .

190 1843 215 1880 ιι
234 1821 391 1892 presignati
419 1823 537 1876 ducatus
564 1824 617 1876 aeq
641 1839 691 1875 sua
713 1821 901 1891 proprietate,
929 1839 1014 1890 quam
1037 1820 1067 1874 in
1088 1820 1208 1875 Venetia
1232 1820 1359 1875 obtinere
1383 1820 1494 1876 videtur
1518 1823 1560 1875 vel
1585 1840 1639 1890 que
1662 1813 1696 1875 in
1719 1825 1861 1891 potestate

235 1900 327 1983 regni
352 1909 442 1963 nostri
466 1909 521 1963 sita
545 1926 605 1963 esse
628 1912 790 1973 noscuntur,
813 1907 940 1976 iniquam
962 1907 1090 1978 ingerere
1113 1911 1257 1977 presumat
1280 1906 1522 1976 inquietudinemr
1540 1900 1592 1963 vel
1616 1907 1862 1962 diminorationem

233 2009 282 2046 seu
309 1992 509 2048 calumniosam
533 1992 783 2048 contradictionem
809 1995 859 2046 aut
884 1991 1104 2047 subtractionem
1128 1991 1319 2062 nephandam,
1346 1991 1410 2046 sed·
1432 1990 1518 2047 liceat
1542 2009 1589 2047 eas
1611 1992 1721 2061 prefato
1743 1991 1807 2046 duci
1829 2009 1862 2045 ac

236 2078 402 2147 patriarche,
422 2077 569 2148 episcopis,
589 2078 741 2132 abbatibus
754 2078 796 2132 vel
812 2076 916 2147 populo
935 2077 989 2130 sibi
1007 2076 1133 2131 subiecto
1152 2095 1200 2132 scu
1218 2077 1421 2132 suocemoribus
1440 2094 1533 2133 eorum
1552 2095 1585 2132 ac
1603 2077 1751 2134 heredibus
1768 2077 1863 2146 quiete

234 2163 341 2232 absque
361 2163 523 2232 cuiusquam
543 2163 706 2218 insultantis
725 2163 948 2218 machinationet
968 2165 1018 2217 aut
1036 2162 1164 2217 sinistrat
1176 2162 1345 2233 quippiamu
1357 2163 1605 2233 tergiversationet
1618 2163 1694 2218 iurev
1705 2163 1863 2234 gobernare

187 2266 216 2305 ao
236 2253 264 2304 et
283 2249 478 2320 gubernando,
503 2253 587 2319 prout
611 2249 744 2319 liquidius
763 2249 792 2303 in
812 2248 975 2318 presignato
993 2248 1105 2302 decreto
1124 2248 1296 2312 continetur,
1320 2248 1450 2318 legaliter
1469 2245 1620 2305 continere.
1656 2251 1782 2320 Itemque
1801 2266 1861 2319 pre·

233 2335 351 2405 cipimus
376 2336 409 2391 de
433 2335 653 2407 proprietatibus
676 2335 734 2390 sive
753 2335 972 2404 possessionibus
991 2334 1110 2404 predicti
1129 2335 1220 2398 ducis,
1246 2352 1316 2404 quas
1339 2335 1368 2389 in
1387 2336 1536 2392 territoriis
1554 2337 1634 2408 regni
1652 2337 1741 2392 nostri
1759 2336 1862 2392 babere

233 2421 352 2488 videtur,
372 2425 411 2486 ut,
431 2422 455 2476 si
473 2422 507 2476 de
526 2421 592 2477 eisw
611 2421 708 2490 aliqua
727 2421 870 2476 contentio
890 2423 952 2475 orta
970 2420 1055 2475 luerit
1072 2423 1101 2475 et
1119 2421 1155 2474 ad
1173 2420 1361 2476 iuramentum
1380 2436 1484 2476 οιιιιιιιιΚ
1503 2423 1689 2493 perveneritr,
1712 2422 1863 2478 secundum

233 2507 330 2563 seriem
358 2507 435 2578 poeti
459 2507 630 2562 diffiniatura
649 2525 699 2577 per
717 2508 820 2562 electos
839 2505 985 2561 duodecim
1003 2505 1152 2570 iuratores;
1181 2509 1210 2560 et
1229 2505 1426 2576 cuiuscumque
1443 2508 1537 2577 gentis
1560 2508 1597 2562 sit
1615 2509 1697 2564 homo
1716 2508 1775 2573 ille,
1801 2525 1863 2562 cum

237 2612 293 2663 quo
312 2593 453 2664 predictus
471 2593 528 2648 dux
546 2594 740 2649 contentiones
759 2592 897 2657 habuerit,
920 2591 1056 2647 iuratores
1075 2592 1108 2646 de
1130 2591 1179 2646 illo
1198 2591 1353 2648 comitatu·
1371 2596 1466 2648 temen
1484 2593 1634 2664 eligantur,
1653 2593 1701 2648 nbi
1720 2609 1804 2648 rausa
1821 2609 1862 2647 re·

191 2680 365 2750 aquiritur.
401 2679 592 2736 concessimus
615 2697 726 2748 quoque
749 2683 846 2734 sancte
867 2679 1085 2749 metropolitane
1104 2678 1163 2734 eius
1181 2679 1296 2734 ecclesie
1316 2680 1359 2735 vel
1378 2679 1608 2750 episcopatibusb
1627 2679 1760 2735 subiectis
1777 2683 1864 2748 atque

232 2769 469 2824 monasteriorum
496 2769 619 2823 cenobiis
648 2768 787 2823 iustitiam
816 2768 1012 2837 requirendam
1041 2768 1075 2823 de
1103 2768 1160 2822 suis
1188 2767 1270 2822 rebus
1298 2769 1327 2822 in
1350 2787 1439 2824 annos
1462 2769 1580 2840 legales,
1614 2769 1765 2824 secundnm
1788 2768 1863 2836 quod

234 2853 365 2911 eaneta⁰
383 2845 532 2910 Romana
554 2855 642 2910 hebet
665 2836 832 2911 ecclcsia02.
877 2855 930 2910 Sed
953 2857 983 2910 et
1002 2855 1055 2910 hoc
1078 2855 1275 2909 constituimus
1299 2859 1385 2924 atque
1408 2873 1459 2925 per
1481 2856 1535 2911 hoc
1555 2859 1683 2910 nostrum
1698 2858 1862 2925 preceptum

233 2933 466 2998 inviolabiliter
488 2959 651 2996 mansurum
674 2942 877 3007 confirmamus,
902 2944 941 3006 ut,
965 2941 995 2995 in
1015 2958 1190 3010 quacumque
1206 2941 1300 3010 patria
1316 2941 1396 3012 regni
1411 2943 1502 2996 nostri
1517 2942 1652 3011 quislibet
1664 2941 1880 3012 Veneticorum¹
1935 2931 1937 2934 ¹

235 3026 332 3092 tuerit,
351 3025 409 3081 eius
428 3026 465 3081 sit
484 3029 626 3097 potestate
644 3025 872 3096 distringendusd
892 3025 1006 3094 eiusque
1024 3041 1075 3096 per
1093 3024 1187 3080 omnia
1205 3025 1307 3080 debeat
1325 3025 1436 3081 obedire
1454 3026 1607 3096 preceptis,
1626 3025 1715 3081 adeor
1735 3024 1863 3080 utnulla
1947 3027 1950 3034 '

192 3129 219 3167 ιο
237 3115 328 3171 maior
351 3115 395 3170 vel
417 3115 510 3170 minor
532 3132 653 3185 persona
676 3117 774 3170 contra
794 3133 858 3170 enm
873 3114 1035 3184 quempiam
1050 3114 1217 3174 Veneticum
1232 3114 1390 3169 deffendere
1406 3119 1558 3184 presumat.
1603 3104 1744 3190 Insuper
1765 3104 1862 3168 etiam

238 3201 287 3266 etr
314 3200 521 3266 concedimus
550 3222 609 3286 per
631 3201 693 3264 hoc
716 3201 806 3286 regie
831 3199 1035 3265 auctoritatis
1058 3207 1266 3286 preceptum,
1299 3208 1335 3263 ut
1361 3208 1427 3265 tam
1452 3222 1529 3280 uos,
1559 3220 1656 3284 quam
1679 3199 1782 3263 nostri
1805 3197 1863 3262 de·

235 3325 384 3369 cessores
413 3303 513 3368 nichil
544 3303 683 3389 amplias
712 3325 769 3368 eos
793 3324 950 3388 cogamus
973 3303 1059 3388 pacti
1084 3323 1184 3367 causa
1206 3302 1410 3387 persolvere,
1440 3304 1501 3367 nisi
1530 3308 1657 3367 tantum
1680 3302 1864 3367 annualiter

235 3406 441 3472 denariorum
465 3407 567 3472 libras
582 3399 733 3472 XXV83.
776 3404 944 3491 Simulque
969 3407 1017 3470 eis
1041 3405 1234 3470 rutinorumh
1258 3412 1422 3471 monetam
1443 3405 1659 3488 concedimus,
1684 3405 1862 3470 secundum

236 3509 321 3595 quod
353 3531 464 3575 eorum
494 3510 655 3596 provintie
685 3509 785 3574 duces
812 3532 832 3574 a
859 3510 976 3596 priscis
1003 3509 1204 3594 temporibus
1229 3515 1385 3574 consueto
1414 3530 1503 3574 more
1527 3510 1728 3590 habuerunt,
1759 3511 1806 3573 ita
1828 3515 1864 3572 ut

195 3637 221 3676 ιι
238 3612 327 3682 ιιιιΙΙο
351 3634 505 3699 nmquam
534 3619 681 3698 ternpore
709 3619 901 3699 repetantur
929 3618 985 3676 aut
1012 3614 1187 3697 exigantur
1217 3634 1275 3699 per
1302 3614 1444 3698 aliquem
1467 3634 1574 3699 neque
1603 3614 1644 3678 ab
1668 3614 1739 3699 ipso
1761 3610 1864 3676 Urso¹

238 3714 320 3781 duce
350 3737 456 3801 neque
488 3716 773 3810 asuccessoribus
803 3717 888 3796 eius,
920 3715 977 3779 sed
1007 3716 1040 3778 in
1068 3737 1121 3795 ea,
1152 3714 1270 3801 quarn¹¹
1298 3715 1330 3778 in
1358 3717 1504 3801 presenti
1533 3716 1758 3795 concedimus,
1791 3736 1863 3800 per·

237 3819 416 3904 petueliter
443 3805 622 3883 donatione
654 3820 845 3884 consistant.
892 3818 927 3882 Si
956 3819 1029 3904 quis
1060 3824 1169 3883 autem
1202 3823 1316 3883 contra
1345 3819 1422 3900 hoo,
1454 3819 1541 3905 quod
1572 3822 1606 3884 in
1633 3820 1778 3905 presenti
1808 3839 1866 3904 per

237 3922 332 3987 huius
362 3921 474 3987 edicti¹
504 3928 652 3988 tenorem
674 3923 895 3988 Veneciarum
930 3922 1005 3986 duci
1037 3923 1223 4008 populoque
1253 3922 1356 4008 ipsius
1388 3924 1627 4004 concessimus,
1662 3943 1760 4008 agere
1790 3942 1864 4008 pre-

239 4026 423 4112 sumpserit,
446 4033 483 4090 ut
505 4026 655 4090 instituta
676 4032 789 4090 nostra
811 4026 914 4090 violet
937 4030 995 4089 aut
1018 4025 1184 4110 infringat,
1211 4046 1252 4089 ne
1269 4025 1355 4109 quod
1372 4027 1555 4112 temptavit,
1578 4026 1736 4112 perticere
1751 4025 1866 4110 possit,

195 4153 222 4191 so
238 4130 320 4195 sciat
349 4151 384 4194 se
409 4131 664 4216 compositurum
688 4131 759 4194 auri
788 4130 890 4194 obrizi
918 4131 1017 4195 libras
1041 4137 1186 4210 centum,
1216 4128 1427 4194 medietatem
1452 4150 1582 4194 camere
1605 4134 1716 4194 nostre
1741 4134 1774 4192 et
1796 4148 1866 4192 me-

239 4233 394 4298 dietatem
418 4233 492 4298 duci
515 4234 750 4315 veneciarum,
783 4235 837 4319 qui
863 4255 921 4320 per
943 4240 1120 4316 temporam
1143 4235 1251 4298 luerit.
1296 4233 1340 4297 Et
1362 4239 1398 4297 ut
1421 4234 1481 4297 hoo
1506 4233 1632 4298 cercius
1656 4232 1810 4297 credatur
1833 4238 1866 4295 et

239 4331 280 4400 ab
309 4337 460 4401 omnibus
493 4338 723 4401 inviolabiliter
752 4345 980 4414 conservetur,
1016 4358 1114 4401 manu
1145 4338 1277 4422 propria
1307 4337 1531 4400 roboravimus
1562 4343 1595 4401 et
1623 4336 1733 4400 annali
1766 4334 1866 4398 nostri

241 4439 454 4525 impressione
479 4440 595 4504 subter
617 4440 771 4504 iussimus
794 4441 950 4526 insigniri.
1663 4453 1667 4461 '

350 4558 484 4644 Signum
508 4557 581 4644 (Μ.)
605 4558 724 4624 domini
747 4560 877 4626 Rodulli
902 4562 1102 4626 serenissimi
1125 4563 1222 4647 regis.

197 4791 222 4828 ⁴⁵
343 4785 372 4846 hl
391 4786 477 4853 Caput
495 4787 586 4853 Αςιιιίι
604 4783 629 4835 2.
718 4785 737 4852 i)
760 4788 796 4837 ita
819 4797 842 4838 et
864 4787 956 4839 Proca
976 4787 1046 4853 Huq.
1133 4785 1162 4852 h)
1184 4788 1222 4837 ito
1239 4785 1262 4838 2.
1287 4794 1309 4837 rt
1333 4784 1423 4835 Proca
1442 4784 1526 4849 ΠΨ
1550 4783 1643 4834 habere
1663 4781 1686 4835 l.
1774 4783 1794 4848 l)
1818 4784 1867 4848 rsr.

240 4871 330 4922 Proca
347 4871 412 4922 Wid.
488 4869 525 4935 ιιι)
544 4879 681 4922 exerceant
698 4872 773 4923 codd.
849 4873 877 4938 n)
896 4873 976 4924 arnitu
996 4872 1018 4923 l.
1088 4869 1115 4935 ο)
1134 4873 1247 4923 serrtiant
1264 4871 1337 4922 codd.
1408 4871 1436 4936 p)
1455 4870 1600 4935 persolvant
1620 4869 1642 4920 1.
1712 4869 1739 4934 ql
1758 4885 1775 4918 a
1792 4867 1867 4918 rodit.

241 4955 263 5020 r)
283 4958 506 5021 inquietitudinem
528 4958 551 5007 1.
603 4956 626 5020 s)
645 4958 728 5008 silicet
745 4965 772 5008 et
792 4958 813 5008 1.
867 4959 888 5023 ι)
906 4959 1131 5022 machinationem,
1150 4959 1289 5020 sinistrum,
1308 4957 1545 5023 tergiversationem
1563 4954 1584 5006 l.
1638 4956 1666 5018 u)
1686 4955 1825 5021 quappiam
1842 4951 1867 5004 ἓ.

241 5042 268 5104 v)
287 5043 546 5110 reguberoarecodrl.
600 5043 735 5106 valensi.
788 5045 816 5106 x)
835 5061 937 5096 caumm
954 5045 974 5095 l.
1029 5044 1057 5110 y)
1076 5045 1239 5110 pervenerint
1253 5044 1275 5096 l.
1329 5043 1354 5106 ιι)
1374 5042 1620 5094 diffinianturcodd.
1667 5041 1695 5104 a)
1713 5039 1868 5091 comitatol.

243 5127 271 5192 b)
289 5129 338 5180 sibi
356 5129 419 5180 odd.
438 5129 530 5180 Proca
547 5128 611 5180 Wid.
692 5128 717 5193 c)
735 5139 849 5182 ιιιιοιιιιιι
868 5133 1008 5182 Romanam
1027 5132 1161 5182 ecclesiam
1183 5129 1204 5180 l.
1283 5129 1311 5194 d)
1330 5129 1546 5195 constringendus
1565 5125 1587 5178 l.
1666 5125 1692 5190 e)
1711 5126 1774 5178 adea
1793 5123 1868 5175 codd.

199 5221 224 5259 ⁵⁰
242 5213 265 5276 t)
283 5221 308 5264 et
325 5231 374 5266 om.
392 5211 418 5265 2.
488 5213 517 5281 g)
535 5215 610 5265 xxn
628 5214 716 5278 codd.,·
740 5217 790 5280 cfr.
809 5225 893 5266 autem
912 5215 1002 5267 Praeo.
1020 5215 1089 5282 Hup.
1108 5224 1131 5266 et
1147 5216 1222 5282 infra
1239 5233 1266 5267 n.
1278 5213 1302 5266 3.
1374 5215 1457 5280 blito
1476 5213 1567 5264 Praer.
1586 5212 1670 5278 naqa
1693 5213 1778 5262 nuruis
1795 5211 1869 5262 codd.

241 5298 261 5362 i)
279 5299 342 5351 Urso
361 5299 384 5351 1.
454 5297 598 5367 quual.
668 5300 811 5362 notent.
882 5299 918 5369 m)
936 5311 1049 5368 tempore
1067 5319 1115 5352 om,
1137 5317 1183 5367 per
1202 5301 1225 5352 l.

343 5502 371 5570 2)
392 5501 448 5568 Cfr.
467 5501 560 5558 staec.
578 5502 688 5570 Karcli,
719 5519 804 5571 supro
824 5521 853 5571 p.
871 5503 934 5570 lta,
957 5503 1023 5558 al.
1136 5501 1164 5560 3>
1186 5500 1242 5566 Osr.
1263 5499 1337 5554 Part.
1357 5499 1525 5568 Bermqorii,
1551 5513 1636 5566 supra
1654 5514 1685 5566 p.
1701 5498 1764 5566 146,
1787 5513 1808 5551 c.
1821 5497 1871 5564 30,·

246 5597 338 5654 rasa
355 5599 405 5657 tc.
423 5620 450 5671 p.
463 5603 504 5658 to.
673 5591 676 5596 Δ
