4590 6428
995 1811 1170 1939 XIV.

288 2051 1104 2185 ADDITAMENTAAD
1149 2052 1695 2196 HLUDOWICI
1747 2055 1873 2182 PII

764 2247 1398 2383 CAPITULARIA.

928 2488 1100 2605 828-
1109 2488 1238 2604 840.

873 2766 1285 2776 --..——--.---—-—--—--—·

231 3055 245 3092 2
358 2997 452 3104 195.
501 2994 913 3138 CAPITULA
949 2995 1053 3106 DE
1094 2994 1803 3108 PRAESCRIPTIONE

860 3151 1298 3263 TEMPORIS.

368 3333 547 3432 Lopuutur
568 3352 605 3415 in
626 3351 801 3416 codicotus:
829 3354 861 3436 1)
885 3353 985 3417 Votic.
1003 3352 1073 3420 Pol.
1091 3356 1154 3418 582
1175 3353 1229 3434 sol.
1243 3355 1298 3418 78¹
1320 3358 1350 3416 ct
1371 3352 1406 3438 2)
1429 3351 1536 3416 Poris.
1553 3352 1637 3415 9654
1658 3349 1713 3430 fol.
1727 3353 1785 3428 70;
1806 3348 1893 3430 capi-

262 3453 326 3518 tuli
342 3455 445 3538 primi
459 3477 542 3536 porc
563 3457 660 3521 etium
681 3456 718 3521 in
741 3458 774 3540 3)
799 3457 864 3522 cod.
888 3458 1017 3526 Monac.
1043 3460 1127 3523 3853
1149 3456 1203 3537 sol.
1222 3460 1311 3522 262¹.

368 3558 411 3623 In
430 3559 589 3625 eunom
606 3564 632 3624 1.
649 3562 678 3624 2.
701 3560 845 3642 capitulo
866 3561 1014 3645 loquutur
1027 3562 1169 3627 sotrum
1184 3560 1417 3645 capitularibus
1431 3558 1713 3625 Woimotiensibus
1726 3557 1808 3622 anni
1820 3557 1893 3634 829,

219 3693 246 3731 lo
265 3666 302 3730 in
324 3665 427 3730 codice
442 3667 471 3729 3.
494 3664 553 3728 suo
574 3665 638 3744 tine
660 3665 802 3744 cupitum
823 3665 995 3730 multorum
1011 3671 1086 3747 post
1100 3665 1249 3748 Ameposi
1264 3664 1359 3729 libros
1373 3662 1595 3745 amoenum.
1634 3661 1739 3742 oopus
1749 3661 1895 3742 primum

264 3768 340 3851 lepis
365 3767 636 3850 Burpundionum
665 3766 794 3831 titulum
811 3771 862 3834 79.
891 3769 976 3852 (LL.
999 3769 1071 3847 III,
1094 3789 1130 3849 p.
1150 3771 1228 3851 536)
1258 3769 1385 3849 repetit,
1419 3771 1516 3847 caput
1541 3765 1714 3830 secundum
1741 3764 1895 3845 epitomen

264 3871 394 3953 Aepidii
415 3872 533 3936 dictum
554 3870 599 3935 od
620 3869 639 3935 l.
662 3892 717 3936 un.
743 3869 816 3936 Ooo.
835 3871 951 3938 Tteod.
972 3872 1061 3950 V,10
1083 3872 1144 3955 (ed.
1167 3871 1283 3949 Hdotel,
1299 3892 1336 3952 p.
1352 3873 1436 3954 148).
1470 3869 1661 3934 Hludowico
1683 3867 1744 3932 Pio
1765 3867 1895 3932 minime

263 3975 433 4041 triticendo
454 3980 545 4052 sunt,
568 3975 623 4058 sed
644 3996 666 4038 o
687 3975 839 4057 scriptore
860 3977 997 4058 quodam
1016 3977 1249 4058 Burpuudione
1270 3974 1395 4040 collecta
1417 3975 1453 4039 in
1475 3974 1612 4039 diversos
1633 3971 1753 4037 codices
1771 3976 1895 4051 recepto

263 4085 355 4158 sarit,
388 4083 426 4144 ut
451 4079 572 4162 chino
604 4080 700 4145 etium
728 4080 869 4145 talitro
896 4081 933 4146 cle
958 4081 1162 4164 synodalibus
1188 4081 1296 4145 causis
1315 4081 1348 4158 I,
1366 4081 1502 4146 20-22.
1531 4078 1595 4161 (cd.
1616 4075 1898 4156 Wossersclclcben,

218 4211 244 4251 n
257 4204 296 4265 p.
310 4185 350 4248 35
365 4184 426 4264 sq.)
447 4205 485 4248 eo
506 4189 664 4248 recenseat
686 4189 848 4266 murenam
871 4207 914 4250 ex
938 4186 1087 4272 capitulis
1108 4185 1274 4250 Lndowici
1298 4184 1514 4270 imperatoris.
1716 4193 1718 4198 '

1222 4291 1280 4372 (B.
1297 4292 1420 4368 l‚673,·
1441 4288 1480 4354 P.
1497 4288 1601 4366 I,355
1623 4287 1660 4352 in
1681 4286 1791 4366 notis.)

369 4534 392 4587 1.
419 4489 472 4587 De
490 4533 738 4603 inscriptione·
757 4537 960 4604 temporum,
998 4535 1076 4589 Licet
1093 4534 1257 4605 iampridem
1277 4551 1295 4588 a
1312 4533 1394 4589 nobis
1413 4533 1506 4587 iuerat
1523 4532 1698 4596 ordinatum,
1720 4535 1765 4596 ut,
1789 4531 1813 4585 si
1831 4531 1894 4600 quis

262 4619 292 4673 in
313 4619 417 4688 populo
435 4623 530 4676 nostro
548 4621 684 4676 barbarae
702 4622 827 4678 nationis
845 4624 982 4693 personab
1000 4624 1070 4677 autb
1088 4622 1118 4676 in
1137 4639 1166 4677 re
1184 4639 1235 4676 sua
1247 4621 1431 4678 consisterem
1448 4620 1604 4684 invitasset,
1623 4621 1675 4674 sut
1693 4618 1716 4673 si
1736 4621 1838 4673 terram
1857 4618 1894 4672 ad

262 4705 448 4760 habitandum
462 4708 637 4763 voluntarius
650 4709 812 4779 deputasset
831 4711 968 4778 eamqned
986 4727 1036 4780 per
1054 4727 1142 4765 annos
1161 4709 1321 4780 quindecim
1334 4709 1394 4764 sine
1407 4708 1500 4764 tertiis
1512 4707 1664 4770 habuisset,
1683 4706 1713 4760 in
1726 4706 1892 4761 voluntates

216 4805 245 4845 uo
265 4791 354 4861 ipsius
371 4797 559 4862 permaneret,
578 4811 669 4864 neque
688 4794 789 4850 exinde
809 4794 959 4865 quicquam
978 4795 1032 4850 sibi
1051 4795 1108 4860 ille,
1127 4796 1176 4865 qui
1195 4796 1319 4860 dederat,
1338 4795 1422 4850 sciret
1440 4812 1498 4849 esse
1517 4793 1698 4854 reddendum,
1717 4797 1813 4847 tumen
1831 4792 1894 4846 abs-

264 4895 320 4948 que
338 4879 397 4933 nlla
415 4879 623 4950 permutatione
642 4881 717 4935 omni
736 4885 861 4951 tempore
879 4882 1049 4951 generaliter
1066 4887 1221 4938 memornte.
1239 4883 1364 4938 conditio
1383 4882 1484 4937 debeat
1501 4880 1657 4944 custodiris,
1676 4878 1817 4950 praesenti
1834 4879 1893 4948 pla·

265 4966 325 5020 cuit
337 4967 400 5036 lege
413 4967 555 5022 constitui.
586 4967 636 5022 sis
648 4967 711 5036 quis
723 4985 789 5023 vero
801 4972 904 5023 terram
922 4970 958 5023 ab
977 4970 1066 5026 altero
1085 4970 1160 5024 sibih
1178 4971 1312 5025 traditam
1326 4969 1463 5024 violenter
1482 4967 1585 5022 dixerit
1603 4969 1633 5021 et
1645 4965 1798 5021 convicerit
1809 4964 1894 5019 luisse

264 5051 416 5116 sublatam,
440 5053 603 5123 priusquam
626 5053 747 5124 triginta
769 5072 906 5110 annorum
929 5057 1065 5112 terminus
1089 5057 1274 5128 complentur,
1298 5061 1328 5112 et
1349 5073 1407 5111 rem
1425 5053 1584 5110 constiterit
1601 5056 1780 5124 occupatam,
1805 5055 1835 5106 et
1852 5069 1894 5106 re·

265 5139 376 5208 quirere
396 5141 502 5210 poterit
529 5144 559 5196 et
582 5143 736 5212 repetentis
758 5143 886 5214 partibus
907 5144 1064 5200 reformare.
1100 5145 1229 5201 Ceterum
1253 5145 1276 5200 si
1297 5144 1422 5214 impletis
1440 5143 1560 5214 triginta
1578 5139 1660 5196 annis
1678 5144 1765 5204 terra,
1790 5157 1807 5193 a
1825 5156 1894 5208 quo·

218 5239 246 5278 ss
265 5243 384 5295 cumque
407 5227 493 5282 etiam
518 5229 647 5298 pervasa*
671 5228 756 5285 luisse
779 5230 901 5296 dicatur,
929 5249 985 5287 non
1008 5233 1093 5286 luerit
1116 5233 1261 5296 restituta,
1288 5232 1360 5286 nihil
1383 5231 1438 5286 sibi
1458 5229 1630 5286 reddendum
1653 5245 1711 5283 esse
1735 5230 1891 5298 cognoscat

266 5311 442 5382 Quapropter
462 5329 557 5368 omnes
579 5313 708 5382 comites,
732 5316 842 5386 quoties
860 5317 895 5371 de
913 5317 1032 5387 privatis
1051 5317 1142 5373 causis
1160 5319 1304 5374 contentio
1323 5318 1409 5374 luerit
1425 5320 1572 5388 generata,
1597 5314 1748 5371 secundum
1768 5314 1894 5369 ordinem

368 5503 394 5570 n)
412 5505 448 5555 itu
468 5501 549 5567 1-3,·
566 5514 632 5558 recte
651 5509 856 5576 praescriptione.
963 5509 991 5575 b)
1009 5511 1047 5562 itu
1067 5510 1149 5573 1-3,·
1170 5519 1236 5563 recte
1254 5527 1389 5580 personam
1408 5516 1444 5562 nt.
1550 5507 1575 5572 c)
1594 5515 1642 5560 ant
1659 5508 1738 5558 alium
1757 5505 1819 5556 cdd.
1835 5503 1893 5557 lu.

265 5589 293 5654 d)
312 5587 383 5653 ea13
402 5607 484 5656 eaque
501 5589 532 5656 2;
550 5593 625 5659 eique
643 5591 667 5645 3.
761 5595 786 5660 e)
806 5603 929 5663 potestate
946 5597 1054 5663 plurimi
1073 5599 1134 5664 lepis
1153 5597 1233 5665 Bury.
1252 5597 1327 5650 codd.
1423 5596 1591 5661 stcnstodiro
1609 5592 1633 5647 1.
1644 5592 1669 5645 2.
1766 5591 1794 5660 g)
1814 5592 1894 5644 Cocid-

269 5673 342 5727 1-3.
378 5675 438 5728 Hoc
454 5694 514 5730 noce
531 5679 620 5745 incipit
639 5681 709 5731 nene
727 5699 744 5732 a
763 5681 893 5748 Bepinone
910 5691 1038 5748 receptum
1060 5683 1250 5750 inscriptionem
1268 5701 1285 5734 a
1304 5683 1434 5749 Beqinone
1449 5681 1635 5748 mantiam:
1658 5681 1721 5732 Item
1740 5681 1771 5730 de
1789 5679 1894 5744 inscrip-

221 5773 248 5812 to
266 5763 335 5814 tione
359 5770 501 5831 temporum
527 5766 640 5830 repetiuit
667 5766 800 5818 Betucius.
905 5766 934 5832 h)
962 5770 1011 5820 sibi
1036 5771 1100 5822 trad.
1125 5771 1217 5822 &nent
1241 5772 1268 5822 in
1294 5771 1347 5837 leqe
1368 5769 1449 5836 Bury.
1556 5768 1575 5833 i)
1595 5767 1650 5818 Hic
1669 5767 1735 5834 finio
1759 5765 1852 5816 codicis
1869 5763 1895 5814 3.

368 5872 406 5908 nn.
425 5872 592 5910 momontum
610 5874 636 5911 u.
1670 5856 1689 5911 4
