4590 6420
346 459 613 515 ADDITAMENTA
631 461 681 516 AD
699 462 815 517 CAPIT.
835 463 914 518 REG.
933 463 1118 518 Fannclnn
1136 459 1325 518 ooclnnnn.
1346 463 1598 535 (Knuon111).-
1612 466 1661 520 Nr.
1672 465 1731 520 294
1783 469 1844 531 423

223 626 431 721 praesentem
455 640 489 699 et
510 641 679 700 aeternam
703 643 853 721 optamus
877 638 910 702 in
925 637 1069 701 omnium
1088 636 1251 701 salvatore
1268 637 1417 703 salutem.
1507 637 1590 703 Onm
1615 639 1700 704 inter
1715 645 1846 706 caetere
1863 652 1923 707 853.

224 737 451 803 ecclesiastica
474 738 607 823 negotia
629 737 670 803 dc
694 738 867 804 ordinabili
889 740 1104 826 dispositione
1134 740 1324 804 monasterii
1348 739 1462 804 Sancti
1485 739 1634 825 Dyonisii
1658 741 1846 828 disponere·

224 863 310 922 mus,
344 846 505 906 venemnt
533 842 683 906 monachi
710 843 813 928 ipsius
847 845 931 908 sacri
959 842 1122 908 coenobii¹
1151 843 1183 906 iu
1214 842 1453 928 praesentiam¹¹
1483 844 1689 910 venerandae
1717 846 1847 931 synodi¹

224 944 412 1010 deserentes
445 945 670 1025 auctoritates,
703 945 854 1012 videlicet
887 936 1165 1023 testamentumffl,
1200 945 1286 1032 quod
1322 952 1455 1011 sanctae
1491 946 1728 1013 recordationis
1762 948 1848 1013 abba

193 1048 413 1114 ti'ulradusm
444 1047 484 1113 de
511 1049 709 1113 monasterio
732 1041 977 1130 stbraha¹¹¹3,
1006 1050 1064 1114 ubi
1089 1057 1221 1114 sanctus
1245 1049 1435 1114 Alexander
1466 1055 1589 1136 martyr
1616 1051 1756 1136 quiescit
1787 1052 1846 1116 hu·

224 1157 341 1230 matus,
365 1156 399 1215 et
421 1150 461 1215 de
478 1153 572 1232 cella,
596 1173 680 1236 quae
704 1151 744 1216 ad
762 1143 1371 1239 SanctumYppolitumnominatur14,
1396 1173 1455 1217 scu
1478 1151 1633 1218 derebus
1656 1155 1740 1234 aliis,
1765 1176 1847 1240 quas

224 1276 283 1341 per
304 1254 391 1319 idem
414 1260 646 1321 testamentum
669 1255 773 1320 isdem
797 1255 995 1320 venerabilis
1024 1254 1128 1320 abbas
1152 1256 1273 1319 Sancto
1304 1254 1462 1340 Dyenisio
1490 1257 1689 1336 contulerat,
1720 1279 1847 1322 necnon

225 1362 259 1422 et
280 1350 532 1443 privileginmffi,
556 1359 643 1445 quod
659 1359 777 1425 exinde
795 1366 908 1424 saneta
924 1359 1021 1424 sedes
1036 1358 1216 1444 apostolica
1238 1379 1296 1443 per
1316 1356 1447 1423 beatum
1465 1353 1704 1445 ltepbannm16
1727 1382 1846 1447 papam

226 1461 331 1526 eidem
355 1463 554 1527 monasterio
578 1483 676 1548 super
699 1462 845 1548 praefato
870 1468 1066 1528 testamento
1082 1462 1214 1544 fecerat,
1239 1462 1395 1542 dicentes,
1418 1461 1503 1548 quod
1520 1464 1719 1528 venerabilis
1743 1464 1847 1529 abbas

185 1581 209 1619 ¹⁰
226 1566 355 1630 illorum
385 1566 523 1630 domnus
553 1565 766 1632 Hludnwicus
801 1589 843 1632 ex
876 1573 1055 1652 praecepto
1087 1567 1222 1652 gloriosi
1253 1567 1341 1652 regis
1379 1564 1486 1630 domni
1515 1567 1618 1632 nostri
1650 1567 1764 1633 Karoli
1793 1589 1849 1633 ees

227 1669 446 1734 consuluisset
478 1691 517 1734 ac
549 1691 742 1734 consensum
774 1691 884 1735 eorum
917 1671 1118 1756 quaesisset,
1151 1675 1314 1757 qnatenus
1347 1671 1584 1756 praescriptum
1615 1672 1850 1750 monasterium

227 1772 319 1837 vobis
342 1772 376 1836 iu
399 1774 592 1858 precariam,
615 1773 758 1859 acceptis
775 1773 872 1838 rebus
890 1781 999 1839 vestra
1015 1773 1190 1839 traditione
1215 1773 1256 1838 ad
1280 1771 1419 1838 eandem
1435 1795 1545 1838 casam
1562 1773 1625 1838 Dei
1648 1773 1850 1860 delegandis,

227 1875 462 1950 concessissct;
492 1874 577 1961 qnod
608 1877 792 1941 consentire
820 1878 889 1942 sine
921 1880 1073 1942 consultu
1101 1878 1151 1943 sui
1179 1877 1323 1963 episcopi
1346 1883 1446 1963 atque
1469 1877 1727 1964 archicpiscopi,
1752 1879 1850 1943 immo

227 1999 339 2043 sacrae
363 1976 496 2064 synodi,
527 1999 592 2044 non
614 1979 783 2044 auderent.
837 1981 942 2055 Quam
965 2002 1098 2046 causam
1123 1980 1284 2045 subtiliter
1311 1980 1549 2065 investigantes
1573 1988 1607 2046 et
1629 1980 1671 2046 ad
1693 1980 1851 2067 liquidum

184 2097 209 2136 ¹⁵
228 2089 467 2166 cognoscentes
499 2081 709 2146 diffinivimus
742 2083 835 2148 iuxta
871 2105 998 2149 sacram
1030 2091 1063 2150 et
1094 2085 1237 2149 divinam
1272 2085 1497 2150 auctoritatem
1533 2091 1632 2170 atquc
1670 2083 1849 2150 secundnm

227 2191 458 2251 testamentum
483 2187 672 2272 praelatae⁰
693 2186 768 2272 piae
798 2187 1032 2253 reeordationis
1061 2186 1223 2252 Fnlradim
1253 2208 1380 2251 necnon
1409 2193 1442 2252 et
1472 2187 1652 2253 secundnm
1683 2186 1852 2252 decretum

227 2289 426 2374 apostolicae
449 2288 536 2354 sedis
559 2290 648 2355 nullo
673 2311 815 2376 unquam
843 2297 991 2377 tempore
1020 2291 1083 2356 iam
1116 2289 1238 2354 dictum
1267 2291 1499 2355 monesterium
1530 2291 1643 2355 lancti
1672 2289 1852 2355 Alexandri

228 2414 302 2457 cnm
326 2393 425 2458 rebus
449 2394 510 2458 sibi
533 2394 774 2480 pertinentibus
797 2417 818 2460 a
839 2396 963 2460 maiore
980 2394 1178 2459 monasterio
1202 2392 1315 2458 Sancti
1331 2392 1483 2478 Dyonisii
1499 2414 1704 2479 quocumque
1721 2394 1851 2478 ingenio

228 2493 448 2561 divellendum
472 2518 532 2562 nec
554 2497 764 2562 beneficiario
787 2519 894 2582 neque
918 2497 1064 2584 precario
1087 2497 1157 2562 inre
1176 2495 1434 2561 distrahendum.
1481 2495 1729 2562 Subiunxerunt
1752 2497 1853 2561 etiam

184 2615 210 2654 2⁰
228 2597 315 2664 idern
339 2600 504 2682 monachi,
534 2600 620 2686 qnod
649 2607 759 2665 vestra
782 2601 1063 2666 commendatione
1093 2621 1131 2664 ac
1159 2599 1318 2682 iussione,
1345 2600 1444 2664 immo
1474 2600 1574 2664 etiam
1600 2599 1738 2679 actione,
1767 2599 1852 2664 idem

228 2703 461 2769 monasterinm
490 2725 563 2768 cnm
592 2705 690 2770 rebus
713 2705 775 2770 sibi
805 2705 944 2770 subditis
970 2706 1170 2770 inventrem
1199 2704 1354 2769 ditionem
1381 2702 1550 2770 redactum
1579 2711 1612 2770 et
1642 2711 1853 2791 assumptum,

229 2806 307 2891 quin
337 2807 436 2870 etiem
463 2812 655 2893 usurpatum
685 2808 893 2874 habuissetis.
953 2807 1047 2881 Quod
1079 2829 1177 2893 quem
1207 2806 1384 2872 absurdum
1413 2814 1446 2872 et
1473 2813 1587 2873 contre
1616 2809 1724 2891 legem
1756 2813 1854 2892 atque

228 2910 385 2974 iustitiam
408 2911 460 2991 sit,
484 2911 512 2976 si
535 2917 644 2976 tamen
667 2913 712 2976 ita
735 2935 771 2979 se
794 2935 848 2979 res
871 2912 981 2993 habet,
1003 2913 1067 3000 ipsi
1090 2913 1190 2978 etiam
1206 2912 1396 2998 pervidetis.
1441 2911 1540 2977 Unde
1557 2917 1701 2976 vestram
1717 2920 1855 2996 paterna

230 3019 263 3078 et
286 3014 456 3079 caritativa
479 3037 538 3080 scu
561 3017 791 3082 auctoritativa
815 3039 889 3084 cnm
904 3018 1150 3105 interpositione
1168 3017 1268 3081 divini
1284 3017 1425 3081 nominis
1450 3021 1484 3081 et
1499 3014 1695 3101 episcopalis
1710 3014 1853 3078 auctori·

186 3139 211 3179 a
231 3117 309 3181 tatis
333 3117 535 3184 nobilitatem
559 3119 726 3184 hortamur
747 3125 780 3184 et
803 3121 1018 3202 obtestamur,
1040 3127 1076 3185 nt
1098 3121 1160 3185 hoc
1185 3120 1373 3184 nullatcnus
1397 3139 1497 3203 agere
1519 3118 1656 3183 ulterius
1673 3117 1855 3198 attentetis,

229 3219 288 3284 sed
312 3225 345 3286 et
367 3222 394 3286 si
416 3222 564 3287 molitum
588 3229 649 3303 est,
674 3222 715 3288 ab
732 3223 917 3288 huiusmodi
933 3223 1101 3288 molitione
1124 3223 1177 3287 vel
1194 3222 1321 3286 actione
1337 3242 1396 3286 ves
1411 3227 1604 3307 vestrosque
1622 3219 1855 3305 compescatis;

229 3328 305 3413 quia
327 3333 361 3392 et
383 3331 497 3391 contra
516 3324 624 3392 Deum
648 3332 682 3392 et
704 3333 819 3392 contra
845 3348 973 3392 omnem
997 3326 1225 3392 auctoritatem
1249 3331 1427 3411 contraque
1451 3331 1594 3390 vestram
1617 3324 1755 3389 salutem
1779 3345 1854 3389 csse

229 3431 415 3496 dinoscitur.
462 3429 580 3495 Sciatis
604 3431 720 3508 etiam,
752 3431 827 3516 quia
849 3430 1003 3495 domnum
1029 3436 1062 3495 et
1086 3430 1249 3495 seniorem
1277 3434 1424 3493 nostrum
1448 3449 1559 3513 regem
1583 3426 1855 3512 gloriosissimum

229 3533 386 3599 Karolum
409 3539 442 3598 et
465 3533 579 3598 humili
595 3535 808 3620 suggestione
833 3539 867 3598 et
888 3533 998 3597 divine
1014 3533 1209 3597 auctoritate
1226 3531 1471 3596 obsecravimus
1488 3531 1701 3616 praelatoque
1718 3550 1854 3595 venera-

184 3637 286 3702 nobili
309 3637 419 3702 abbati
442 3646 475 3704 et
497 3638 666 3703 monachis
690 3639 757 3703 suis
781 3636 1026 3723 praecepimus,
1050 3642 1086 3700 nt
1109 3636 1142 3699 in
1165 3634 1228 3699 hec
1253 3633 1334 3698 nulli
1358 3632 1534 3698 adsensum
1556 3632 1754 3720 praebeant,
1778 3652 1856 3717 quo·

229 3741 317 3805 niam
340 3763 401 3806 nec
423 3741 517 3806 vobis
540 3762 601 3805 nec
625 3741 777 3826 cuiquam
800 3741 943 3806 fidelium
960 3740 1095 3826 expedit
1117 3739 1196 3804 talia
1212 3737 1389 3825 postulare.
1427 3737 1558 3820 Valcto,
1581 3737 1629 3801 vir
1644 3736 1856 3816 nobilissime,

230 3852 264 3910 et
286 3844 459 3909 admodum
482 3844 576 3909 uobis
598 3846 632 3909 in
656 3843 785 3909 Christo
809 3844 988 3909 carissime.

337 3951 367 4013 3.
403 3947 468 4013 Sed
492 3956 525 4013 et
548 3941 738 4034 eapitulafl,
768 3969 853 4034 quae
885 3948 1035 4034 synodali
1066 3948 1215 4013 consultu
1243 3945 1380 4010 domnus
1409 3966 1467 4010 rex
1496 3942 1638 4009 Karolus
1662 3944 1694 4008 in
1719 3943 1857 4008 concilio

231 4057 411 4117 memorato
434 4051 521 4137 apud
545 4049 730 4116 Suessionis
753 4051 919 4115 civitatem
949 4071 1043 4116 sacro
1068 4050 1238 4136 proposuit
1261 4047 1454 4127 conventui,
1479 4067 1587 4111 ceram
1613 4045 1765 4111 fidelibus
1788 4047 1857 4111 suis

188 4181 213 4219 rs
232 4157 264 4219 in
293 4154 409 4220 endem
439 4155 559 4240 palatio
579 4153 752 4219 Vcrmeria
781 4153 883 4239 relegi
913 4153 1006 4234 lecit,
1042 4158 1075 4218 et
1106 4153 1147 4218 ab
1178 4151 1329 4216 omnibus
1357 4156 1576 4215 consonanter
1603 4157 1754 4234 suscepta
1782 4156 1858 4214 suut

231 4266 265 4324 et
288 4264 436 4345 accepta.
831 4271 832 4274 ’

333 4484 353 4549 i)
372 4503 421 4537 err.
439 4485 463 4536 2.
563 4483 592 4547 k)
610 4483 757 4550 praesentia
774 4481 798 4533 ⁶2.
897 4481 918 4544 l)
937 4481 1043 4547 synodis
1061 4479 1086 4531 ⁸2.
1186 4479 1222 4544 m)
1241 4479 1380 4542 Paludes,
1405 4478 1509 4530 Folradi
1526 4478 1550 4529 2.
1649 4478 1678 4543 n)
1696 4479 1815 4530 habrahe
1832 4477 1856 4529 2.

230 4573 256 4636 o)
275 4574 384 4640 praefati
401 4569 425 4622 2.

337 4775 380 4843 12)
413 4771 517 4840 Tardis,
549 4771 723 4826 Mouuracnts
749 4772 840 4825 tristor.
865 4790 894 4840 p.
919 4772 951 4824 61
966 4787 1019 4838 sq.;
1049 4771 1099 4835 cli:
1127 4767 1341 4835 Abel-Simeon,
1375 4767 1447 4820 Karl
1470 4765 1496 4820 d.
1526 4765 1623 4819 Graeca
1641 4766 1661 4818 I
1665 4769 1683 4834 ²,
1710 4784 1741 4835 p.
1757 4767 1856 4834 aucep.

187 4899 213 4938 ιο
235 4879 277 4948 13)
297 4877 427 4944 Merum
443 4875 481 4930 od
498 4874 657 4929 occidentur
676 4873 857 4928 Scletcttetcdr'r'
875 4889 974 4927 cereas.
1072 4872 1114 4940 14)
1134 4871 1162 4924 S.
1179 4871 1243 4936 Pia,
1257 4886 1342 4939 prope
1359 4869 1397 4924 ud
1416 4869 1640 4938 Itappmltcwffler.
1730 4870 1774 4936 15)
1793 4868 1859 4922 Noa

231 4983 286 5036 ium
305 4986 400 5036 easta.
489 4980 533 5046 16)
551 4977 714 5046 neptunum
727 4977 784 5031 ΙΙΙ.
802 4983 852 5032 aut
871 4976 926 5042 IV,·
944 4978 994 5041 cfr.
1015 4975 1207 5030 Abel-Simeon
1224 4975 1275 5030 tc.
1366 4976 1408 5042 li)
1427 4973 1519 5043 Supra
1536 4973 1650 5027 nr.258.
