4568 6434
356 472 625 530 ADDITAMENTA
644 476 694 530 AD
712 475 959 532 CAPITULARIA
978 477 1107 534 REGUM
1126 480 1312 537 ceneclan
1332 485 1558 542 ORIENTALIS.
1580 519 1611 528 -
1630 489 1751 546 115252.
1806 495 1865 558 197
1998 439 2000 442 Ι
2073 489 2079 500 ’

242 655 318 717 415.
343 651 384 714 43
395 669 431 725 5;
454 649 475 714 1.
491 669 561 731 55.
579 653 619 713 54
642 652 705 731 55.)
735 649 928 715 Coloniensis
942 649 1106 716 Diessensi
1120 654 1302 734 ampliorem
1316 655 1457 742 sermone
1474 661 1633 742 praebeat,
1660 671 1807 732 neutrum
1824 682 1867 732 'ee
1884 675 1943 729 895.

240 753 348 832 allero,
369 752 424 818 scd
437 757 602 836 unumque
623 773 662 818 55
676 751 777 818 eedem
793 754 900 833 codice,
922 755 1012 820 nobis
1026 756 1147 837 quide-m
1170 759 1282 840 155515,
1299 761 1450 843 scriptum
1472 783 1537 829 esse
1558 773 1691 851 apparet
1712 768 1787 854 (cfr.
1803 771 1825 838 l.
1840 791 1865 836 c.

233 879 267 942 5,
292 861 360 937 55).
385 857 447 940 Qui
468 855 562 922 codes
587 855 767 941 deperditus
788 879 827 922 55
853 858 955 922 eodem
984 857 1073 944 sonte
1094 864 1139 924 est
1160 860 1335 941 derivatus,
1364 886 1403 928 coc
1430 887 1490 948 555
1512 868 1703 952 1155155555
1724 871 1866 939 hausisse

239 961 430 1026 crediderim.
471 962 669 1044 Qcmnmnam
683 961 766 1024 enim
780 961 835 1026 ille
849 961 989 1028 collector
1003 964 1039 1026 in
1053 964 1219 1029 nonnullis
1233 967 1382 1051 capitulis
1396 990 1466 1035 oum
1480 969 1644 1038 Diessensi
1659 973 1731 1056 (cfr.
1748 997 1772 1041 c.
1785 981 1827 1041 25
1834 977 1862 1042 b.

207 1070 317 1133 5265.
341 1069 420 1132 375.
444 1067 528 1142 415)
556 1069 585 1130 51
611 1064 789 1130 Coloniensi
814 1063 887 1149 (cfr.
911 1086 936 1132 c.
959 1070 999 1130 25
1008 1067 1034 1132 b.
1059 1069 1135 1133 365.
1160 1072 1244 1148 415;
1259 1071 1280 1134 1.
1297 1091 1320 1135 c.
1333 1091 1369 1152 p.
1385 1075 1442 1154 56)
1465 1077 1738 1156 55555511,15555
1760 1081 1865 1162 capita

241 1170 394 1254 55555155
414 1173 554 1245 menne,
584 1169 619 1232 in
641 1168 754 1250 quibus
776 1171 934 1250 tantopore
956 1191 978 1236 e
999 1168 1163 1236 Diessensi
1189 1171 1264 1257 (cfr.
1288 1194 1313 1238 c.
1337 1168 1418 1240 453.
1449 1179 1490 1241 24
1501 1199 1532 1246 e.
1565 1184 1605 1246 46
1618 1202 1649 1246 e.
1674 1185 1714 1248 43
1729 1182 1755 1251 5.
1779 1191 1818 1250 44
1833 1209 1864 1253 e.

239 1275 327 1354 4515
353 1275 374 1342 l.
397 1295 422 1340 e.
442 1295 474 1356 p.
507 1276 563 1358 55)
591 1278 619 1337 51
638 1293 661 1337 5
686 1271 864 1338 Coloniensi
890 1273 962 1356 (cfr.
993 1274 1060 1338 ead.
1087 1296 1190 1360 5555,
1221 1285 1345 1360 eccepto
1373 1301 1397 1345 c.
1427 1285 1515 1362 465,
1545 1287 1575 1348 et
1595 1306 1620 1352 c.
1644 1291 1865 1369 55e—b8e;

241 1381 262 1447 l.
286 1401 310 1445 c.
330 1401 364 1461 p.
388 1385 429 1444 56
444 1382 527 1461 555.)
556 1378 725 1459 discrepat,
754 1380 909 1460 5155555
932 1378 1106 1462 1155155515
1127 1401 1260 1446 canones
1286 1405 1326 1447 ee
1357 1384 1456 1449 altere
1482 1387 1581 1452 codice
1609 1407 1707 1471 55555
1729 1412 1863 1456 oenones

238 1484 377 1549 coelicum
399 1484 525 1548 illorum
553 1503 592 1547 ee
614 1480 912 1563 115515555555511
933 1501 997 1547 esse
1013 1485 1148 1564 possint.
1194 1485 1346 1551 Rationes
1367 1492 1483 1566 551555,
1507 1511 1585 1571 quae
1607 1493 1673 1555 sint
1695 1494 1779 1559 inter
1801 1499 1864 1559 tres

196 1615 222 1654 5
239 1588 350 1669 fontes,
372 1587 427 1651 boc
448 1589 607 1650 stemmate
628 1585 672 1648 ed
693 1586 794 1650 oculos
816 1585 1026 1651 demonstrari
1048 1587 1156 1652 liceat:

1037 1705 1069 1758 X

922 1777 1220 1873 '‘—Tue

900 1800 943 1861 Χι

916 1871 990 1893 b-

788 1874 913 1952 ore?
968 1897 1013 1957 x,

969 1967 1016 2092 b

194 2171 219 2211 a
342 2142 428 2225 Quae
450 2160 518 2204 cnm
540 2142 587 2206 ite
609 2141 682 2218 sint,
704 2141 889 2224 archetypus
909 2142 964 2206 ille
988 2141 1094 2206 littere
1117 2141 1152 2206 X
1164 2142 1308 2224 51555155
1329 2142 1369 2208 56
1384 2142 1484 2208 altere
1499 2149 1632 2224 auctore,
1654 2151 1711 2210 ent
1732 2169 1754 2212 a
1768 2148 1861 2231 11551-

235 2266 316 2311 nonc
337 2250 394 2310 551
410 2267 432 2310 5
447 2245 602 2308 collectore
623 2244 736 2309 codicis
759 2245 809 2316 X1
836 2243 1084 2330 transformatus
1106 2246 1153 2309 ecl
1168 2246 1340 2328 ampliatus
1362 2247 1409 2310 551
1423 2247 1621 2312 abbreviatus
1643 2269 1707 2314 esse
1728 2251 1860 2317 cicietur.

238 2351 317 2434 Quis
344 2369 414 2415 vcro
440 2348 562 2433 fecerit,
591 2369 630 2412 ee
652 2348 800 2430 capitulis
827 2353 856 2413 4.
889 2351 940 2411 37.
970 2353 1019 2414 40.
1049 2352 1101 2412 43.
1133 2352 1184 2412 45.
1213 2350 1348 2414 55-58
1376 2369 1445 2414 cnm
1467 2370 1571 2414 eorum
1600 2351 1736 2418 breviore
1757 2352 1860 2435 forme

235 2459 292 2538 (sc.
315 2474 340 2520 c.
364 2459 427 2519 45.
451 2456 531 2518 375.
556 2455 634 2520 465.
661 2452 737 2517 435.
762 2451 839 2519 456.
871 2454 1080 2528 555-585)
1110 2452 1233 2517 collatis
1259 2453 1395 2534 perspici
1414 2456 1527 2535 551551.
1584 2455 1669 2520 Nem
1691 2459 1861 2522 55555115

237 2561 350 2623 constet
365 2575 500 2624 conones
514 2555 668 2620 1155515555
689 2555 732 2619 ed
748 2553 888 2640 formem
909 2556 1068 2638 culpatam
1082 2561 1254 2640 spectantes
1275 2575 1315 2620 ec
1336 2557 1394 2622 illa
1410 2562 1567 2642 excerptos
1588 2579 1660 2638 esse,
1682 2581 1719 2626 eo
1741 2563 1861 2627 brevior

191 2673 218 2729 15
230 2661 337 2747 senne
359 2659 460 2742 meeis
481 2658 658 2723 anthentica
676 2658 823 2740 putanda
846 2663 903 2736 est,
926 2660 1016 2724 cuins
1038 2659 1131 2724 verbe
1153 2658 1347 2745 omniforme
1369 2661 1497 2744 5515515
1520 2663 1631 2727 niellus
1653 2666 1858 2729 consentient.

235 2765 312 2851 Ipse
334 2767 438 2830 eutem
464 2763 604 2844 capitula
626 2782 724 2844 supro
746 2762 843 2840 dicte,
872 2767 995 2844 eccepto
1021 2784 1045 2828 c.
1068 2769 1101 2842 4,
1121 2764 1259 2844 probent
1278 2784 1342 2830 non
1365 2765 1400 2828 in
1422 2763 1597 2848 1155155515
1618 2787 1719 2848 apere,
1748 2769 1803 2833 sed
1825 2771 1859 2832 15

234 2870 333 2935 codice
350 2869 399 2941 X1
425 2869 473 2932 eel
494 2866 648 2932 codicibus
662 2865 827 2932 Diessensi
848 2871 876 2930 ct
899 2865 1077 2934 Coloniensi
1098 2888 1251 2932 cenenum
1275 2868 1448 2934 breviorem
1468 2869 1604 2951 155555
1617 2872 1774 2952 55551555
1783 2893 1859 2956 pre-

228 2975 429 3056 pinquiorem
450 2971 607 3054 praeberi,
633 2969 824 3053 Ropinenem
842 2969 963 3056 fontan
985 2991 1173 3036 communem
1196 2989 1255 3035 sno
1277 2976 1385 3055 sponte
1406 2977 1606 3038 commutasse
1628 2974 1676 3038 ecl
1696 2975 1859 3040 mutilasse

232 3077 306 3164 (cfr.
330 3079 350 3143 l.
374 3098 398 3144 5.
415 3098 451 3158 p.
475 3078 516 3140 56
531 3094 613 3157 555.;
636 3079 676 3139 64
693 3093 738 3157 55.
761 3079 790 3139 51
812 3078 881 3140 tem
905 3074 940 3139 Χ
947 3074 1070 3151 VIII).

191 3212 216 3251 25
338 3179 494 3246 Similiter
515 3198 566 3244 res
594 3197 625 3242 se
653 3178 743 3242 babet
766 3178 849 3243 inter
875 3177 1066 3243 collectiones
1080 3178 1129 3250 Χ,
1156 3183 1185 3244 et
1209 3179 1481 3246 Cabeleencnsern.
1530 3180 1584 3246 Eo
1605 3182 1754 3263 capitulis
1775 3183 1858 3248 enim

239 3291 314 3351 155.
338 3285 416 3351 235.
446 3287 528 3350 315.
559 3284 637 3347 sna.
669 3282 746 3349 375.
776 3282 965 3362 comparetis
993 3302 1032 3345 ee
1060 3281 1164 3347 altere
1191 3285 1379 3363 pertesum
1406 3285 1515 3348 iisdem
1542 3286 1697 3366 capitibus
1722 3287 1858 3352 codicum

233 3387 338 3454 Diess.
360 3388 472 3454 ctCol.
494 3391 569 3453 515.
593 3388 672 3451 235.
697 3389 774 3464 375,
797 3406 836 3450 erc
858 3386 960 3449 altere
982 3387 1153 3468 5555515.
1177 3406 1202 3450 c.
1228 3389 1276 3450 15.
1301 3389 1351 3451 23.
1376 3389 1428 3452 31.
1452 3390 1503 3453 32.
1527 3390 1577 3453 37.
1600 3395 1733 3471 apparet
1753 3395 1858 3456 auclo-

232 3514 298 3557 rcrn
329 3490 516 3558 collectionis
551 3489 795 3554 Catelaunensis
830 3492 974 3570 excerpta
1004 3489 1239 3566 Triburionsie‚
1275 3492 1386 3570 555115
1420 3491 1553 3556 tradunt
1582 3491 1687 3560 Diess.
1719 3499 1748 3558 51
1782 3495 1857 3573 eol..

233 3596 345 3660 iterem
367 3595 538 3676 eeeerpisse
560 3591 636 3678 (cfr.
659 3592 681 3660 l.
704 3613 728 3657 c.
747 3614 782 3677 p.
806 3596 858 3658 61.
883 3595 933 3657 63.
957 3596 986 3656 51
1008 3597 1078 3658 155.
1104 3591 1267 3671 XVIII).

188 3721 215 3761 so
339 3696 417 3765 Cum
440 3698 537 3782 151155
557 3697 731 3762 auctoritas
756 3697 829 3773 illa,
857 3717 921 3778 555
951 3695 1161 3760 tantammodo
1188 3696 1260 3760 nini
1287 3697 1552 3763 Wessersebleben
1580 3704 1609 3763 et
1630 3698 1857 3786 1511115515-

230 3824 313 3869 mem
333 3803 491 3885 55155155
507 3803 689 3879 5515555151,
713 3800 871 3883 Repinoni
892 3801 940 3866 551
961 3799 1132 3865 collectioni
1151 3801 1380 3868 Celaleunensi
1401 3802 1529 3867 minime
1551 3803 1696 3868 addendo
1718 3805 1768 3881 sit,
1791 3823 1858 3868 cern

226 3911 392 3992 praeterea
414 3905 474 3970 ille
496 3907 536 3971 58
559 3905 699 3986 capitula
721 3925 790 3969 eum
807 3909 939 3986 propter
960 3904 1122 3981 rationem,
1148 3924 1212 3985 555
1235 3905 1379 3988 51555155
1394 3909 1506 3986 perles
1528 3907 1611 3970 inter
1633 3925 1664 3970 se
1680 3907 1861 3972 5551555155

230 4015 305 4075 sunt
327 4008 403 4095 (cfr.
422 4031 447 4075 c.
471 4013 522 4073 26.
546 4013 576 4076 2.
600 4011 634 4085 3;
657 4029 682 4075 5.
706 4011 850 4086 bii—5&
873 4009 892 4074 l.
917 4029 941 4073 c.
958 4030 993 4090 p.
1019 4010 1059 4073 66
1075 4011 1167 4090 555),
1197 4013 1262 4073 tum
1278 4013 1411 4090 propter
1435 4008 1612 4074 sollemnem
1636 4010 1807 4074 orel-ionem
1830 4015 1858 4074 51

227 4118 356 4199 propter
377 4113 617 4197 subscriptiones
643 4113 854 4196 episcoporum
877 4113 1030 4177 subiectas·
1055 4115 1100 4194 (p.
1126 4115 1166 4177 76
1180 4113 1264 4195 555.)
1292 4113 1539 4178 authenticorum
1568 4112 1694 4179 55551111
1719 4117 1858 4178 eduum

188 4245 213 4284 5.
227 4216 366 4303 formem
384 4218 605 4299 profiteantur,
627 4236 691 4280 non
706 4216 820 4294 dubito,
844 4217 922 4298 quin
943 4235 1007 4279 non
1024 4215 1185 4292 breviores,
1206 4215 1261 4280 sed
1281 4216 1333 4280 illi
1349 4218 1388 4281 58
1405 4215 1558 4299 15551555
1573 4235 1706 4282 canones
1719 4217 1859 4299 pennino

230 4326 301 4388 5515
322 4323 446 4388 concilii
468 4320 684 4386 Triberiensis
699 4312 903 4402 praebeant4.
959 4319 1158 4385 Colleclioues
1180 4341 1251 4385 ecre
1268 4318 1372 4385 Diess.
1391 4323 1420 4383 et
1444 4319 1545 4385 Cetal.
1561 4313 1737 4401 55155115ὁ
1754 4342 1776 4384 e
1791 4322 1860 4403 551-

230 4427 360 4492 busdam
391 4426 613 4508 551555515551
648 4426 684 4488 in
716 4446 821 4490 eorum
852 4425 976 4490 nomine
1009 4425 1192 4505 compositas
1220 4423 1418 4501 crediderim,
1454 4443 1534 4505 5555
1567 4424 1690 4505 quidem
1717 4424 1798 4489 banc
1822 4425 1858 4488 in

121 4515 125 4520 ’
230 4530 495 4611 archiepiscopatu
519 4529 702 4594 Treverensi
718 4533 850 4610 propter
872 4527 1061 4610 Repinonem
1084 4547 1152 4592 eom
1174 4527 1382 4605 adhibentem,
1413 4527 1502 4591 11155
1529 4527 1564 4590 15
1590 4528 1858 4612 archiepiscopatu

230 4632 415 4716 Mopontine
430 4634 560 4716 propter
578 4631 740 4715 prolopem
762 4629 954 4696 Hettlrenem
969 4629 1150 4696 laudantem
1173 4634 1202 4694 et
1223 4629 1398 4708 efferentem
1420 4633 1508 4694 ortes
1530 4649 1595 4694 esse
1615 4630 1859 4696 existimaverim

188 4765 213 4804 u
231 4734 306 4821 (cfr.
329 4734 405 4802 NA.
430 4734 582 4819 XVIII).

334 4839 454 4923 Quibus
480 4837 699 4902 demonstretis
727 4837 763 4902 dc
790 4837 840 4901 bis
868 4837 1059 4902 brevioribus
1082 4835 1236 4917 capitibus
1259 4836 1391 4900 brcoitm
1423 4834 1574 4900 disserere
1596 4855 1673 4920 opus
1703 4840 1756 4914 551,
1778 4857 1858 4918 quoe

228 4965 292 5012 nen
314 4947 457 5025 excerpta
480 4962 519 5006 55
536 4939 646 5026 fania
668 4941 796 5024 5515515
818 4945 901 5006 sunt.
955 4942 1093 5023 Qimum
1115 4961 1139 5006 c.
1168 4943 1257 5018 1-7,
1294 4940 1436 5023 151555.
1460 4941 1522 5004 266
1530 4958 1586 5022 sq,
1612 4939 1727 5004 indicto
1750 4941 1857 5022 51555-

126 5065 127 5070 ’
228 5050 333 5114 lerum
364 5064 533 5113 causarum
557 5048 829 5123 555555555551,
862 5066 942 5126 quae
959 5049 1071 5127 555155
1095 5045 1131 5109 15
1156 5043 1286 5109 decretis
1311 5043 1436 5108 concilii
1466 5041 1579 5128 fccsins
1610 5046 1761 5108 tractatae
1783 5047 1858 5108 5551

228 5151 303 5238 (cfr.
326 5151 402 5217 NA.
427 5151 464 5215 X
469 5148 543 5226 VII,
564 5168 596 5229 5.
618 5150 658 5211 72
677 5150 738 5229 55).
798 5147 937 5230 Reliqua
959 5151 1062 5214 eutem
1087 5147 1240 5229 capitula,
1268 5166 1355 5228 5555,
1385 5165 1575 5228 quemquem
1600 5165 1660 5223 res,
1687 5146 1724 5210 de
1745 5146 1857 5228 quibus

187 5284 210 5323 5
229 5253 379 5340 referunt,
400 5255 436 5317 in
458 5253 587 5318 concilio
602 5249 800 5316 Tribnriensi
814 5256 902 5318 55155
924 5271 987 5317 non
1003 5270 1067 5316 esse
1082 5251 1236 5328 uidentur,
1259 5255 1363 5314 temen
1372 5249 1494 5330 partim
1510 5249 1545 5312 in
1562 5247 1735 5314 collectione
1754 5247 1855 5315 Cetal.

228 5379 345 5440 555555
359 5359 492 5434 ecstant,
510 5354 632 5436 partim
653 5353 742 5435 apud
756 5354 980 5420 Burclmrdum
1003 5360 1096 5438 51555
1118 5356 1154 5418 15
1175 5353 1260 5418 cedd.
1281 5353 1356 5432 Col„
1379 5351 1565 5430 Helmstad,
1587 5351 1713 5418 Salisb.¹
1726 5352 1791 5431 IX,
1816 5356 1856 5418 32

227 5463 389 5544 inscriptis
403 5459 520 5525 verbis:
541 5457 594 5523 Ex
610 5459 747 5524 coneilio
762 5456 965 5524 'I'riburiensi
981 5477 1115 5524 canones
1129 5457 1347 5523 Triburienses
1359 5455 1571 5538 appellantur,
1586 5456 1712 5520 omnino
1727 5455 1767 5520 ab
1778 5456 1858 5520 actis

329 5669 357 5736 3)
376 5666 404 5722 C.
423 5669 487 5724 155.
514 5665 580 5722 235.
609 5666 678 5720 315.
705 5665 770 5720 325.
798 5679 832 5719 cn
856 5664 918 5720 Coll.
943 5665 1115 5720 1151515551.
1210 5667 1239 5732 4)
1264 5663 1317 5732 Csr.
1344 5663 1423 5718 etiem
1447 5661 1535 5717 Scclrol
1556 5660 1573 5715 1.
1590 5677 1611 5716 c.
1716 5665 1744 5730 5)
1768 5661 1854 5716 Aliter

230 5769 390 5827 &cirilla
