<?xml version="1.0" encoding="UTF-8"?>
<!DOCTYPE html PUBLIC "-//W3C//DTD XHTML 1.0 Transitional//EN"
    "http://www.w3.org/TR/xhtml1/DTD/xhtml1-transitional.dtd">
<html xmlns="http://www.w3.org/1999/xhtml" xml:lang="en" lang="en">
 <head>
  <title>
</title>
<meta http-equiv="Content-Type" content="text/html;charset=utf-8" />
  <meta name='ocr-system' content='tesseract 3.04.00' />
  <meta name='ocr-capabilities' content='ocr_page ocr_carea ocr_par ocr_line ocrx_word'/>
</head>
<body>
  <div class='ocr_page' id='page_1' title='image "./monumentagerman07mittgoog_0155.png"; bbox 0 0 4634 6436; ppageno 0'>
   <div class='ocr_carea' id='block_1_1' title="bbox 381 614 441 668">
    <p class='ocr_par' dir='ltr' id='par_1_1' title="bbox 381 614 441 668">
     <span class='ocr_line' id='line_1_1' title="bbox 381 614 441 668; baseline -0.017 0"><span class='ocrx_word' id='word_1_1' title='bbox 381 614 441 668; x_wconf 78' lang='lat'><strong>844.</strong></span> 
     </span>
    </p>
   </div>
   <div class='ocr_carea' id='block_1_2' title="bbox 461 442 1795 508">
    <p class='ocr_par' dir='ltr' id='par_1_2' title="bbox 461 442 1795 508">
     <span class='ocr_line' id='line_1_2' title="bbox 461 442 1795 508; baseline -0.007 -2"><span class='ocrx_word' id='word_1_2' title='bbox 461 445 521 508; x_wconf 78' lang='lat' dir='ltr'>ild</span> <span class='ocrx_word' id='word_1_3' title='bbox 746 442 1012 497; x_wconf 79' lang='lat' dir='ltr'>ADDITAMENTA</span> <span class='ocrx_word' id='word_1_4' title='bbox 1031 443 1080 497; x_wconf 81' lang='lat' dir='ltr'>AD</span> <span class='ocrx_word' id='word_1_5' title='bbox 1098 442 1342 498; x_wconf 75' lang='lat' dir='ltr'>olvlruuama</span> <span class='ocrx_word' id='word_1_6' title='bbox 1363 442 1565 498; x_wconf 81' lang='lat' dir='ltr'><strong>HLOTHARII</strong></span> <span class='ocrx_word' id='word_1_7' title='bbox 1583 443 1603 496; x_wconf 92' lang='grc' dir='ltr'>Ι.</span> <span class='ocrx_word' id='word_1_8' title='bbox 1625 473 1655 482; x_wconf 88' lang='grc'>-</span> <span class='ocrx_word' id='word_1_9' title='bbox 1675 443 1723 497; x_wconf 87' lang='lat' dir='ltr'>Nr.</span> <span class='ocrx_word' id='word_1_10' title='bbox 1736 443 1795 497; x_wconf 85' lang='grc'><strong>227.</strong></span> 
     </span>
    </p>
   </div>
   <div class='ocr_carea' id='block_1_3' title="bbox 460 615 2133 1841">
    <p class='ocr_par' dir='ltr' id='par_1_3' title="bbox 460 615 2133 1841">
     <span class='ocr_line' id='line_1_3' title="bbox 569 615 2085 702; baseline -0.001 -22"><span class='ocrx_word' id='word_1_11' title='bbox 569 621 598 684; x_wconf 84' lang='grc'>2.</span> <span class='ocrx_word' id='word_1_12' title='bbox 633 616 718 691; x_wconf 81' lang='lat' dir='ltr'>Quia</span> <span class='ocrx_word' id='word_1_13' title='bbox 741 617 822 681; x_wconf 87' lang='lat' dir='ltr'>benc</span> <span class='ocrx_word' id='word_1_14' title='bbox 850 617 952 680; x_wconf 90' lang='lat' dir='ltr'>nostis</span> <span class='ocrx_word' id='word_1_15' title='bbox 980 618 1020 681; x_wconf 90' lang='lat' dir='ltr'>ab</span> <span class='ocrx_word' id='word_1_16' title='bbox 1044 616 1116 696; x_wconf 89' lang='lat' dir='ltr'>illo,</span> <span class='ocrx_word' id='word_1_17' title='bbox 1149 618 1203 701; x_wconf 91' lang='lat' dir='ltr'>qui</span> <span class='ocrx_word' id='word_1_18' title='bbox 1227 618 1316 681; x_wconf 91' lang='lat' dir='ltr'>solus</span> <span class='ocrx_word' id='word_1_19' title='bbox 1340 617 1455 681; x_wconf 92' lang='lat' dir='ltr'>merito</span> <span class='ocrx_word' id='word_1_20' title='bbox 1480 625 1533 683; x_wconf 78' lang='lat' dir='ltr'>et⁸</span> <span class='ocrx_word' id='word_1_21' title='bbox 1555 640 1615 683; x_wconf 83' lang='lat' dir='ltr'>rex</span> <span class='ocrx_word' id='word_1_22' title='bbox 1639 624 1672 682; x_wconf 87' lang='lat' dir='ltr'>ct</span> <span class='ocrx_word' id='word_1_23' title='bbox 1695 615 1848 680; x_wconf 88' lang='lat' dir='ltr'>sacerdos</span> <span class='ocrx_word' id='word_1_24' title='bbox 1872 616 1942 680; x_wconf 86' lang='lat' dir='ltr'>ficri</span> <span class='ocrx_word' id='word_1_25' title='bbox 1966 617 2085 702; x_wconf 90' lang='lat' dir='ltr'>potuit,</span> 
     </span>
     <span class='ocr_line' id='line_1_4' title="bbox 460 710 2085 807; baseline -0.001 -23"><span class='ocrx_word' id='word_1_26' title='bbox 460 721 507 784; x_wconf 88' lang='lat' dir='ltr'>ita</span> <span class='ocrx_word' id='word_1_27' title='bbox 527 721 699 785; x_wconf 90' lang='lat' dir='ltr'>ecclesiam</span> <span class='ocrx_word' id='word_1_28' title='bbox 719 720 910 807; x_wconf 79' lang='lat' dir='ltr'><strong>dispositam</strong></span> <span class='ocrx_word' id='word_1_29' title='bbox 932 742 1016 802; x_wconf 90' lang='lat' dir='ltr'>esse,</span> <span class='ocrx_word' id='word_1_30' title='bbox 1040 729 1075 784; x_wconf 89' lang='lat' dir='ltr'>ut</span> <span class='ocrx_word' id='word_1_31' title='bbox 1091 721 1271 806; x_wconf 86' lang='lat' dir='ltr'>pontificali</span> <span class='ocrx_word' id='word_1_32' title='bbox 1286 722 1479 786; x_wconf 87' lang='lat' dir='ltr'>auctoritate</span> <span class='ocrx_word' id='word_1_33' title='bbox 1501 729 1535 786; x_wconf 92' lang='lat' dir='ltr'>et</span> <span class='ocrx_word' id='word_1_34' title='bbox 1558 721 1660 805; x_wconf 90' lang='lat' dir='ltr'>regali</span> <span class='ocrx_word' id='word_1_35' title='bbox 1675 725 1838 805; x_wconf 78' lang='lat' dir='ltr'>potestate</span> <span class='ocrx_word' id='word_1_36' title='bbox 1855 710 2085 803; x_wconf 59' lang='lat' dir='ltr'>guberneturss,</span> 
     </span>
     <span class='ocr_line' id='line_1_5' title="bbox 461 817 2088 909; baseline -0.001 -23"><span class='ocrx_word' id='word_1_37' title='bbox 461 829 494 886; x_wconf 91' lang='lat' dir='ltr'>et</span> <span class='ocrx_word' id='word_1_38' title='bbox 523 824 680 909; x_wconf 91' lang='lat' dir='ltr'>scriptum</span> <span class='ocrx_word' id='word_1_39' title='bbox 709 845 782 889; x_wconf 90' lang='lat' dir='ltr'>csse</span> <span class='ocrx_word' id='word_1_40' title='bbox 811 823 932 908; x_wconf 90' lang='lat' dir='ltr'>liquido</span> <span class='ocrx_word' id='word_1_41' title='bbox 956 824 1148 909; x_wconf 89' lang='lat' dir='ltr'>pervidetis:</span> <span class='ocrx_word' id='word_1_42' title='bbox 1184 817 1281 888; x_wconf 80' lang='lat' dir='ltr'>‘Ubi9</span> <span class='ocrx_word' id='word_1_43' title='bbox 1305 845 1368 887; x_wconf 86' lang='lat' dir='ltr'>non</span> <span class='ocrx_word' id='word_1_44' title='bbox 1395 831 1445 888; x_wconf 89' lang='lat' dir='ltr'>est</span> <span class='ocrx_word' id='word_1_45' title='bbox 1470 823 1686 908; x_wconf 89' lang='lat' dir='ltr'>gubernator,</span> <span class='ocrx_word' id='word_1_46' title='bbox 1717 822 1857 907; x_wconf 88' lang='lat' dir='ltr'>populus</span> <span class='ocrx_word' id='word_1_47' title='bbox 1880 819 2023 901; x_wconf 87' lang='lat' dir='ltr'>corruit’,</span> <span class='ocrx_word' id='word_1_48' title='bbox 2054 827 2088 884; x_wconf 91' lang='lat' dir='ltr'>et</span> 
     </span>
     <span class='ocr_line' id='line_1_6' title="bbox 461 924 2086 1015; baseline -0.001 -25"><span class='ocrx_word' id='word_1_49' title='bbox 461 932 553 991; x_wconf 90' lang='lat' dir='ltr'>tanto</span> <span class='ocrx_word' id='word_1_50' title='bbox 577 927 809 1015; x_wconf 75' lang='lat' dir='ltr'>periculosius,</span> <span class='ocrx_word' id='word_1_51' title='bbox 832 934 953 1013; x_wconf 89' lang='lat' dir='ltr'>quanto</span> <span class='ocrx_word' id='word_1_52' title='bbox 978 929 1086 992; x_wconf 87' lang='lat' dir='ltr'>anima</span> <span class='ocrx_word' id='word_1_53' title='bbox 1109 929 1183 1014; x_wconf 91' lang='lat' dir='ltr'>plus</span> <span class='ocrx_word' id='word_1_54' title='bbox 1207 934 1257 992; x_wconf 91' lang='lat' dir='ltr'>est</span> <span class='ocrx_word' id='word_1_55' title='bbox 1279 928 1423 1013; x_wconf 89' lang='lat' dir='ltr'>pretiosa</span> <span class='ocrx_word' id='word_1_56' title='bbox 1446 948 1542 1012; x_wconf 87' lang='lat' dir='ltr'>quam</span> <span class='ocrx_word' id='word_1_57' title='bbox 1565 948 1700 1012; x_wconf 92' lang='lat' dir='ltr'>corpus,</span> <span class='ocrx_word' id='word_1_58' title='bbox 1729 945 1891 989; x_wconf 89' lang='lat' dir='ltr'>canonum</span> <span class='ocrx_word' id='word_1_59' title='bbox 1916 926 2014 989; x_wconf 90' lang='lat' dir='ltr'>etiam</span> <span class='ocrx_word' id='word_1_60' title='bbox 2037 924 2086 989; x_wconf 89' lang='lat' dir='ltr'>in-</span> 
     </span>
     <span class='ocr_line' id='line_1_7' title="bbox 461 1027 2131 1118; baseline -0.001 -25"><span class='ocrx_word' id='word_1_61' title='bbox 461 1029 669 1115; x_wconf 81' lang='lat' dir='ltr'>refragabilis</span> <span class='ocrx_word' id='word_1_62' title='bbox 700 1031 878 1096; x_wconf 89' lang='lat' dir='ltr'>auctoritas</span> <span class='ocrx_word' id='word_1_63' title='bbox 907 1051 1005 1116; x_wconf 88' lang='lat' dir='ltr'>super</span> <span class='ocrx_word' id='word_1_64' title='bbox 1032 1032 1258 1118; x_wconf 88' lang='lat' dir='ltr'>episcoporum</span> <span class='ocrx_word' id='word_1_65' title='bbox 1284 1030 1487 1096; x_wconf 89' lang='lat' dir='ltr'>ordinatione</span> <span class='ocrx_word' id='word_1_66' title='bbox 1516 1038 1549 1096; x_wconf 92' lang='lat' dir='ltr'>et</span> <span class='ocrx_word' id='word_1_67' title='bbox 1576 1031 1608 1095; x_wconf 91' lang='lat' dir='ltr'>in</span> <span class='ocrx_word' id='word_1_68' title='bbox 1633 1030 1744 1116; x_wconf 92' lang='lat' dir='ltr'>populi</span> <span class='ocrx_word' id='word_1_69' title='bbox 1771 1028 1813 1092; x_wconf 92' lang='lat' dir='ltr'>ad</span> <span class='ocrx_word' id='word_1_70' title='bbox 1837 1027 2086 1092; x_wconf 88' lang='lat' dir='ltr'>custodiendum</span> <span class='ocrx_word' id='word_1_71' title='bbox 2118 1054 2131 1092; x_wconf 79' lang='lat' dir='ltr'>s</span> 
     </span>
     <span class='ocr_line' id='line_1_8' title="bbox 462 1131 2086 1220; baseline -0.001 -23"><span class='ocrx_word' id='word_1_72' title='bbox 462 1133 630 1220; x_wconf 81' lang='lat' dir='ltr'>susceptih</span> <span class='ocrx_word' id='word_1_73' title='bbox 660 1135 830 1220; x_wconf 86' lang='lat' dir='ltr'>vigilantia</span> <span class='ocrx_word' id='word_1_74' title='bbox 863 1157 901 1199; x_wconf 91' lang='lat' dir='ltr'>ac</span> <span class='ocrx_word' id='word_1_75' title='bbox 938 1135 1063 1200; x_wconf 91' lang='lat' dir='ltr'>sedium</span> <span class='ocrx_word' id='word_1_76' title='bbox 1099 1157 1230 1200; x_wconf 88' lang='lat' dir='ltr'>suarum</span> <span class='ocrx_word' id='word_1_77' title='bbox 1262 1135 1369 1200; x_wconf 89' lang='lat' dir='ltr'>tenaci</span> <span class='ocrx_word' id='word_1_78' title='bbox 1407 1136 1587 1200; x_wconf 85' lang='lat' dir='ltr'>stabilitate</span> <span class='ocrx_word' id='word_1_79' title='bbox 1621 1131 1865 1198; x_wconf 90' lang='lat' dir='ltr'>evidentissime</span> <span class='ocrx_word' id='word_1_80' title='bbox 1897 1131 2086 1217; x_wconf 87' lang='lat' dir='ltr'>praecipiat,</span> 
     </span>
     <span class='ocr_line' id='line_1_9' title="bbox 461 1234 2088 1324; baseline -0.001 -24"><span class='ocrx_word' id='word_1_81' title='bbox 461 1236 700 1302; x_wconf 80' lang='lat' dir='ltr'>ferventissime</span> <span class='ocrx_word' id='word_1_82' title='bbox 730 1237 794 1304; x_wconf 91' lang='lat' dir='ltr'>Dei</span> <span class='ocrx_word' id='word_1_83' title='bbox 827 1238 992 1324; x_wconf 84' lang='lat' dir='ltr'>legatione</span> <span class='ocrx_word' id='word_1_84' title='bbox 1023 1239 1198 1323; x_wconf 89' lang='lat' dir='ltr'>fungentes</span> <span class='ocrx_word' id='word_1_85' title='bbox 1229 1259 1416 1316; x_wconf 90' lang='lat' dir='ltr'>monemus,</span> <span class='ocrx_word' id='word_1_86' title='bbox 1455 1245 1491 1300; x_wconf 91' lang='lat' dir='ltr'>ut</span> <span class='ocrx_word' id='word_1_87' title='bbox 1524 1236 1637 1317; x_wconf 91' lang='lat' dir='ltr'>sedes,</span> <span class='ocrx_word' id='word_1_88' title='bbox 1672 1257 1756 1322; x_wconf 86' lang='lat' dir='ltr'>quae</span> <span class='ocrx_word' id='word_1_89' title='bbox 1785 1239 1895 1299; x_wconf 89' lang='lat' dir='ltr'>vestra</span> <span class='ocrx_word' id='word_1_90' title='bbox 1924 1234 2088 1299; x_wconf 81' lang='lat' dir='ltr'>discordia</span> 
     </span>
     <span class='ocr_line' id='line_1_10' title="bbox 461 1336 2086 1427; baseline -0.001 -23"><span class='ocrx_word' id='word_1_91' title='bbox 461 1340 600 1404; x_wconf 88' lang='lat' dir='ltr'>ulterius</span> <span class='ocrx_word' id='word_1_92' title='bbox 631 1361 691 1405; x_wconf 90' lang='lat' dir='ltr'>nec</span> <span class='ocrx_word' id='word_1_93' title='bbox 718 1342 917 1406; x_wconf 89' lang='lat' dir='ltr'>nominanda</span> <span class='ocrx_word' id='word_1_94' title='bbox 945 1342 1015 1406; x_wconf 91' lang='lat' dir='ltr'>sine</span> <span class='ocrx_word' id='word_1_95' title='bbox 1047 1363 1140 1406; x_wconf 93' lang='lat' dir='ltr'>sacro</span> <span class='ocrx_word' id='word_1_96' title='bbox 1170 1341 1350 1427; x_wconf 91' lang='lat' dir='ltr'>episcopali</span> <span class='ocrx_word' id='word_1_97' title='bbox 1381 1340 1561 1404; x_wconf 91' lang='lat' dir='ltr'>ministerio</span> <span class='ocrx_word' id='word_1_98' title='bbox 1590 1346 1624 1404; x_wconf 93' lang='lat' dir='ltr'>et</span> <span class='ocrx_word' id='word_1_99' title='bbox 1652 1340 1721 1404; x_wconf 90' lang='lat' dir='ltr'>sine</span> <span class='ocrx_word' id='word_1_100' title='bbox 1746 1336 1910 1424; x_wconf 87' lang='lat' dir='ltr'>episcopis</span> <span class='ocrx_word' id='word_1_101' title='bbox 1933 1336 2086 1402; x_wconf 80' lang='lat' dir='ltr'>viduatae</span> 
     </span>
     <span class='ocr_line' id='line_1_11' title="bbox 464 1436 2086 1531; baseline 0 -25"><span class='ocrx_word' id='word_1_102' title='bbox 464 1448 608 1523; x_wconf 90' lang='lat' dir='ltr'>manent,</span> <span class='ocrx_word' id='word_1_103' title='bbox 632 1444 782 1509; x_wconf 91' lang='lat' dir='ltr'>submota</span> <span class='ocrx_word' id='word_1_104' title='bbox 804 1445 950 1510; x_wconf 90' lang='lat' dir='ltr'>funditus</span> <span class='ocrx_word' id='word_1_105' title='bbox 974 1450 1067 1531; x_wconf 88' lang='lat' dir='ltr'>peste</span> <span class='ocrx_word' id='word_1_106' title='bbox 1092 1445 1308 1531; x_wconf 83' lang='lat' dir='ltr'>Symoniacae</span> <span class='ocrx_word' id='word_1_107' title='bbox 1331 1436 1535 1526; x_wconf 69' lang='lat' dir='ltr'>hereseosffl,</span> <span class='ocrx_word' id='word_1_108' title='bbox 1559 1446 1628 1509; x_wconf 91' lang='lat' dir='ltr'>sine</span> <span class='ocrx_word' id='word_1_109' title='bbox 1653 1443 1808 1508; x_wconf 88' lang='lat' dir='ltr'>dilatione</span> <span class='ocrx_word' id='word_1_110' title='bbox 1831 1443 1924 1508; x_wconf 88' lang='lat' dir='ltr'>iuxta</span> <span class='ocrx_word' id='word_1_111' title='bbox 1946 1442 2086 1506; x_wconf 87' lang='lat' dir='ltr'>auctori-</span> 
     </span>
     <span class='ocr_line' id='line_1_12' title="bbox 463 1546 2133 1634; baseline -0.001 -25"><span class='ocrx_word' id='word_1_112' title='bbox 463 1551 564 1610; x_wconf 89' lang='lat' dir='ltr'>tatem</span> <span class='ocrx_word' id='word_1_113' title='bbox 596 1549 786 1612; x_wconf 91' lang='lat' dir='ltr'>canonicam</span> <span class='ocrx_word' id='word_1_114' title='bbox 817 1556 875 1612; x_wconf 91' lang='lat' dir='ltr'>aut</span> <span class='ocrx_word' id='word_1_115' title='bbox 905 1551 1078 1634; x_wconf 90' lang='lat' dir='ltr'>episcopos</span> <span class='ocrx_word' id='word_1_116' title='bbox 1109 1549 1223 1614; x_wconf 92' lang='lat' dir='ltr'>aDeo</span> <span class='ocrx_word' id='word_1_117' title='bbox 1253 1549 1346 1613; x_wconf 87' lang='lat' dir='ltr'>datos</span> <span class='ocrx_word' id='word_1_118' title='bbox 1378 1556 1412 1613; x_wconf 88' lang='lat' dir='ltr'>et</span> <span class='ocrx_word' id='word_1_119' title='bbox 1440 1570 1460 1612; x_wconf 89' lang='lat' dir='ltr'>a</span> <span class='ocrx_word' id='word_1_120' title='bbox 1487 1549 1580 1613; x_wconf 88' lang='lat' dir='ltr'>vobis</span> <span class='ocrx_word' id='word_1_121' title='bbox 1614 1548 1807 1634; x_wconf 84' lang='lat' dir='ltr'>regulariter</span> <span class='ocrx_word' id='word_1_122' title='bbox 1835 1546 2024 1630; x_wconf 87' lang='lat' dir='ltr'>designatos</span> <span class='ocrx_word' id='word_1_123' title='bbox 2055 1551 2088 1608; x_wconf 91' lang='lat' dir='ltr'>et</span> <span class='ocrx_word' id='word_1_124' title='bbox 2108 1571 2133 1610; x_wconf 82' lang='lat' dir='ltr'>rc</span> 
     </span>
     <span class='ocr_line' id='line_1_13' title="bbox 463 1650 2088 1738; baseline -0.001 -26"><span class='ocrx_word' id='word_1_125' title='bbox 463 1650 570 1734; x_wconf 88' lang='lat' dir='ltr'>gratia</span> <span class='ocrx_word' id='word_1_126' title='bbox 599 1652 703 1714; x_wconf 88' lang='lat' dir='ltr'>sancti</span> <span class='ocrx_word' id='word_1_127' title='bbox 726 1650 868 1736; x_wconf 83' lang='lat' dir='ltr'>Spiritus</span> <span class='ocrx_word' id='word_1_128' title='bbox 892 1659 1102 1717; x_wconf 89' lang='lat' dir='ltr'>consecratos</span> <span class='ocrx_word' id='word_1_129' title='bbox 1127 1653 1289 1738; x_wconf 84' lang='lat' dir='ltr'>accipiant</span> <span class='ocrx_word' id='word_1_130' title='bbox 1318 1659 1391 1731; x_wconf 90' lang='lat' dir='ltr'>aut,</span> <span class='ocrx_word' id='word_1_131' title='bbox 1421 1673 1504 1736; x_wconf 90' lang='lat' dir='ltr'>quac</span> <span class='ocrx_word' id='word_1_132' title='bbox 1529 1652 1594 1715; x_wconf 94' lang='lat' dir='ltr'>suis</span> <span class='ocrx_word' id='word_1_133' title='bbox 1618 1651 1781 1736; x_wconf 91' lang='lat' dir='ltr'>episcopis</span> <span class='ocrx_word' id='word_1_134' title='bbox 1805 1668 2008 1734; x_wconf 90' lang='lat' dir='ltr'>quacumque</span> <span class='ocrx_word' id='word_1_135' title='bbox 2033 1669 2088 1712; x_wconf 92' lang='lat' dir='ltr'>oc-</span> 
     </span>
     <span class='ocr_line' id='line_1_14' title="bbox 464 1751 2087 1841; baseline -0.001 -26"><span class='ocrx_word' id='word_1_136' title='bbox 464 1753 597 1818; x_wconf 90' lang='lat' dir='ltr'>casione</span> <span class='ocrx_word' id='word_1_137' title='bbox 626 1754 773 1839; x_wconf 87' lang='lat' dir='ltr'>privatae</span> <span class='ocrx_word' id='word_1_138' title='bbox 802 1761 891 1836; x_wconf 89' lang='lat' dir='ltr'>sunt,</span> <span class='ocrx_word' id='word_1_139' title='bbox 925 1756 1082 1820; x_wconf 89' lang='lat' dir='ltr'>canonice</span> <span class='ocrx_word' id='word_1_140' title='bbox 1107 1777 1163 1820; x_wconf 92' lang='lat' dir='ltr'>ecs</span> <span class='ocrx_word' id='word_1_141' title='bbox 1192 1758 1262 1821; x_wconf 91' lang='lat' dir='ltr'>sine</span> <span class='ocrx_word' id='word_1_142' title='bbox 1292 1756 1402 1841; x_wconf 89' lang='lat' dir='ltr'>aliqua</span> <span class='ocrx_word' id='word_1_143' title='bbox 1425 1755 1638 1819; x_wconf 83' lang='lat' dir='ltr'>excusatione</span> <span class='ocrx_word' id='word_1_144' title='bbox 1662 1761 1719 1817; x_wconf 89' lang='lat' dir='ltr'>aut</span> <span class='ocrx_word' id='word_1_145' title='bbox 1741 1752 1894 1816; x_wconf 87' lang='lat' dir='ltr'>tarditate</span> <span class='ocrx_word' id='word_1_146' title='bbox 1917 1751 2087 1837; x_wconf 89' lang='lat' dir='ltr'>recipiant.</span> 
     </span>
    </p>
   </div>
   <div class='ocr_carea' id='block_1_4' title="bbox 462 1881 2137 3830">
    <p class='ocr_par' dir='ltr' id='par_1_4' title="bbox 462 1881 2137 3830">
     <span class='ocr_line' id='line_1_15' title="bbox 573 1881 2089 1971; baseline -0.001 -26"><span class='ocrx_word' id='word_1_147' title='bbox 573 1884 603 1947; x_wconf 87' lang='lat'>3.</span> <span class='ocrx_word' id='word_1_148' title='bbox 638 1882 775 1948; x_wconf 86' lang='lat' dir='ltr'>Sacrum</span> <span class='ocrx_word' id='word_1_149' title='bbox 800 1906 928 1970; x_wconf 93' lang='lat' dir='ltr'>quoque</span> <span class='ocrx_word' id='word_1_150' title='bbox 952 1886 1165 1949; x_wconf 89' lang='lat' dir='ltr'>monasticum</span> <span class='ocrx_word' id='word_1_151' title='bbox 1190 1885 1335 1949; x_wconf 88' lang='lat' dir='ltr'>ordinem</span> <span class='ocrx_word' id='word_1_152' title='bbox 1359 1883 1466 1949; x_wconf 93' lang='lat' dir='ltr'>aDeo</span> <span class='ocrx_word' id='word_1_153' title='bbox 1489 1884 1682 1971; x_wconf 89' lang='lat' dir='ltr'>inspiratum</span> <span class='ocrx_word' id='word_1_154' title='bbox 1707 1890 1740 1948; x_wconf 92' lang='lat' dir='ltr'>ct</span> <span class='ocrx_word' id='word_1_155' title='bbox 1763 1883 1804 1947; x_wconf 92' lang='lat' dir='ltr'>ab</span> <span class='ocrx_word' id='word_1_156' title='bbox 1829 1883 1909 1968; x_wconf 91' lang='lat' dir='ltr'>ipsis</span> <span class='ocrx_word' id='word_1_157' title='bbox 1932 1881 2089 1967; x_wconf 91' lang='lat' dir='ltr'>apostolis</span> 
     </span>
     <span class='ocr_line' id='line_1_16' title="bbox 463 1983 2089 2075; baseline -0.002 -25"><span class='ocrx_word' id='word_1_158' title='bbox 463 1985 633 2050; x_wconf 90' lang='lat' dir='ltr'>fundatum</span> <span class='ocrx_word' id='word_1_159' title='bbox 666 2009 724 2052; x_wconf 90' lang='lat' dir='ltr'>seu</span> <span class='ocrx_word' id='word_1_160' title='bbox 754 2010 775 2053; x_wconf 90' lang='lat' dir='ltr'>a</span> <span class='ocrx_word' id='word_1_161' title='bbox 803 1989 1073 2054; x_wconf 88' lang='lat' dir='ltr'>nominatissimis</span> <span class='ocrx_word' id='word_1_162' title='bbox 1104 2011 1142 2052; x_wconf 90' lang='lat' dir='ltr'>ac</span> <span class='ocrx_word' id='word_1_163' title='bbox 1174 1990 1387 2054; x_wconf 87' lang='lat' dir='ltr'>sanctissimis</span> <span class='ocrx_word' id='word_1_164' title='bbox 1419 1987 1567 2075; x_wconf 90' lang='lat' dir='ltr'>patribus</span> <span class='ocrx_word' id='word_1_165' title='bbox 1594 1989 1761 2052; x_wconf 83' lang='lat' dir='ltr'>excultum</span> <span class='ocrx_word' id='word_1_166' title='bbox 1791 1993 1888 2070; x_wconf 90' lang='lat' dir='ltr'>atque</span> <span class='ocrx_word' id='word_1_167' title='bbox 1916 2006 1976 2070; x_wconf 90' lang='lat' dir='ltr'>per</span> <span class='ocrx_word' id='word_1_168' title='bbox 2001 1983 2089 2048; x_wconf 90' lang='lat' dir='ltr'>istud</span> 
     </span>
     <span class='ocr_line' id='line_1_17' title="bbox 464 2086 2134 2176; baseline -0.001 -25"><span class='ocrx_word' id='word_1_169' title='bbox 464 2089 637 2174; x_wconf 91' lang='lat' dir='ltr'>imperium</span> <span class='ocrx_word' id='word_1_170' title='bbox 668 2112 688 2154; x_wconf 89' lang='lat' dir='ltr'>a</span> <span class='ocrx_word' id='word_1_171' title='bbox 710 2091 828 2155; x_wconf 86' lang='lat' dir='ltr'>vestris</span> <span class='ocrx_word' id='word_1_172' title='bbox 857 2092 931 2176; x_wconf 90' lang='lat' dir='ltr'>piae</span> <span class='ocrx_word' id='word_1_173' title='bbox 959 2091 1137 2156; x_wconf 89' lang='lat' dir='ltr'>memoriae</span> <span class='ocrx_word' id='word_1_174' title='bbox 1167 2091 1476 2176; x_wconf 87' lang='lat' dir='ltr'>praedecessoribus</span> <span class='ocrx_word' id='word_1_175' title='bbox 1505 2097 1721 2176; x_wconf 90' lang='lat' dir='ltr'>propagatum</span> <span class='ocrx_word' id='word_1_176' title='bbox 1746 2096 1780 2154; x_wconf 88' lang='lat' dir='ltr'>et</span> <span class='ocrx_word' id='word_1_177' title='bbox 1802 2086 1963 2174; x_wconf 89' lang='lat' dir='ltr'>quaedam</span> <span class='ocrx_word' id='word_1_178' title='bbox 1990 2087 2088 2151; x_wconf 92' lang='lat' dir='ltr'>etiam</span> <span class='ocrx_word' id='word_1_179' title='bbox 2109 2112 2134 2151; x_wconf 81' lang='lat' dir='ltr'>rs</span> 
     </span>
     <span class='ocr_line' id='line_1_18' title="bbox 464 2193 2089 2278; baseline -0.001 -22"><span class='ocrx_word' id='word_1_180' title='bbox 464 2193 536 2256; x_wconf 91' lang='lat' dir='ltr'>loca</span> <span class='ocrx_word' id='word_1_181' title='bbox 574 2194 750 2278; x_wconf 90' lang='lat' dir='ltr'>specialius</span> <span class='ocrx_word' id='word_1_182' title='bbox 789 2195 988 2260; x_wconf 88' lang='lat' dir='ltr'>venerabilia</span> <span class='ocrx_word' id='word_1_183' title='bbox 1026 2202 1140 2259; x_wconf 89' lang='lat' dir='ltr'>contra</span> <span class='ocrx_word' id='word_1_184' title='bbox 1178 2217 1307 2258; x_wconf 90' lang='lat' dir='ltr'>omnem</span> <span class='ocrx_word' id='word_1_185' title='bbox 1346 2194 1574 2257; x_wconf 88' lang='lat' dir='ltr'>auctoritatem</span> <span class='ocrx_word' id='word_1_186' title='bbox 1614 2199 1648 2257; x_wconf 93' lang='lat' dir='ltr'>ct</span> <span class='ocrx_word' id='word_1_187' title='bbox 1684 2193 1844 2258; x_wconf 88' lang='lat' dir='ltr'>rationem</span> <span class='ocrx_word' id='word_1_188' title='bbox 1882 2213 1920 2255; x_wconf 92' lang='lat' dir='ltr'>ac</span> <span class='ocrx_word' id='word_1_189' title='bbox 1960 2197 2089 2276; x_wconf 86' lang='lat' dir='ltr'>patrum</span> 
     </span>
     <span class='ocr_line' id='line_1_19' title="bbox 466 2287 2090 2383; baseline 0 -25"><span class='ocrx_word' id='word_1_190' title='bbox 466 2300 647 2361; x_wconf 90' lang='lat' dir='ltr'>vestrorum</span> <span class='ocrx_word' id='word_1_191' title='bbox 677 2320 736 2364; x_wconf 92' lang='lat' dir='ltr'>seu</span> <span class='ocrx_word' id='word_1_192' title='bbox 765 2319 878 2383; x_wconf 90' lang='lat' dir='ltr'>regum</span> <span class='ocrx_word' id='word_1_193' title='bbox 908 2298 1175 2383; x_wconf 87' lang='lat' dir='ltr'>praecedentium</span> <span class='ocrx_word' id='word_1_194' title='bbox 1203 2290 1505 2363; x_wconf 84' lang='lat' dir='ltr'>consuetudincm¹¹</span> <span class='ocrx_word' id='word_1_195' title='bbox 1537 2297 1693 2362; x_wconf 89' lang='lat' dir='ltr'>laicorum</span> <span class='ocrx_word' id='word_1_196' title='bbox 1718 2317 1816 2360; x_wconf 89' lang='lat' dir='ltr'>curae</span> <span class='ocrx_word' id='word_1_197' title='bbox 1840 2303 1873 2359; x_wconf 90' lang='lat' dir='ltr'>ct</span> <span class='ocrx_word' id='word_1_198' title='bbox 1895 2287 2090 2381; x_wconf 80' lang='lat' dir='ltr'>potcstati¹2</span> 
     </span>
     <span class='ocr_line' id='line_1_20' title="bbox 466 2398 2091 2487; baseline -0.001 -25"><span class='ocrx_word' id='word_1_199' title='bbox 466 2400 498 2463; x_wconf 94' lang='lat' dir='ltr'>in</span> <span class='ocrx_word' id='word_1_200' title='bbox 527 2402 671 2467; x_wconf 82' lang='lat' dir='ltr'>maximo</span> <span class='ocrx_word' id='word_1_201' title='bbox 694 2409 803 2466; x_wconf 88' lang='lat' dir='ltr'>vestro</span> <span class='ocrx_word' id='word_1_202' title='bbox 833 2403 979 2487; x_wconf 91' lang='lat' dir='ltr'>periculo</span> <span class='ocrx_word' id='word_1_203' title='bbox 1008 2409 1041 2466; x_wconf 91' lang='lat' dir='ltr'>et</span> <span class='ocrx_word' id='word_1_204' title='bbox 1071 2402 1200 2467; x_wconf 92' lang='lat' dir='ltr'>illorum</span> <span class='ocrx_word' id='word_1_205' title='bbox 1229 2401 1411 2487; x_wconf 88' lang='lat' dir='ltr'>perditione</span> <span class='ocrx_word' id='word_1_206' title='bbox 1442 2409 1475 2466; x_wconf 93' lang='lat' dir='ltr'>et</span> <span class='ocrx_word' id='word_1_207' title='bbox 1498 2401 1562 2464; x_wconf 91' lang='lat' dir='ltr'>Dei</span> <span class='ocrx_word' id='word_1_208' title='bbox 1590 2422 1628 2464; x_wconf 87' lang='lat' dir='ltr'>ac</span> <span class='ocrx_word' id='word_1_209' title='bbox 1657 2405 1843 2464; x_wconf 90' lang='lat' dir='ltr'>sanctorum</span> <span class='ocrx_word' id='word_1_210' title='bbox 1872 2420 1934 2463; x_wconf 91' lang='lat' dir='ltr'>non</span> <span class='ocrx_word' id='word_1_211' title='bbox 1962 2398 2091 2462; x_wconf 89' lang='lat' dir='ltr'>modica</span> 
     </span>
     <span class='ocr_line' id='line_1_21' title="bbox 465 2500 2090 2590; baseline -0.001 -24"><span class='ocrx_word' id='word_1_212' title='bbox 465 2503 506 2566; x_wconf 86' lang='lat' dir='ltr'>ad</span> <span class='ocrx_word' id='word_1_213' title='bbox 528 2504 741 2571; x_wconf 61' lang='lat' dir='ltr'>,irascendum</span> <span class='ocrx_word' id='word_1_214' title='bbox 772 2506 1002 2590; x_wconf 89' lang='lat' dir='ltr'>provocatione</span> <span class='ocrx_word' id='word_1_215' title='bbox 1032 2527 1088 2570; x_wconf 90' lang='lat' dir='ltr'>vos</span> <span class='ocrx_word' id='word_1_216' title='bbox 1120 2506 1323 2569; x_wconf 88' lang='lat' dir='ltr'>commisisse</span> <span class='ocrx_word' id='word_1_217' title='bbox 1355 2505 1513 2570; x_wconf 90' lang='lat' dir='ltr'>dolemus.</span> <span class='ocrx_word' id='word_1_218' title='bbox 1559 2505 1769 2588; x_wconf 83' lang='lat' dir='ltr'>Quapropter</span> <span class='ocrx_word' id='word_1_219' title='bbox 1797 2523 1855 2588; x_wconf 90' lang='lat' dir='ltr'>pro</span> <span class='ocrx_word' id='word_1_220' title='bbox 1879 2501 2009 2566; x_wconf 81' lang='lat' dir='ltr'>Christo</span> <span class='ocrx_word' id='word_1_221' title='bbox 2033 2500 2090 2565; x_wconf 90' lang='lat' dir='ltr'>dc-</span> 
     </span>
     <span class='ocr_line' id='line_1_22' title="bbox 463 2605 2134 2694; baseline -0.002 -24"><span class='ocrx_word' id='word_1_222' title='bbox 463 2608 631 2673; x_wconf 87' lang='lat' dir='ltr'>votissimc</span> <span class='ocrx_word' id='word_1_223' title='bbox 662 2608 888 2689; x_wconf 89' lang='lat' dir='ltr'>obsocramus,</span> <span class='ocrx_word' id='word_1_224' title='bbox 919 2617 956 2674; x_wconf 88' lang='lat' dir='ltr'>ut</span> <span class='ocrx_word' id='word_1_225' title='bbox 988 2617 1055 2674; x_wconf 90' lang='lat' dir='ltr'>tam</span> <span class='ocrx_word' id='word_1_226' title='bbox 1085 2631 1235 2694; x_wconf 88' lang='lat' dir='ltr'>magnam</span> <span class='ocrx_word' id='word_1_227' title='bbox 1264 2611 1421 2675; x_wconf 85' lang='lat' dir='ltr'>offensam</span> <span class='ocrx_word' id='word_1_228' title='bbox 1452 2615 1485 2673; x_wconf 93' lang='lat' dir='ltr'>et</span> <span class='ocrx_word' id='word_1_229' title='bbox 1517 2609 1636 2673; x_wconf 87' lang='lat' dir='ltr'>iustam</span> <span class='ocrx_word' id='word_1_230' title='bbox 1666 2605 1958 2693; x_wconf 86' lang='lat' dir='ltr'>reprehensionem</span> <span class='ocrx_word' id='word_1_231' title='bbox 1990 2611 2088 2689; x_wconf 90' lang='lat' dir='ltr'>atquc</span> <span class='ocrx_word' id='word_1_232' title='bbox 2108 2627 2134 2666; x_wconf 83' lang='lat' dir='ltr'>ro</span> 
     </span>
     <span class='ocr_line' id='line_1_23' title="bbox 463 2705 2092 2799; baseline -0.002 -25"><span class='ocrx_word' id='word_1_233' title='bbox 463 2711 679 2796; x_wconf 88' lang='lat' dir='ltr'>periculosam</span> <span class='ocrx_word' id='word_1_234' title='bbox 709 2714 779 2778; x_wconf 89' lang='lat' dir='ltr'>sine</span> <span class='ocrx_word' id='word_1_235' title='bbox 809 2714 960 2798; x_wconf 85' lang='lat' dir='ltr'>exemplo</span> <span class='ocrx_word' id='word_1_236' title='bbox 985 2705 1290 2799; x_wconf 78' lang='lat' dir='ltr'>praecedentium¹3</span> <span class='ocrx_word' id='word_1_237' title='bbox 1314 2712 1613 2798; x_wconf 89' lang='lat' dir='ltr'>praesumptionem</span> <span class='ocrx_word' id='word_1_238' title='bbox 1644 2711 1686 2775; x_wconf 88' lang='lat' dir='ltr'>ab</span> <span class='ocrx_word' id='word_1_239' title='bbox 1714 2709 1887 2773; x_wconf 89' lang='lat' dir='ltr'>animabus</span> <span class='ocrx_word' id='word_1_240' title='bbox 1911 2707 2030 2772; x_wconf 87' lang='lat' dir='ltr'>vestris</span> <span class='ocrx_word' id='word_1_241' title='bbox 2059 2713 2092 2771; x_wconf 89' lang='lat' dir='ltr'>et</span> 
     </span>
     <span class='ocr_line' id='line_1_24' title="bbox 462 2811 2092 2901; baseline -0.002 -24"><span class='ocrx_word' id='word_1_242' title='bbox 462 2835 482 2878; x_wconf 89' lang='lat' dir='ltr'>a</span> <span class='ocrx_word' id='word_1_243' title='bbox 510 2814 668 2879; x_wconf 88' lang='lat' dir='ltr'>felicitate</span> <span class='ocrx_word' id='word_1_244' title='bbox 699 2817 792 2900; x_wconf 89' lang='lat' dir='ltr'>regni</span> <span class='ocrx_word' id='word_1_245' title='bbox 816 2817 917 2881; x_wconf 89' lang='lat' dir='ltr'>vestri</span> <span class='ocrx_word' id='word_1_246' title='bbox 946 2817 1078 2901; x_wconf 88' lang='lat' dir='ltr'>pellatis</span> <span class='ocrx_word' id='word_1_247' title='bbox 1107 2821 1140 2880; x_wconf 93' lang='lat' dir='ltr'>et</span> <span class='ocrx_word' id='word_1_248' title='bbox 1169 2816 1242 2878; x_wconf 87' lang='lat' dir='ltr'>loca</span> <span class='ocrx_word' id='word_1_249' title='bbox 1265 2813 1470 2879; x_wconf 88' lang='lat' dir='ltr'>venerabilia</span> <span class='ocrx_word' id='word_1_250' title='bbox 1499 2820 1533 2878; x_wconf 88' lang='lat' dir='ltr'>ct</span> <span class='ocrx_word' id='word_1_251' title='bbox 1560 2813 1706 2878; x_wconf 90' lang='lat' dir='ltr'>habitum</span> <span class='ocrx_word' id='word_1_252' title='bbox 1730 2835 1768 2878; x_wconf 90' lang='lat' dir='ltr'>ac</span> <span class='ocrx_word' id='word_1_253' title='bbox 1792 2811 1939 2876; x_wconf 88' lang='lat' dir='ltr'>ordinem</span> <span class='ocrx_word' id='word_1_254' title='bbox 1964 2831 2092 2874; x_wconf 90' lang='lat' dir='ltr'>sacrum</span> 
     </span>
     <span class='ocr_line' id='line_1_25' title="bbox 463 2913 2092 3003; baseline -0.004 -21"><span class='ocrx_word' id='word_1_255' title='bbox 463 2917 527 2996; x_wconf 93' lang='lat' dir='ltr'>eis,</span> <span class='ocrx_word' id='word_1_256' title='bbox 557 2919 612 3003; x_wconf 92' lang='lat' dir='ltr'>qui</span> <span class='ocrx_word' id='word_1_257' title='bbox 639 2918 681 2983; x_wconf 88' lang='lat' dir='ltr'>ad</span> <span class='ocrx_word' id='word_1_258' title='bbox 708 2919 770 2983; x_wconf 90' lang='lat' dir='ltr'>hoc</span> <span class='ocrx_word' id='word_1_259' title='bbox 794 2920 902 2983; x_wconf 88' lang='lat' dir='ltr'>vocati</span> <span class='ocrx_word' id='word_1_260' title='bbox 931 2926 1023 2998; x_wconf 89' lang='lat' dir='ltr'>sunt,</span> <span class='ocrx_word' id='word_1_261' title='bbox 1047 2919 1125 2982; x_wconf 88' lang='lat' dir='ltr'>viris</span> <span class='ocrx_word' id='word_1_262' title='bbox 1149 2919 1275 2982; x_wconf 87' lang='lat' dir='ltr'>scilicet</span> <span class='ocrx_word' id='word_1_263' title='bbox 1299 2940 1341 2982; x_wconf 88' lang='lat' dir='ltr'>ex</span> <span class='ocrx_word' id='word_1_264' title='bbox 1365 2917 1507 2982; x_wconf 90' lang='lat' dir='ltr'>clericali</span> <span class='ocrx_word' id='word_1_265' title='bbox 1531 2923 1564 2981; x_wconf 91' lang='lat' dir='ltr'>ct</span> <span class='ocrx_word' id='word_1_266' title='bbox 1588 2917 1810 2981; x_wconf 89' lang='lat' dir='ltr'>ecclesiastico</span> <span class='ocrx_word' id='word_1_267' title='bbox 1835 2915 1887 2980; x_wconf 92' lang='lat' dir='ltr'>vel</span> <span class='ocrx_word' id='word_1_268' title='bbox 1912 2913 2092 2977; x_wconf 87' lang='lat' dir='ltr'>monastico</span> 
     </span>
     <span class='ocr_line' id='line_1_26' title="bbox 463 3017 2094 3107; baseline -0.003 -23"><span class='ocrx_word' id='word_1_269' title='bbox 463 3020 574 3085; x_wconf 90' lang='lat' dir='ltr'>ordine</span> <span class='ocrx_word' id='word_1_270' title='bbox 605 3023 768 3107; x_wconf 91' lang='lat' dir='ltr'>religiosis</span> <span class='ocrx_word' id='word_1_271' title='bbox 801 3045 859 3088; x_wconf 92' lang='lat' dir='ltr'>seu</span> <span class='ocrx_word' id='word_1_272' title='bbox 889 3028 922 3086; x_wconf 94' lang='lat' dir='ltr'>et</span> <span class='ocrx_word' id='word_1_273' title='bbox 951 3024 984 3086; x_wconf 90' lang='lat' dir='ltr'>in</span> <span class='ocrx_word' id='word_1_274' title='bbox 1010 3045 1068 3087; x_wconf 87' lang='lat' dir='ltr'>suo</span> <span class='ocrx_word' id='word_1_275' title='bbox 1098 3044 1180 3086; x_wconf 85' lang='lat' dir='ltr'>sexu</span> <span class='ocrx_word' id='word_1_276' title='bbox 1206 3023 1334 3086; x_wconf 82' lang='lat' dir='ltr'>feminis</span> <span class='ocrx_word' id='word_1_277' title='bbox 1358 3021 1429 3086; x_wconf 89' lang='lat' dir='ltr'>Deo</span> <span class='ocrx_word' id='word_1_278' title='bbox 1460 3021 1578 3084; x_wconf 91' lang='lat' dir='ltr'>dicatis</span> <span class='ocrx_word' id='word_1_279' title='bbox 1607 3029 1703 3106; x_wconf 90' lang='lat' dir='ltr'>atque</span> <span class='ocrx_word' id='word_1_280' title='bbox 1728 3021 1856 3086; x_wconf 88' lang='lat' dir='ltr'>devotis</span> <span class='ocrx_word' id='word_1_281' title='bbox 1888 3026 1920 3084; x_wconf 92' lang='lat' dir='ltr'>et</span> <span class='ocrx_word' id='word_1_282' title='bbox 1948 3019 1981 3081; x_wconf 91' lang='lat' dir='ltr'>in</span> <span class='ocrx_word' id='word_1_283' title='bbox 2005 3017 2094 3080; x_wconf 90' lang='lat' dir='ltr'>scola</span> 
     </span>
     <span class='ocr_line' id='line_1_27' title="bbox 464 3113 2136 3212; baseline 0.001 -24"><span class='ocrx_word' id='word_1_284' title='bbox 464 3124 587 3190; x_wconf 83' lang='lat' dir='ltr'>Christi</span> <span class='ocrx_word' id='word_1_285' title='bbox 610 3126 756 3206; x_wconf 89' lang='lat' dir='ltr'>eruditis,</span> <span class='ocrx_word' id='word_1_286' title='bbox 781 3126 821 3190; x_wconf 94' lang='lat' dir='ltr'>ad</span> <span class='ocrx_word' id='word_1_287' title='bbox 839 3126 1087 3191; x_wconf 89' lang='lat' dir='ltr'>custodiendum</span> <span class='ocrx_word' id='word_1_288' title='bbox 1105 3133 1138 3190; x_wconf 91' lang='lat' dir='ltr'>et</span> <span class='ocrx_word' id='word_1_289' title='bbox 1158 3125 1395 3212; x_wconf 90' lang='lat' dir='ltr'>providendum</span> <span class='ocrx_word' id='word_1_290' title='bbox 1414 3125 1634 3202; x_wconf 67' lang='lat' dir='ltr'>committatis,</span> <span class='ocrx_word' id='word_1_291' title='bbox 1658 3126 1713 3210; x_wconf 90' lang='lat' dir='ltr'>qui</span> <span class='ocrx_word' id='word_1_292' title='bbox 1737 3130 1771 3188; x_wconf 89' lang='lat' dir='ltr'>et</span> <span class='ocrx_word' id='word_1_293' title='bbox 1794 3145 1878 3209; x_wconf 91' lang='lat' dir='ltr'>quae</span> <span class='ocrx_word' id='word_1_294' title='bbox 1895 3123 1958 3189; x_wconf 91' lang='lat' dir='ltr'>Dei</span> <span class='ocrx_word' id='word_1_295' title='bbox 1982 3113 2091 3187; x_wconf 71' lang='lat' dir='ltr'>sunt¹⁴</span> <span class='ocrx_word' id='word_1_296' title='bbox 2111 3149 2136 3189; x_wconf 81' lang='lat' dir='ltr'>a</span> 
     </span>
     <span class='ocr_line' id='line_1_28' title="bbox 463 3226 2093 3314; baseline 0 -24"><span class='ocrx_word' id='word_1_297' title='bbox 463 3226 536 3292; x_wconf 91' lang='lat' dir='ltr'>Deo</span> <span class='ocrx_word' id='word_1_298' title='bbox 566 3234 599 3290; x_wconf 90' lang='lat' dir='ltr'>et</span> <span class='ocrx_word' id='word_1_299' title='bbox 628 3250 710 3314; x_wconf 91' lang='lat' dir='ltr'>quae</span> <span class='ocrx_word' id='word_1_300' title='bbox 744 3236 819 3294; x_wconf 88' lang='lat' dir='ltr'>sunt</span> <span class='ocrx_word' id='word_1_301' title='bbox 850 3231 992 3294; x_wconf 89' lang='lat' dir='ltr'>caesaris</span> <span class='ocrx_word' id='word_1_302' title='bbox 1022 3230 1147 3294; x_wconf 88' lang='lat' dir='ltr'>caesari</span> <span class='ocrx_word' id='word_1_303' title='bbox 1178 3228 1324 3295; x_wconf 87' lang='lat' dir='ltr'>reddant.</span> <span class='ocrx_word' id='word_1_304' title='bbox 1382 3229 1445 3303; x_wconf 81' lang='lat' dir='ltr'>Qui</span> <span class='ocrx_word' id='word_1_305' title='bbox 1479 3229 1506 3291; x_wconf 94' lang='lat' dir='ltr'>si</span> <span class='ocrx_word' id='word_1_306' title='bbox 1539 3229 1646 3293; x_wconf 90' lang='lat' dir='ltr'>minus</span> <span class='ocrx_word' id='word_1_307' title='bbox 1677 3229 1824 3314; x_wconf 88' lang='lat' dir='ltr'>perfecte</span> <span class='ocrx_word' id='word_1_308' title='bbox 1858 3234 1891 3292; x_wconf 89' lang='lat' dir='ltr'>et</span> <span class='ocrx_word' id='word_1_309' title='bbox 1923 3229 1956 3291; x_wconf 90' lang='lat' dir='ltr'>in</span> <span class='ocrx_word' id='word_1_310' title='bbox 1983 3226 2093 3290; x_wconf 89' lang='lat' dir='ltr'>divina</span> 
     </span>
     <span class='ocr_line' id='line_1_29' title="bbox 464 3330 2094 3419; baseline 0.001 -28"><span class='ocrx_word' id='word_1_311' title='bbox 464 3330 622 3416; x_wconf 91' lang='lat' dir='ltr'>religione</span> <span class='ocrx_word' id='word_1_312' title='bbox 655 3339 688 3396; x_wconf 89' lang='lat' dir='ltr'>et</span> <span class='ocrx_word' id='word_1_313' title='bbox 722 3333 754 3396; x_wconf 91' lang='lat' dir='ltr'>in</span> <span class='ocrx_word' id='word_1_314' title='bbox 790 3333 837 3397; x_wconf 91' lang='lat' dir='ltr'>rei</span> <span class='ocrx_word' id='word_1_315' title='bbox 867 3333 997 3418; x_wconf 91' lang='lat' dir='ltr'>publice</span> <span class='ocrx_word' id='word_1_316' title='bbox 1027 3332 1169 3397; x_wconf 87' lang='lat' dir='ltr'>utilitate</span> <span class='ocrx_word' id='word_1_317' title='bbox 1202 3332 1415 3419; x_wconf 87' lang='lat' dir='ltr'>profecerint,</span> <span class='ocrx_word' id='word_1_318' title='bbox 1452 3338 1509 3396; x_wconf 93' lang='lat' dir='ltr'>aut</span> <span class='ocrx_word' id='word_1_319' title='bbox 1540 3332 1757 3417; x_wconf 92' lang='lat' dir='ltr'>corripiantur</span> <span class='ocrx_word' id='word_1_320' title='bbox 1789 3338 1845 3395; x_wconf 90' lang='lat' dir='ltr'>aut</span> <span class='ocrx_word' id='word_1_321' title='bbox 1877 3331 2030 3396; x_wconf 90' lang='lat' dir='ltr'>meliores</span> <span class='ocrx_word' id='word_1_322' title='bbox 2060 3337 2094 3394; x_wconf 88' lang='lat' dir='ltr'>et</span> 
     </span>
     <span class='ocr_line' id='line_1_30' title="bbox 464 3432 2091 3521; baseline -0.001 -24"><span class='ocrx_word' id='word_1_323' title='bbox 464 3433 612 3498; x_wconf 91' lang='lat' dir='ltr'>utiliores</span> <span class='ocrx_word' id='word_1_324' title='bbox 635 3435 666 3498; x_wconf 89' lang='lat' dir='ltr'>in</span> <span class='ocrx_word' id='word_1_325' title='bbox 690 3434 770 3500; x_wconf 92' lang='lat' dir='ltr'>locis</span> <span class='ocrx_word' id='word_1_326' title='bbox 795 3457 906 3500; x_wconf 90' lang='lat' dir='ltr'>eorum</span> <span class='ocrx_word' id='word_1_327' title='bbox 932 3436 1186 3508; x_wconf 88' lang='lat' dir='ltr'>substituantur;</span> <span class='ocrx_word' id='word_1_328' title='bbox 1216 3443 1249 3500; x_wconf 92' lang='lat' dir='ltr'>et</span> <span class='ocrx_word' id='word_1_329' title='bbox 1272 3457 1337 3500; x_wconf 91' lang='lat' dir='ltr'>non</span> <span class='ocrx_word' id='word_1_330' title='bbox 1360 3442 1494 3521; x_wconf 89' lang='lat' dir='ltr'>propter</span> <span class='ocrx_word' id='word_1_331' title='bbox 1517 3456 1688 3520; x_wconf 91' lang='lat' dir='ltr'>pravorum</span> <span class='ocrx_word' id='word_1_332' title='bbox 1711 3434 1890 3520; x_wconf 88' lang='lat' dir='ltr'>nequitiam</span> <span class='ocrx_word' id='word_1_333' title='bbox 1914 3432 1992 3499; x_wconf 92' lang='lat' dir='ltr'>ordo</span> <span class='ocrx_word' id='word_1_334' title='bbox 2016 3433 2091 3497; x_wconf 89' lang='lat' dir='ltr'>reli·</span> 
     </span>
     <span class='ocr_line' id='line_1_31' title="bbox 465 3537 2092 3624; baseline 0 -24"><span class='ocrx_word' id='word_1_335' title='bbox 465 3537 571 3621; x_wconf 90' lang='lat' dir='ltr'>gionis</span> <span class='ocrx_word' id='word_1_336' title='bbox 601 3544 634 3601; x_wconf 89' lang='lat' dir='ltr'>et</span> <span class='ocrx_word' id='word_1_337' title='bbox 664 3540 735 3602; x_wconf 90' lang='lat' dir='ltr'>loca</span> <span class='ocrx_word' id='word_1_338' title='bbox 767 3540 989 3604; x_wconf 88' lang='lat' dir='ltr'>sacratissima</span> <span class='ocrx_word' id='word_1_339' title='bbox 1020 3540 1083 3618; x_wconf 90' lang='lat' dir='ltr'>eis,</span> <span class='ocrx_word' id='word_1_340' title='bbox 1115 3538 1232 3624; x_wconf 90' lang='lat' dir='ltr'>quibus</span> <span class='ocrx_word' id='word_1_341' title='bbox 1257 3540 1381 3603; x_wconf 89' lang='lat' dir='ltr'>licitum</span> <span class='ocrx_word' id='word_1_342' title='bbox 1409 3560 1471 3602; x_wconf 91' lang='lat' dir='ltr'>non</span> <span class='ocrx_word' id='word_1_343' title='bbox 1500 3544 1566 3616; x_wconf 90' lang='lat' dir='ltr'>est,</span> <span class='ocrx_word' id='word_1_344' title='bbox 1597 3538 1856 3611; x_wconf 71' lang='lat' dir='ltr'>committentem</span> <span class='ocrx_word' id='word_1_345' title='bbox 1892 3559 1965 3602; x_wconf 92' lang='lat' dir='ltr'>cum</span> <span class='ocrx_word' id='word_1_346' title='bbox 1988 3537 2092 3600; x_wconf 90' lang='lat' dir='ltr'>mani·</span> 
     </span>
     <span class='ocr_line' id='line_1_32' title="bbox 465 3635 2137 3728; baseline 0.002 -26"><span class='ocrx_word' id='word_1_347' title='bbox 465 3641 639 3705; x_wconf 88' lang='lat' dir='ltr'>festissime</span> <span class='ocrx_word' id='word_1_348' title='bbox 667 3643 829 3728; x_wconf 89' lang='lat' dir='ltr'>scriptura</span> <span class='ocrx_word' id='word_1_349' title='bbox 857 3635 1091 3707; x_wconf 72' lang='lat' dir='ltr'>demonstret¹5</span> <span class='ocrx_word' id='word_1_350' title='bbox 1123 3644 1224 3707; x_wconf 89' lang='lat' dir='ltr'>Ozam</span> <span class='ocrx_word' id='word_1_351' title='bbox 1253 3650 1357 3708; x_wconf 92' lang='lat' dir='ltr'>morte</span> <span class='ocrx_word' id='word_1_352' title='bbox 1386 3643 1591 3720; x_wconf 90' lang='lat' dir='ltr'>damnatum,</span> <span class='ocrx_word' id='word_1_353' title='bbox 1622 3643 1676 3726; x_wconf 92' lang='lat' dir='ltr'>qui</span> <span class='ocrx_word' id='word_1_354' title='bbox 1704 3663 1814 3706; x_wconf 87' lang='lat' dir='ltr'>arcam</span> <span class='ocrx_word' id='word_1_355' title='bbox 1837 3641 1969 3706; x_wconf 89' lang='lat' dir='ltr'>Domini</span> <span class='ocrx_word' id='word_1_356' title='bbox 1999 3641 2093 3728; x_wconf 85' lang='lat' dir='ltr'>quasi</span> <span class='ocrx_word' id='word_1_357' title='bbox 2111 3667 2137 3706; x_wconf 83' lang='lat' dir='ltr'>so</span> 
     </span>
     <span class='ocr_line' id='line_1_33' title="bbox 466 3742 1687 3830; baseline 0.004 -26"><span class='ocrx_word' id='word_1_358' title='bbox 466 3742 638 3808; x_wconf 90' lang='lat' dir='ltr'>cadentem</span> <span class='ocrx_word' id='word_1_359' title='bbox 662 3746 808 3810; x_wconf 88' lang='lat' dir='ltr'>relevare</span> <span class='ocrx_word' id='word_1_360' title='bbox 834 3745 945 3826; x_wconf 92' lang='lat' dir='ltr'>voluit,</span> <span class='ocrx_word' id='word_1_361' title='bbox 969 3767 1066 3830; x_wconf 90' lang='lat' dir='ltr'>quam</span> <span class='ocrx_word' id='word_1_362' title='bbox 1091 3746 1142 3811; x_wconf 90' lang='lat' dir='ltr'>vel</span> <span class='ocrx_word' id='word_1_363' title='bbox 1169 3746 1358 3830; x_wconf 88' lang='lat' dir='ltr'>contingere</span> <span class='ocrx_word' id='word_1_364' title='bbox 1382 3745 1539 3809; x_wconf 89' lang='lat' dir='ltr'>inlicitum</span> <span class='ocrx_word' id='word_1_365' title='bbox 1564 3745 1595 3810; x_wconf 90' lang='lat' dir='ltr'>ei</span> <span class='ocrx_word' id='word_1_366' title='bbox 1617 3746 1687 3809; x_wconf 91' lang='lat' dir='ltr'>fuit.</span> 
     </span>
    </p>
   </div>
   <div class='ocr_carea' id='block_1_5' title="bbox 467 3873 2140 4990">
    <p class='ocr_par' dir='ltr' id='par_1_5' title="bbox 467 3873 2140 4990">
     <span class='ocr_line' id='line_1_34' title="bbox 576 3873 2094 3955; baseline 0.001 -20"><span class='ocrx_word' id='word_1_367' title='bbox 576 3875 605 3937; x_wconf 85' lang='lat'>4.</span> <span class='ocrx_word' id='word_1_368' title='bbox 640 3873 858 3939; x_wconf 88' lang='lat' dir='ltr'>Occasionem</span> <span class='ocrx_word' id='word_1_369' title='bbox 887 3875 987 3939; x_wconf 91' lang='lat' dir='ltr'>etiam</span> <span class='ocrx_word' id='word_1_370' title='bbox 1015 3881 1049 3940; x_wconf 92' lang='lat' dir='ltr'>et</span> <span class='ocrx_word' id='word_1_371' title='bbox 1075 3875 1238 3955; x_wconf 89' lang='lat' dir='ltr'>fomitem,</span> <span class='ocrx_word' id='word_1_372' title='bbox 1267 3874 1355 3939; x_wconf 88' lang='lat' dir='ltr'>unde</span> <span class='ocrx_word' id='word_1_373' title='bbox 1384 3873 1463 3939; x_wconf 93' lang='lat' dir='ltr'>ordo</span> <span class='ocrx_word' id='word_1_374' title='bbox 1486 3873 1729 3938; x_wconf 88' lang='lat' dir='ltr'>ecclesiasticus</span> <span class='ocrx_word' id='word_1_375' title='bbox 1754 3878 1788 3938; x_wconf 94' lang='lat' dir='ltr'>et</span> <span class='ocrx_word' id='word_1_376' title='bbox 1810 3873 1968 3939; x_wconf 89' lang='lat' dir='ltr'>canonica</span> <span class='ocrx_word' id='word_1_377' title='bbox 1989 3873 2094 3938; x_wconf 90' lang='lat' dir='ltr'>forma</span> 
     </span>
     <span class='ocr_line' id='line_1_35' title="bbox 468 3976 2092 4063; baseline 0.002 -26"><span class='ocrx_word' id='word_1_378' title='bbox 468 3980 565 4059; x_wconf 90' lang='lat' dir='ltr'>atque</span> <span class='ocrx_word' id='word_1_379' title='bbox 590 3977 773 4041; x_wconf 89' lang='lat' dir='ltr'>monastica</span> <span class='ocrx_word' id='word_1_380' title='bbox 796 3976 911 4062; x_wconf 90' lang='lat' dir='ltr'>religio</span> <span class='ocrx_word' id='word_1_381' title='bbox 935 3999 1034 4063; x_wconf 90' lang='lat' dir='ltr'>saepe</span> <span class='ocrx_word' id='word_1_382' title='bbox 1058 3977 1192 4062; x_wconf 89' lang='lat' dir='ltr'>alonge</span> <span class='ocrx_word' id='word_1_383' title='bbox 1218 3977 1380 4062; x_wconf 91' lang='lat' dir='ltr'>superiori</span> <span class='ocrx_word' id='word_1_384' title='bbox 1402 3983 1561 4062; x_wconf 82' lang='lat' dir='ltr'>tempore,</span> <span class='ocrx_word' id='word_1_385' title='bbox 1585 3998 1659 4040; x_wconf 93' lang='lat' dir='ltr'>cum</span> <span class='ocrx_word' id='word_1_386' title='bbox 1683 3977 1790 4041; x_wconf 90' lang='lat' dir='ltr'>minus</span> <span class='ocrx_word' id='word_1_387' title='bbox 1813 3977 1982 4062; x_wconf 89' lang='lat' dir='ltr'>religiosos</span> <span class='ocrx_word' id='word_1_388' title='bbox 2004 3977 2092 4062; x_wconf 89' lang='lat' dir='ltr'>prin-</span> 
     </span>
     <span class='ocr_line' id='line_1_36' title="bbox 467 4077 2093 4165; baseline 0.001 -24"><span class='ocrx_word' id='word_1_389' title='bbox 467 4077 555 4162; x_wconf 88' lang='lat' dir='ltr'>cipes</span> <span class='ocrx_word' id='word_1_390' title='bbox 578 4077 712 4154; x_wconf 89' lang='lat' dir='ltr'>babuit,</span> <span class='ocrx_word' id='word_1_391' title='bbox 742 4079 896 4144; x_wconf 87' lang='lat' dir='ltr'>titubavit</span> <span class='ocrx_word' id='word_1_392' title='bbox 919 4086 952 4144; x_wconf 91' lang='lat' dir='ltr'>et</span> <span class='ocrx_word' id='word_1_393' title='bbox 974 4101 1058 4165; x_wconf 90' lang='lat' dir='ltr'>pene</span> <span class='ocrx_word' id='word_1_394' title='bbox 1083 4079 1259 4145; x_wconf 89' lang='lat' dir='ltr'>conlabens</span> <span class='ocrx_word' id='word_1_395' title='bbox 1282 4079 1423 4165; x_wconf 91' lang='lat' dir='ltr'>deperiit</span> <span class='ocrx_word' id='word_1_396' title='bbox 1446 4080 1636 4160; x_wconf 86' lang='lat' dir='ltr'>etiterum,</span> <span class='ocrx_word' id='word_1_397' title='bbox 1661 4101 1734 4144; x_wconf 91' lang='lat' dir='ltr'>cum</span> <span class='ocrx_word' id='word_1_398' title='bbox 1757 4080 1895 4145; x_wconf 87' lang='lat' dir='ltr'>devotos</span> <span class='ocrx_word' id='word_1_399' title='bbox 1919 4087 1952 4145; x_wconf 89' lang='lat' dir='ltr'>et</span> <span class='ocrx_word' id='word_1_400' title='bbox 1974 4081 2006 4144; x_wconf 91' lang='lat' dir='ltr'>in</span> <span class='ocrx_word' id='word_1_401' title='bbox 2029 4079 2093 4144; x_wconf 91' lang='lat' dir='ltr'>Dei</span> 
     </span>
     <span class='ocr_line' id='line_1_37' title="bbox 467 4180 2137 4269; baseline 0.005 -27"><span class='ocrx_word' id='word_1_402' title='bbox 467 4181 538 4244; x_wconf 82' lang='lat' dir='ltr'>celo</span> <span class='ocrx_word' id='word_1_403' title='bbox 568 4180 734 4246; x_wconf 87' lang='lat' dir='ltr'>ferventes</span> <span class='ocrx_word' id='word_1_404' title='bbox 763 4183 927 4267; x_wconf 85' lang='lat' dir='ltr'>principes</span> <span class='ocrx_word' id='word_1_405' title='bbox 958 4184 1107 4268; x_wconf 90' lang='lat' dir='ltr'>accipere</span> <span class='ocrx_word' id='word_1_406' title='bbox 1136 4183 1270 4262; x_wconf 89' lang='lat' dir='ltr'>meruit,</span> <span class='ocrx_word' id='word_1_407' title='bbox 1301 4183 1540 4248; x_wconf 89' lang='lat' dir='ltr'>resurrectione</span> <span class='ocrx_word' id='word_1_408' title='bbox 1569 4183 1710 4268; x_wconf 88' lang='lat' dir='ltr'>quadam</span> <span class='ocrx_word' id='word_1_409' title='bbox 1741 4184 1861 4248; x_wconf 85' lang='lat' dir='ltr'>revixit</span> <span class='ocrx_word' id='word_1_410' title='bbox 1887 4190 1921 4248; x_wconf 87' lang='lat' dir='ltr'>ct</span> <span class='ocrx_word' id='word_1_411' title='bbox 1948 4185 2137 4269; x_wconf 72' lang='lat' dir='ltr'>vigoramus</span> 
     </span>
     <span class='ocr_line' id='line_1_38' title="bbox 468 4283 2094 4372; baseline 0.003 -27"><span class='ocrx_word' id='word_1_412' title='bbox 468 4283 593 4367; x_wconf 87' lang='lat' dir='ltr'>recepit</span> <span class='ocrx_word' id='word_1_413' title='bbox 615 4289 713 4368; x_wconf 88' lang='lat' dir='ltr'>atque</span> <span class='ocrx_word' id='word_1_414' title='bbox 739 4286 788 4349; x_wconf 92' lang='lat' dir='ltr'>sui</span> <span class='ocrx_word' id='word_1_415' title='bbox 812 4307 986 4372; x_wconf 82' lang='lat' dir='ltr'>processus</span> <span class='ocrx_word' id='word_1_416' title='bbox 1011 4292 1159 4371; x_wconf 91' lang='lat' dir='ltr'>tempore</span> <span class='ocrx_word' id='word_1_417' title='bbox 1184 4285 1374 4364; x_wconf 89' lang='lat' dir='ltr'>ambulavit,</span> <span class='ocrx_word' id='word_1_418' title='bbox 1399 4285 1486 4371; x_wconf 93' lang='lat' dir='ltr'>quod</span> <span class='ocrx_word' id='word_1_419' title='bbox 1509 4307 1574 4350; x_wconf 91' lang='lat' dir='ltr'>non</span> <span class='ocrx_word' id='word_1_420' title='bbox 1598 4286 1667 4350; x_wconf 88' lang='lat' dir='ltr'>sine</span> <span class='ocrx_word' id='word_1_421' title='bbox 1690 4287 1782 4371; x_wconf 89' lang='lat' dir='ltr'>gravi</span> <span class='ocrx_word' id='word_1_422' title='bbox 1804 4287 1936 4352; x_wconf 79' lang='lat' dir='ltr'>dolore⁸</span> <span class='ocrx_word' id='word_1_423' title='bbox 1952 4293 1986 4351; x_wconf 90' lang='lat' dir='ltr'>et</span> <span class='ocrx_word' id='word_1_424' title='bbox 2004 4292 2094 4352; x_wconf 90' lang='lat' dir='ltr'>metu</span> 
     </span>
     <span class='ocr_line' id='line_1_39' title="bbox 468 4386 2093 4473; baseline 0.004 -23"><span class='ocrx_word' id='word_1_425' title='bbox 468 4386 601 4450; x_wconf 90' lang='lat' dir='ltr'>ultionis</span> <span class='ocrx_word' id='word_1_426' title='bbox 625 4386 755 4451; x_wconf 87' lang='lat' dir='ltr'>divinae</span> <span class='ocrx_word' id='word_1_427' title='bbox 779 4388 925 4465; x_wconf 85' lang='lat' dir='ltr'>dicimus,</span> <span class='ocrx_word' id='word_1_428' title='bbox 950 4389 982 4452; x_wconf 92' lang='lat' dir='ltr'>in</span> <span class='ocrx_word' id='word_1_429' title='bbox 999 4390 1099 4454; x_wconf 89' lang='lat' dir='ltr'>vestri</span> <span class='ocrx_word' id='word_1_430' title='bbox 1122 4389 1292 4473; x_wconf 89' lang='lat' dir='ltr'>regiminis</span> <span class='ocrx_word' id='word_1_431' title='bbox 1316 4395 1465 4473; x_wconf 86' lang='lat' dir='ltr'>tempore</span> <span class='ocrx_word' id='word_1_432' title='bbox 1489 4389 1522 4452; x_wconf 90' lang='lat' dir='ltr'>in</span> <span class='ocrx_word' id='word_1_433' title='bbox 1546 4389 1813 4469; x_wconf 89' lang='lat' dir='ltr'>destructionem,</span> <span class='ocrx_word' id='word_1_434' title='bbox 1837 4412 1902 4455; x_wconf 87' lang='lat' dir='ltr'>non</span> <span class='ocrx_word' id='word_1_435' title='bbox 1926 4391 1958 4454; x_wconf 88' lang='lat' dir='ltr'>in</span> <span class='ocrx_word' id='word_1_436' title='bbox 1981 4389 2093 4457; x_wconf 88' lang='lat' dir='ltr'>acdifi-</span> 
     </span>
     <span class='ocr_line' id='line_1_40' title="bbox 468 4485 2094 4579; baseline 0.002 -25"><span class='ocrx_word' id='word_1_437' title='bbox 468 4491 648 4569; x_wconf 87' lang='lat' dir='ltr'>cationem,</span> <span class='ocrx_word' id='word_1_438' title='bbox 677 4491 761 4556; x_wconf 91' lang='lat' dir='ltr'>sicut</span> <span class='ocrx_word' id='word_1_439' title='bbox 784 4491 907 4556; x_wconf 87' lang='lat' dir='ltr'>Paulus</span> <span class='ocrx_word' id='word_1_440' title='bbox 931 4485 1135 4572; x_wconf 70' lang='lat' dir='ltr'>docueratffi,</span> <span class='ocrx_word' id='word_1_441' title='bbox 1164 4492 1321 4557; x_wconf 88' lang='lat' dir='ltr'>accidisse</span> <span class='ocrx_word' id='word_1_442' title='bbox 1346 4493 1576 4578; x_wconf 88' lang='lat' dir='ltr'>conspicimus.</span> <span class='ocrx_word' id='word_1_443' title='bbox 1622 4492 1717 4567; x_wconf 81' lang='lat' dir='ltr'>Quod</span> <span class='ocrx_word' id='word_1_444' title='bbox 1742 4501 1774 4559; x_wconf 91' lang='lat' dir='ltr'>et</span> <span class='ocrx_word' id='word_1_445' title='bbox 1797 4495 1918 4559; x_wconf 89' lang='lat' dir='ltr'>nostris</span> <span class='ocrx_word' id='word_1_446' title='bbox 1941 4494 2094 4579; x_wconf 87' lang='lat' dir='ltr'>peccatis,</span> 
     </span>
     <span class='ocr_line' id='line_1_41' title="bbox 468 4593 2096 4681; baseline 0.004 -25"><span class='ocrx_word' id='word_1_447' title='bbox 468 4593 523 4678; x_wconf 94' lang='lat' dir='ltr'>qui</span> <span class='ocrx_word' id='word_1_448' title='bbox 552 4593 796 4679; x_wconf 89' lang='lat' dir='ltr'>dispensatores</span> <span class='ocrx_word' id='word_1_449' title='bbox 827 4601 861 4660; x_wconf 87' lang='lat' dir='ltr'>et</span> <span class='ocrx_word' id='word_1_450' title='bbox 891 4602 1040 4681; x_wconf 89' lang='lat' dir='ltr'>pastores</span> <span class='ocrx_word' id='word_1_451' title='bbox 1070 4597 1287 4661; x_wconf 87' lang='lat' dir='ltr'>ecclesiarum</span> <span class='ocrx_word' id='word_1_452' title='bbox 1316 4617 1390 4660; x_wconf 84' lang='lat' dir='ltr'>esse</span> <span class='ocrx_word' id='word_1_453' title='bbox 1419 4595 1605 4677; x_wconf 89' lang='lat' dir='ltr'>debuimus,</span> <span class='ocrx_word' id='word_1_454' title='bbox 1640 4597 1800 4662; x_wconf 88' lang='lat' dir='ltr'>veraciter</span> <span class='ocrx_word' id='word_1_455' title='bbox 1827 4597 2031 4681; x_wconf 89' lang='lat' dir='ltr'>inputamus;</span> <span class='ocrx_word' id='word_1_456' title='bbox 2062 4605 2096 4663; x_wconf 93' lang='lat' dir='ltr'>et</span> 
     </span>
     <span class='ocr_line' id='line_1_42' title="bbox 468 4698 2140 4785; baseline 0.004 -24"><span class='ocrx_word' id='word_1_457' title='bbox 468 4717 595 4776; x_wconf 89' lang='lat' dir='ltr'>eorum,</span> <span class='ocrx_word' id='word_1_458' title='bbox 626 4719 761 4783; x_wconf 90' lang='lat' dir='ltr'>quorum</span> <span class='ocrx_word' id='word_1_459' title='bbox 788 4699 933 4764; x_wconf 91' lang='lat' dir='ltr'>factione</span> <span class='ocrx_word' id='word_1_460' title='bbox 961 4721 1013 4764; x_wconf 91' lang='lat' dir='ltr'>res</span> <span class='ocrx_word' id='word_1_461' title='bbox 1043 4699 1107 4764; x_wconf 89' lang='lat' dir='ltr'>ista</span> <span class='ocrx_word' id='word_1_462' title='bbox 1135 4698 1216 4764; x_wconf 91' lang='lat' dir='ltr'>adeo</span> <span class='ocrx_word' id='word_1_463' title='bbox 1244 4699 1328 4763; x_wconf 91' lang='lat' dir='ltr'>male</span> <span class='ocrx_word' id='word_1_464' title='bbox 1353 4698 1525 4784; x_wconf 87' lang='lat' dir='ltr'>pullulavit</span> <span class='ocrx_word' id='word_1_465' title='bbox 1557 4706 1590 4764; x_wconf 91' lang='lat' dir='ltr'>et</span> <span class='ocrx_word' id='word_1_466' title='bbox 1614 4701 1774 4780; x_wconf 84' lang='lat' dir='ltr'>excrevit,</span> <span class='ocrx_word' id='word_1_467' title='bbox 1797 4699 1863 4762; x_wconf 88' lang='lat' dir='ltr'>alia</span> <span class='ocrx_word' id='word_1_468' title='bbox 1885 4700 2140 4785; x_wconf 76' lang='lat' dir='ltr'>precedentium</span> 
     </span>
     <span class='ocr_line' id='line_1_43' title="bbox 467 4799 2097 4888; baseline 0.003 -25"><span class='ocrx_word' id='word_1_469' title='bbox 467 4806 603 4885; x_wconf 89' lang='lat' dir='ltr'>peccata</span> <span class='ocrx_word' id='word_1_470' title='bbox 630 4799 691 4864; x_wconf 89' lang='lat' dir='ltr'>boc</span> <span class='ocrx_word' id='word_1_471' title='bbox 718 4802 893 4880; x_wconf 89' lang='lat' dir='ltr'>meruisse,</span> <span class='ocrx_word' id='word_1_472' title='bbox 924 4823 983 4888; x_wconf 91' lang='lat' dir='ltr'>pro</span> <span class='ocrx_word' id='word_1_473' title='bbox 1014 4808 1102 4866; x_wconf 91' lang='lat' dir='ltr'>certo</span> <span class='ocrx_word' id='word_1_474' title='bbox 1132 4802 1326 4867; x_wconf 90' lang='lat' dir='ltr'>auctoritate</span> <span class='ocrx_word' id='word_1_475' title='bbox 1350 4801 1459 4866; x_wconf 92' lang='lat' dir='ltr'>divina</span> <span class='ocrx_word' id='word_1_476' title='bbox 1484 4804 1731 4888; x_wconf 89' lang='lat' dir='ltr'>cognoscimus:</span> <span class='ocrx_word' id='word_1_477' title='bbox 1765 4809 1819 4881; x_wconf 91' lang='lat' dir='ltr'>ut,</span> <span class='ocrx_word' id='word_1_478' title='bbox 1848 4802 1903 4888; x_wconf 92' lang='lat' dir='ltr'>qui</span> <span class='ocrx_word' id='word_1_479' title='bbox 1925 4804 2097 4888; x_wconf 88' lang='lat' dir='ltr'>nocebant,</span> 
     </span>
     <span class='ocr_line' id='line_1_44' title="bbox 469 4897 2093 4990; baseline 0.004 -24"><span class='ocrx_word' id='word_1_480' title='bbox 469 4903 552 4968; x_wconf 92' lang='lat' dir='ltr'>sicut</span> <span class='ocrx_word' id='word_1_481' title='bbox 575 4897 766 4988; x_wconf 81' lang='lat' dir='ltr'>scriptum¹⁷</span> <span class='ocrx_word' id='word_1_482' title='bbox 783 4912 850 4984; x_wconf 89' lang='lat' dir='ltr'>est,</span> <span class='ocrx_word' id='word_1_483' title='bbox 874 4904 1043 4972; x_wconf 83' lang='lat' dir='ltr'>nocerenti</span> <span class='ocrx_word' id='word_1_484' title='bbox 1066 4904 1191 4985; x_wconf 90' lang='lat' dir='ltr'>adhuc,</span> <span class='ocrx_word' id='word_1_485' title='bbox 1214 4912 1247 4970; x_wconf 91' lang='lat' dir='ltr'>et</span> <span class='ocrx_word' id='word_1_486' title='bbox 1270 4905 1379 4990; x_wconf 91' lang='lat' dir='ltr'>quiin</span> <span class='ocrx_word' id='word_1_487' title='bbox 1404 4904 1556 4970; x_wconf 91' lang='lat' dir='ltr'>sordibus</span> <span class='ocrx_word' id='word_1_488' title='bbox 1582 4913 1692 4986; x_wconf 89' lang='lat' dir='ltr'>erant,</span> <span class='ocrx_word' id='word_1_489' title='bbox 1717 4905 1956 4971; x_wconf 74' lang='lat' dir='ltr'>sordescerenti</span> <span class='ocrx_word' id='word_1_490' title='bbox 1979 4906 2093 4972; x_wconf 85' lang='lat' dir='ltr'>adhuc.</span> 
     </span>
    </p>
   </div>
   <div class='ocr_carea' id='block_1_6' title="bbox 571 5109 1505 5179">
    <p class='ocr_par' dir='ltr' id='par_1_6' title="bbox 571 5109 1505 5179">
     <span class='ocr_line' id='line_1_45' title="bbox 571 5109 1505 5179; baseline 0.003 -18"><span class='ocrx_word' id='word_1_491' title='bbox 571 5111 599 5178; x_wconf 88' lang='lat' dir='ltr'>g)</span> <span class='ocrx_word' id='word_1_492' title='bbox 617 5128 666 5163; x_wconf 83' lang='lat' dir='ltr'>om.</span> <span class='ocrx_word' id='word_1_493' title='bbox 683 5109 708 5163; x_wconf 96' lang='grc'>2.</span> <span class='ocrx_word' id='word_1_494' title='bbox 796 5109 824 5172; x_wconf 86' lang='lat' dir='ltr'>h)</span> <span class='ocrx_word' id='word_1_495' title='bbox 842 5119 962 5179; x_wconf 80' lang='lat' dir='ltr'>suscepta</span> <span class='ocrx_word' id='word_1_496' title='bbox 979 5112 1002 5163; x_wconf 95' lang='grc'>2.</span> <span class='ocrx_word' id='word_1_497' title='bbox 1090 5111 1108 5176; x_wconf 86' lang='lat' dir='ltr'>i)</span> <span class='ocrx_word' id='word_1_498' title='bbox 1127 5120 1237 5166; x_wconf 81' lang='lat' dir='ltr'>noceam</span> <span class='ocrx_word' id='word_1_499' title='bbox 1315 5113 1464 5165; x_wconf 86' lang='lat' dir='ltr'>sordescant</span> <span class='ocrx_word' id='word_1_500' title='bbox 1481 5111 1505 5164; x_wconf 92' lang='grc'>2.</span> 
     </span>
    </p>
   </div>
   <div class='ocr_carea' id='block_1_7' title="bbox 468 5293 2140 5784">
    <p class='ocr_par' dir='ltr' id='par_1_7' title="bbox 468 5293 2140 5784">
     <span class='ocr_line' id='line_1_46' title="bbox 572 5293 2096 5368; baseline 0.003 -19"><span class='ocrx_word' id='word_1_501' title='bbox 572 5296 600 5362; x_wconf 87' lang='grc'>8)</span> <span class='ocrx_word' id='word_1_502' title='bbox 621 5293 674 5360; x_wconf 79' lang='lat' dir='ltr'>Osr.</span> <span class='ocrx_word' id='word_1_503' title='bbox 692 5293 797 5348; x_wconf 77' lang='lat' dir='ltr'>Relatio</span> <span class='ocrx_word' id='word_1_504' title='bbox 815 5295 924 5363; x_wconf 78' lang='lat' dir='ltr'>episcop.</span> <span class='ocrx_word' id='word_1_505' title='bbox 943 5295 1002 5363; x_wconf 90' lang='grc'><strong>829,</strong></span> <span class='ocrx_word' id='word_1_506' title='bbox 1020 5313 1107 5364; x_wconf 77' lang='lat' dir='ltr'>capra</span> <span class='ocrx_word' id='word_1_507' title='bbox 1119 5315 1148 5364; x_wconf 79' lang='lat' dir='ltr'>p.</span> <span class='ocrx_word' id='word_1_508' title='bbox 1161 5297 1203 5365; x_wconf 89' lang='grc'><strong>29,</strong></span> <span class='ocrx_word' id='word_1_509' title='bbox 1222 5313 1243 5351; x_wconf 91' lang='lat' dir='ltr'>c.</span> <span class='ocrx_word' id='word_1_510' title='bbox 1256 5299 1280 5352; x_wconf 91' lang='grc'>3.</span> <span class='ocrx_word' id='word_1_511' title='bbox 1304 5298 1372 5368; x_wconf 75' lang='lat' dir='ltr'>[K]</span> <span class='ocrx_word' id='word_1_512' title='bbox 1452 5301 1480 5366; x_wconf 88' lang='grc'>9)</span> <span class='ocrx_word' id='word_1_513' title='bbox 1499 5299 1576 5354; x_wconf 77' lang='lat' dir='ltr'>Pron</span> <span class='ocrx_word' id='word_1_514' title='bbox 1596 5299 1693 5366; x_wconf 89' lang='grc'><strong>11,14.</strong></span> <span class='ocrx_word' id='word_1_515' title='bbox 1774 5299 2096 5366; x_wconf 60' lang='lat' dir='ltr'>lucembrucae,</span> 
     </span>
     <span class='ocr_line' id='line_1_47' title="bbox 468 5396 2140 5472; baseline 0.002 -21"><span class='ocrx_word' id='word_1_516' title='bbox 468 5413 554 5467; x_wconf 76' lang='lat' dir='ltr'>supra</span> <span class='ocrx_word' id='word_1_517' title='bbox 567 5413 596 5465; x_wconf 82' lang='lat' dir='ltr'>p.</span> <span class='ocrx_word' id='word_1_518' title='bbox 613 5399 647 5452; x_wconf 82' lang='grc'>29</span> <span class='ocrx_word' id='word_1_519' title='bbox 660 5415 707 5466; x_wconf 78' lang='lat' dir='ltr'>sq,</span> <span class='ocrx_word' id='word_1_520' title='bbox 724 5413 744 5451; x_wconf 88' lang='lat' dir='ltr'>c.</span> <span class='ocrx_word' id='word_1_521' title='bbox 757 5397 782 5451; x_wconf 79' lang='lat'>4.</span> <span class='ocrx_word' id='word_1_522' title='bbox 800 5396 868 5466; x_wconf 77' lang='lat' dir='ltr'>[K]</span> <span class='ocrx_word' id='word_1_523' title='bbox 959 5401 1000 5466; x_wconf 87' lang='grc'>11)</span> <span class='ocrx_word' id='word_1_524' title='bbox 1021 5398 1076 5464; x_wconf 81' lang='lat' dir='ltr'>Gsr.</span> <span class='ocrx_word' id='word_1_525' title='bbox 1090 5398 1155 5469; x_wconf 79' lang='lat' dir='ltr'>Cap.</span> <span class='ocrx_word' id='word_1_526' title='bbox 1169 5401 1319 5454; x_wconf 76' lang='lat' dir='ltr'>Marstaan.</span> <span class='ocrx_word' id='word_1_527' title='bbox 1333 5403 1392 5469; x_wconf 78' lang='lat'>787,</span> <span class='ocrx_word' id='word_1_528' title='bbox 1411 5407 1472 5456; x_wconf 89' lang='lat' dir='ltr'>tom.</span> <span class='ocrx_word' id='word_1_529' title='bbox 1488 5402 1511 5470; x_wconf 89' lang='grc' dir='ltr'><strong>Ι,</strong></span> <span class='ocrx_word' id='word_1_530' title='bbox 1526 5418 1556 5471; x_wconf 80' lang='lat' dir='ltr'>p.</span> <span class='ocrx_word' id='word_1_531' title='bbox 1572 5405 1629 5470; x_wconf 86' lang='grc'><strong>195,</strong></span> <span class='ocrx_word' id='word_1_532' title='bbox 1648 5419 1668 5457; x_wconf 93' lang='lat' dir='ltr'>c.</span> <span class='ocrx_word' id='word_1_533' title='bbox 1681 5405 1712 5469; x_wconf 82' lang='grc'><strong>2,·</strong></span> <span class='ocrx_word' id='word_1_534' title='bbox 1741 5402 1840 5472; x_wconf 76' lang='lat' dir='ltr'>Syacd.</span> <span class='ocrx_word' id='word_1_535' title='bbox 1856 5401 2022 5469; x_wconf 68' lang='lat' dir='ltr'>Pramnos.</span> <span class='ocrx_word' id='word_1_536' title='bbox 2038 5403 2096 5471; x_wconf 81' lang='grc'><strong>794,</strong></span> <span class='ocrx_word' id='word_1_537' title='bbox 2115 5415 2140 5455; x_wconf 75' lang='lat' dir='ltr'>rs</span> 
     </span>
     <span class='ocr_line' id='line_1_48' title="bbox 469 5499 2099 5576; baseline 0.003 -21"><span class='ocrx_word' id='word_1_538' title='bbox 469 5500 805 5570; x_wconf 75' lang='lat' dir='ltr'>t.c.p.76,c.1v.-[K.]</span> <span class='ocrx_word' id='word_1_539' title='bbox 897 5503 939 5568; x_wconf 88' lang='grc'>12)</span> <span class='ocrx_word' id='word_1_540' title='bbox 960 5499 1015 5567; x_wconf 77' lang='lat' dir='ltr'>(lsr.</span> <span class='ocrx_word' id='word_1_541' title='bbox 1036 5501 1140 5556; x_wconf 72' lang='lat' dir='ltr'>Relatio</span> <span class='ocrx_word' id='word_1_542' title='bbox 1157 5504 1216 5570; x_wconf 82' lang='grc'><strong>829,</strong></span> <span class='ocrx_word' id='word_1_543' title='bbox 1234 5521 1318 5573; x_wconf 74' lang='lat' dir='ltr'>supra</span> <span class='ocrx_word' id='word_1_544' title='bbox 1332 5522 1361 5574; x_wconf 82' lang='lat' dir='ltr'>p.</span> <span class='ocrx_word' id='word_1_545' title='bbox 1375 5506 1417 5572; x_wconf 86' lang='lat'>38,</span> <span class='ocrx_word' id='word_1_546' title='bbox 1435 5506 1512 5559; x_wconf 87' lang='lat' dir='ltr'>c.30.</span> <span class='ocrx_word' id='word_1_547' title='bbox 1531 5505 1601 5576; x_wconf 78' lang='lat' dir='ltr'>[K]</span> <span class='ocrx_word' id='word_1_548' title='bbox 1691 5507 1732 5574; x_wconf 86' lang='lat'>13)</span> <span class='ocrx_word' id='word_1_549' title='bbox 1750 5505 2099 5574; x_wconf 76' lang='lat' dir='ltr'>Haaeubepiscops&#39;sfioto</span> 
     </span>
     <span class='ocr_line' id='line_1_49' title="bbox 469 5605 2098 5678; baseline 0.005 -19"><span class='ocrx_word' id='word_1_550' title='bbox 469 5611 547 5674; x_wconf 76' lang='lat' dir='ltr'>armt5</span> <span class='ocrx_word' id='word_1_551' title='bbox 566 5607 617 5671; x_wconf 77' lang='lat' dir='ltr'>cfr.</span> <span class='ocrx_word' id='word_1_552' title='bbox 631 5605 710 5660; x_wconf 80' lang='lat' dir='ltr'>Coae.</span> <span class='ocrx_word' id='word_1_553' title='bbox 723 5605 850 5674; x_wconf 66' lang='lat' dir='ltr'>Aoaupr.</span> <span class='ocrx_word' id='word_1_554' title='bbox 863 5605 922 5673; x_wconf 87' lang='grc'><strong>836,</strong></span> <span class='ocrx_word' id='word_1_555' title='bbox 943 5605 1039 5660; x_wconf 72' lang='lat' dir='ltr'>maa</span> <span class='ocrx_word' id='word_1_556' title='bbox 1054 5605 1103 5660; x_wconf 84' lang='lat' dir='ltr'>XI</span> <span class='ocrx_word' id='word_1_557' title='bbox 1105 5607 1134 5674; x_wconf 83' lang='lat' dir='ltr'>V,</span> <span class='ocrx_word' id='word_1_558' title='bbox 1152 5609 1199 5664; x_wconf 84' lang='lat' dir='ltr'>col.</span> <span class='ocrx_word' id='word_1_559' title='bbox 1211 5610 1271 5675; x_wconf 80' lang='grc'><strong>691,</strong></span> <span class='ocrx_word' id='word_1_560' title='bbox 1289 5610 1371 5676; x_wconf 81' lang='grc' dir='ltr'><strong>ο.19,·</strong></span> <span class='ocrx_word' id='word_1_561' title='bbox 1390 5608 1485 5678; x_wconf 75' lang='lat' dir='ltr'>Wattz,</span> <span class='ocrx_word' id='word_1_562' title='bbox 1502 5609 1560 5664; x_wconf 77' lang='lat' dir='ltr'>Va.</span> <span class='ocrx_word' id='word_1_563' title='bbox 1571 5609 1626 5662; x_wconf 85' lang='grc' dir='ltr'>ΠΙ</span> <span class='ocrx_word' id='word_1_564' title='bbox 1630 5612 1648 5676; x_wconf 83' lang='lat'>²,</span> <span class='ocrx_word' id='word_1_565' title='bbox 1664 5625 1690 5676; x_wconf 79' lang='lat' dir='ltr'>p.</span> <span class='ocrx_word' id='word_1_566' title='bbox 1703 5609 1755 5663; x_wconf 85' lang='grc'>493</span> <span class='ocrx_word' id='word_1_567' title='bbox 1766 5625 1803 5677; x_wconf 75' lang='lat' dir='ltr'>sq.</span> <span class='ocrx_word' id='word_1_568' title='bbox 1822 5609 1889 5678; x_wconf 80' lang='lat' dir='ltr'>[K]</span> <span class='ocrx_word' id='word_1_569' title='bbox 1944 5608 1987 5677; x_wconf 87' lang='lat'>14)</span> <span class='ocrx_word' id='word_1_570' title='bbox 2000 5608 2098 5666; x_wconf 71' lang='lat' dir='ltr'>Mna.</span> 
     </span>
     <span class='ocr_line' id='line_1_50' title="bbox 469 5707 2098 5784; baseline 0.001 -19"><span class='ocrx_word' id='word_1_571' title='bbox 469 5712 511 5780; x_wconf 88' lang='grc'><strong>22,</strong></span> <span class='ocrx_word' id='word_1_572' title='bbox 525 5711 566 5764; x_wconf 86' lang='grc'>21.</span> <span class='ocrx_word' id='word_1_573' title='bbox 622 5711 698 5776; x_wconf 55' lang='grc' dir='ltr'>γ16)</span> <span class='ocrx_word' id='word_1_574' title='bbox 717 5709 742 5762; x_wconf 88' lang='grc'>2.</span> <span class='ocrx_word' id='word_1_575' title='bbox 762 5707 887 5776; x_wconf 78' lang='lat' dir='ltr'>Paratip.</span> <span class='ocrx_word' id='word_1_576' title='bbox 906 5708 930 5775; x_wconf 90' lang='grc'><strong>6,</strong></span> <span class='ocrx_word' id='word_1_577' title='bbox 942 5709 965 5762; x_wconf 81' lang='grc'>7.</span> <span class='ocrx_word' id='word_1_578' title='bbox 1055 5711 1097 5778; x_wconf 85' lang='grc'>16)</span> <span class='ocrx_word' id='word_1_579' title='bbox 1116 5709 1272 5767; x_wconf 64' lang='grc'><strong>20016616.</strong></span> <span class='ocrx_word' id='word_1_580' title='bbox 1288 5712 1379 5780; x_wconf 85' lang='lat'>13,10.</span> <span class='ocrx_word' id='word_1_581' title='bbox 1467 5713 1754 5784; x_wconf 72' lang='lat' dir='ltr'>17)Apoca1.22,11.</span> <span class='ocrx_word' id='word_1_582' title='bbox 2096 5729 2098 5734; x_wconf 75' lang='grc'><strong>’</strong></span> 
     </span>
    </p>
   </div>
   <div class='ocr_carea' id='block_1_8' title="bbox 0 0 2333 6436">
    <p class='ocr_par' dir='ltr' id='par_1_8' title="bbox 0 0 2333 6436">
     <span class='ocr_line' id='line_1_51' title="bbox 0 0 2333 6436; baseline 0 0"><span class='ocrx_word' id='word_1_583' title='bbox 0 0 2333 6436; x_wconf 95' lang='lat' dir='ltr'> </span> 
     </span>
    </p>
   </div>
  </div>
 </body>
</html>
