4568 6420
397 438 460 500 496
604 433 848 488 wateruluus
866 433 913 487 DI}
931 433 1100 489 EXORDIIS
1118 433 1166 487 ΕΤ
1187 434 1434 489 INGREMENTIS
1453 431 1536 486 BER.
1556 431 1655 486 Eccu.
1673 450 1696 486 c.
1709 432 1752 485 22.
1769 432 1812 486 23.

400 613 599 680 sanctorum;
624 607 784 693 siquidem
809 607 1082 692 Thelesphorusffl
1105 599 1245 671 ιιοιιιιιι14
1275 609 1307 670 in
1331 607 1442 673 ordine
1463 606 1631 670 Romanae
1654 607 1849 691 episcopus¹¹
1879 605 1967 670 sedis
1991 606 2025 668 in

400 711 533 774 natale⁰
548 710 680 775 Domini
702 717 821 775 noctu?
843 712 960 774 missas
984 711 1169 776 celebrariq
1192 704 1406 776 constituitffi.
1443 710 1487 774 Et
1509 731 1625 774 revera
1648 730 1712 774 non
1739 720 1830 774 esse¹
1846 707 2025 774 absurdum

399 813 626 894 crediderim¹‚
657 815 700 896 si,
732 815 806 879 dum
832 815 941 901 plures
964 815 996 879 in
1021 835 1087 879 una
1110 815 1164 880 die
1187 815 1357 880 faciendae
1381 815 1614 890 summissae,
1642 833 1727 876 unus
1751 811 1922 878 sacerdos⁸
1943 811 2026 876 duas

398 918 453 982 rel
489 923 556 982 tres
588 918 785 982 necessitate
819 918 892 982 velu
921 918 1089 982 voluntate
1123 917 1342 1003 persuadente
1377 918 1524 983 celebret
1556 918 1681 1002 potius,
1716 926 1835 1002 quam'
1865 915 2026 1001 quasdam

396 1019 569 1084 dimittat'.
615 1019 667 1084 Ad
692 1020 753 1084 boc
776 1020 940 1098 accedit'‚
964 1021 1051 1105 quod
1074 1022 1197 1086 totius¹
1219 1042 1298 1085 usus
1321 1023 1481 1086 ecclesiae
1504 1020 1604 1085 babet
1626 1021 1757 1104 saepius
1782 1021 1898 1084 missas
1923 1039 2025 1103 agere
2067 1029 2080 1068 ⁵

396 1133 478 1208 proy
500 1123 583 1186 vivis
607 1129 640 1187 et
663 1145 722 1209 pro
747 1123 919 1203 defunctis,
942 1145 1002 1210 prc
1027 1125 1214 1190 elemosinis
1239 1132 1273 1190 et
1295 1126 1369 1190 aliis
1392 1125 1530 1189 diversis
1548 1125 1667 1198 causis,
1691 1122 1777 1208 quod
1802 1123 1900 1188 etiam
1917 1120 2027 1186 officia

398 1225 448 1290 bis
483 1225 641 1291 attributa
673 1233 845 1292 testantur.
897 1226 936 1290 In
973 1226 1088 1293 diebus
1117 1231 1228 1313 itaque
1261 1229 1392 1314 publica
1421 1227 1614 1292 celebritate
1646 1227 1830 1312 conspicuis
1862 1233 1919 1290 aut
1946 1225 2025 1289 illae

398 1328 600 1394 diversarum
624 1351 732 1396 rerum
749 1331 985 1396 necessitates¹
1008 1339 1083 1396 sunt
1097 1332 1367 1398 intermittendae
1383 1341 1440 1396 aut
1456 1330 1724 1396 concurrentibus
1742 1330 1874 1394 sibimet
1889 1329 2025 1415 publica

396 1433 626 1500 observatione
650 1441 684 1499 et
706 1436 834 1521 privata
855 1435 1053 1499 necessitate
1076 1436 1243 1519 utriusque
1267 1435 1413 1520 expletio
1437 1434 1503 1498 suis
1526 1440 1576 1497 cst
1592 1431 1808 1497 discernenda
1824 1433 1939 1497 officiis
1957 1432 2022 1513 vel,

397 1536 483 1620 quod
512 1539 661 1622 superius
692 1529 1065 1616 commemoravimusffl,
1095 1558 1161 1601 una
1190 1536 1355 1601 oblatione
1385 1536 1535 1601 diversae
1568 1557 1687 1600 causae
1719 1542 1794 1600 sunt
1824 1535 2021 1623 explendae.
2053 1557 2079 1596 ισ

398 1637 561 1704 Fidelium
587 1642 768 1706 relatione·
792 1643 932 1705 virorum
960 1641 994 1704 in
1022 1643 1166 1704 nostram
1195 1661 1299 1724 usque
1322 1638 1493 1724 pervenit*
1517 1631 1699 1703 notitiam¹⁷
1722 1637 1868 1704 Leonem
1893 1660 2023 1725 papam,

398 1741 576 1828 sicutipse
601 1743 781 1822 fatebatur,
813 1755 897 1808 unue
920 1743 996 1808 die⁰
1018 1741 1084 1806 VII
1106 1742 1160 1806 vel
1182 1741 1233 1806 IX
1259 1743 1430 1807 missarum
1459 1743 1616 1807 solemnia
1642 1742 1796 1828 saepius‘l
1825 1743 2026 1824 celebrasse,

399 1843 606 1911 Bonifacium
628 1868 706 1912 vero
729 1848 1011 1933 archiepiscopum
1035 1853 1069 1911 et
1091 1847 1255 1911 martirem
1280 1849 1382 1911 semel
1406 1854 1531 1910 tantum
1563 1869 1621 1932 per
1643 1847 1730 1910 diem
1752 1846 1871 1911 missas
1894 1846 2026 1925 fecisse,

399 1949 455 2033 qui
480 1957 515 2013 et
538 1971 602 2014 non
624 1952 721 2036 longe
749 1957 825 2016 ante
849 1958 959 2016 nostra
987 1951 1119 2016 fuerunt
1148 1957 1298 2035 tempora
1328 1956 1359 2012 et
1383 1948 1479 2014 ambo
1503 1957 1589 2014 taur*
1612 1950 1767 2028 scientia,
1797 1970 1895 2034 quam
1922 1948 2027 2035 gradu

399 2055 574 2138 praecipui.
620 2054 734 2138 Itaque
758 2046 1030 2140 ‘unusquisqueffi
1053 2056 1086 2118 in
1110 2076 1168 2119 suo
1193 2075 1294 2119 sensu
1309 2052 1475 2134 abundet',
1501 2053 1577 2118 dum
1600 2055 1683 2119 fides
1701 2053 1886 2134 concordet,
1909 2061 1946 2119 ut
1965 2075 2026 2120 uec
2057 2073 2081 2112 ¹⁵

399 2158 531 2242 saepius
555 2159 730 2222 offerentes
754 2159 931 2222 aestiment
953 2158 1060 2223 Deum
1084 2159 1180 2222 aliter
1203 2158 1377 2244 petitiones
1401 2179 1463 2222 non
1487 2179 1584 2244 posse
1610 2156 1807 2236 discernere,
1840 2178 1901 2222 nee
1924 2159 2028 2222 semel

398 2258 524 2323 hostias
553 2281 613 2346 per
635 2261 722 2325 diem
748 2262 954 2326 immolantes
977 2269 1094 2348 putent
1117 2283 1196 2326 suae
1219 2261 1295 2324 fidei
1319 2261 1532 2326 subtilitatem
1555 2262 1672 2347 potius,
1697 2282 1794 2345 quam
1820 2263 2025 2347 superiorum

398 2363 604 2429 devotionem
628 2364 747 2430 divinis
771 2373 942 2452 acceptam
965 2367 1209 2452 conspectibus.

487 2467 552 2532 23¹.
588 2466 750 2540 Quoniam
774 2469 889 2554 igitur,
924 2470 1064 2554 qualiter
1087 2469 1128 2532 ad
1152 2469 1403 2534 celebrationem
1429 2467 1625 2532 cotidianam
1648 2469 1821 2532 missarum
1846 2469 2028 2533 solemnia⁸

398 2571 618 2655 pervenerint,
642 2571 921 2656 qualitercumque
945 2574 1203 2645 monstravimus.
1227 2573 1301 2636 hinc
1324 2571 1365 2636 de
1390 2572 1497 2636 officio
1520 2571 1641 2635 missae
1664 2571 1773 2656 quirit,
1797 2571 1926 2656 quando
1951 2579 1985 2636 et
2008 2593 2029 2636 a
2056 2595 2083 2636 ao

400 2673 519 2758 quibus
543 2681 700 2740 statutum
725 2675 784 2753 sit,
817 2681 973 2760 quantum
1002 2677 1148 2740 invenire
1179 2677 1364 2761 potuimus,
1396 2695 1610 2760 exponamus.
1655 2673 1752 2748 Quod
1781 2695 1867 2738 nunc
1899 2676 2028 2760 agimus

399 2776 571 2862 multiplici
594 2777 802 2859 orationum&
825 2778 1025 2857 lectionum,
1048 2780 1284 2844 cantilenarum
1308 2788 1341 2842 et
1364 2778 1644 2842 consecrationum
1669 2775 1814 2857 officiet,
1838 2783 1942 2841 totum
1965 2777 2028 2842 boc

401 2880 540 2964 apostoli
563 2886 596 2944 et
618 2887 693 2966 post
716 2882 806 2966 ipsos
829 2882 987 2967 proximi,
1020 2889 1056 2945 ut
1079 2882 1231 2960 creditur,
1255 2880 1456 2946 orationibus
1480 2887 1513 2944 ct
1536 2881 1842 2946 commemoratione
1865 2882 2028 2966 passionis

403 2980 601 3062 dominicae,
626 2984 804 3070 sicutipse
827 2986 1012 3069 praecepit,
1036 2985 1180 3070 agebant
1204 2985 1406 3070 simpliciter.
1453 2983 1549 3049 Unde
1578 2985 1666 3048 circa
1693 2983 1808 3048 domos
1833 2982 2030 3048 secundum¹

402 3079 589 3171 superius¹9
613 3093 866 3152 commemorata
891 3089 1080 3152 testimonia
1102 3088 1298 3174 frangebant
1324 3109 1458 3174 panem,
1483 3086 1599 3172 quod¹³
1622 3088 1722 3151 etiarn
1745 3087 1811 3152 alia
1835 3089 2030 3152 sententian
2057 3111 2083 3152 ss

400 3188 509 3255 Lucas
537 3189 684 3256 declarat
712 3191 839 3256 dicens:
870 3182 992 3255 ‘Una²⁰
1023 3197 1132 3256 autem
1162 3191 1289 3256 sabbati
1321 3213 1393 3256 cum
1422 3191 1710 3256 convenissemus¹¹
1739 3190 1780 3254 ad
1811 3190 2030 3275 frangendum

401 3293 544 3378 panam’,
576 3296 768 3381 etreliqua.
820 3295 865 3359 Et
896 3295 1034 3360 relatio⁰
1064 3297 1223 3359 maiorum
1253 3302 1303 3360 est
1332 3296 1398 3358 ita1‘
1425 3296 1537 3380 primis
1567 3294 1769 3380 temporibus
1808 3289 1924 3359 missas
1959 3294 2030 3359 lieri

402 3396 528 3478 solitas,
553 3399 639 3462 sicut
656 3398 753 3462 modo
770 3399 804 3462 in
820 3419 999 3484 parasceue
1016 3399 1189 3485 paschae&
1214 3418 1277 3483 quo
1294 3397 1347 3463 die
1371 3398 1457 3484 apud
1473 3398 1640 3463 Romanos
1657 3399 1779 3464 missac
1796 3419 1861 3462 non
1878 3405 2030 3483 aguntur,

402 3505 499 3565 anter
521 3502 848 3566 communicationem
871 3503 980 3566 facere
1004 3502 1160 3581 solemus,
1187 3501 1221 3565 id
1243 3509 1294 3566 cst
1316 3503 1495 3588 praemissa
1517 3503 1664 3566 oratione
1688 3502 1850 3567 dominica
1874 3509 1922 3583 et,
1947 3504 2032 3567 sicut

400 3603 472 3688 ipse
488 3603 650 3669 Dominus
676 3610 787 3669 noster
809 3607 994 3691 praecepit,
1019 3607 1326 3670 commemoratione
1350 3605 1514 3692 passionis
1537 3607 1607 3670 eius
1631 3606 1778 3672 adhibita
1802 3617 1877 3672 cos·
1901 3608 2029 3693 corpori
2056 3629 2084 3668 so

400 3706 561 3772 dominico
595 3708 852 3773 communicasse
889 3714 922 3772 et
954 3708 1122 3792 sanguini.
1157 3729 1237 3793 quos
1266 3709 1363 3773 ratiot
1385 3708 1606 3794 permittebat.
1658 3709 1854 3775 Proficiente
1864 3711 1888 3748 ²*
1912 3709 2030 3774 debinc

401 3811 558 3896 religione
586 3821 647 3876 eo¹¹
670 3813 810 3897 amplius
834 3817 931 3875 aucta
954 3819 1030 3875 sunt
1054 3833 1073 3875 a
1096 3811 1218 3876 Christi
1244 3812 1422 3877 cultoribus
1447 3813 1553 3877 officia
1575 3814 1765 3892 missarum,
1796 3835 1860 3899 quo
1885 3814 1935 3878 vel
1962 3835 2030 3899 pax

400 3917 559 4000 praestita
581 3916 680 3980 latius
703 3915 858 3980 terminos
883 3916 1076 4001 propagavit
1100 3916 1261 3980 ecclesiae
1286 3916 1340 3980 vel
1356 3924 1540 3980 sanctorum
1565 3919 1660 4003 copia
1681 3939 1744 3981 usu
1767 3918 1855 3981 faeta
1877 3923 1927 3982 est
1949 3939 2027 3982 con-

399 4019 588 4084 valescente
610 4020 819 4104 frequentior.
865 4019 981 4093 Quod*
1005 4025 1038 4083 et
1060 4019 1094 4082 in
1118 4029 1311 4082 sacrarumw
1335 4018 1465 4084 aedium
1489 4023 1758 4086 constructione¹
1780 4023 1833 4086 vel
1857 4022 2027 4088 ornatibus

400 4123 447 4186 ita
474 4125 691 4208 provenissey
714 4126 776 4186 iam
794 4114 984 4197 diximus²¹3
1007 4144 1071 4186 non
1096 4123 1182 4207 quod
1205 4123 1303 4206 aliqui
1328 4125 1532 4207 sequentium
1563 4126 1722 4210 apostolis
1747 4126 1869 4189 fuerint
1891 4127 2029 4190 scientIa
2056 4147 2082 4188 ss

503 4279 540 4344 m)
558 4281 730 4347 Telesphorum
748 4279 772 4332 3.
791 4278 816 4332 4.
916 4281 945 4344 ιι)
964 4281 1031 4332 sedis
1049 4281 1126 4348 episc.
1144 4279 1169 4330 3.
1188 4278 1212 4330 4.
1322 4279 1348 4343 ο)
1368 4280 1449 4332 nauli
1468 4279 1492 4332 1.
1597 4281 1625 4348 p)
1644 4291 1694 4333 tres
1719 4283 1781 4335 add.
1799 4282 1828 4344 3;
1850 4287 1899 4351 cfr.
1915 4293 1967 4335 not.
1987 4283 2028 4337 15.

400 4367 576 4433 incelebrans
595 4365 671 4417 4-7.
775 4366 797 4432 ι)
816 4375 854 4419 est
873 4385 1000 4434 superscr.
1020 4384 1089 4418 mon.
1108 4368 1153 4418 alt.
1172 4367 1213 4419 vel
1232 4385 1287 4418 esse
1305 4364 1330 4417 4.
1427 4368 1451 4428 s)
1471 4369 1572 4418 credere
1590 4385 1718 4432 super-scr.
1736 4386 1805 4420 πισπι.
1825 4371 1871 4420 alt.
1889 4371 1931 4421 vel
1949 4371 2030 4422 credi·

399 4453 479 4504 derim
498 4451 527 4513 4;
545 4454 710 4505 crediderunt
729 4453 756 4516 7;
779 4456 801 4506 si
820 4472 869 4505 om.
888 4453 912 4506 6.
1011 4457 1031 4518 t)
1051 4456 1186 4521 presbyter
1203 4471 1330 4520 superscr.
1349 4471 1418 4504 πισπ.
1437 4455 1484 4504 alt.
1503 4454 1545 4504 vel
1563 4455 1682 4506 sacerdos
1699 4453 1725 4506 4.
1824 4455 1853 4521 u)
1872 4473 1940 4508 corr.
1959 4473 2030 4509 man.

400 4540 445 4589 alt.
464 4556 517 4590 non
534 4539 559 4591 5.
649 4541 677 4602 v)
697 4557 763 4606 quas
780 4542 918 4606 quamdam
937 4557 1004 4592 corr.
1023 4557 1092 4590 man.
1111 4541 1156 4591 ait.
1175 4540 1335 4606 quandoque,
1354 4557 1402 4590 om.
1416 4540 1535 4604 dimittat,
1554 4539 1583 4598 5;
1602 4539 1714 4591 dimittat
1732 4556 1858 4606 superscr.
1868 4559 1939 4595 πισπ.
1949 4543 1995 4595 alt.
2004 4541 2029 4594 4.

399 4625 432 4687 ιι)
450 4625 545 4677 accidit
561 4622 637 4676 5-8.
710 4625 738 4693 ιι)
757 4644 821 4678 usus
839 4629 916 4679 totius
934 4625 959 4679 4.
1033 4627 1060 4692 y)
1078 4644 1124 4694 pro
1143 4626 1220 4690 (erce.
1242 4624 1269 4691 5)
1289 4627 1366 4676 unius
1392 4627 1529 4690 (supertes.
1548 4643 1618 4678 man.
1637 4627 1682 4678 alt.
1701 4627 1744 4678 vel
1763 4628 1830 4678 rivis
1847 4625 1876 4693 4)
1901 4628 2030 4681 defunctis
2058 4644 2086 4683 4⁰

399 4709 526 4776 (defuncti
543 4709 570 4775 5)
588 4709 614 4762 4.
632 4711 658 4764 5.
745 4713 770 4776 π)
789 4715 941 4765 necessitate
959 4711 982 4764 5.
1003 4710 1027 4764 8.
1116 4709 1142 4776 a)
1161 4713 1261 4764 ratione
1279 4727 1406 4776 ruperrcr.
1424 4729 1493 4761 πισπι.
1513 4711 1556 4761 alt.
1570 4712 1611 4761 rel
1630 4713 1755 4764 relatione
1771 4713 1795 4763 4.
1893 4713 1920 4778 b)
1939 4731 2027 4781 supar-

400 4798 471 4849 venit
488 4795 566 4862 6-8,
585 4815 652 4850 corr.
671 4801 788 4866 pervenit
805 4797 829 4850 8.
919 4800 945 4864 c)
963 4816 1012 4849 cm.
1031 4797 1056 4850 3.
1151 4797 1177 4863 d)
1196 4814 1322 4862 superscr.
1341 4815 1410 4848 mou.
1430 4798 1474 4848 alt.
1493 4793 1518 4848 4.
1613 4797 1637 4860 c)
1655 4805 1707 4848 mm
1725 4799 1806 4864 gradu
1824 4816 1903 4865 quam
1921 4802 2030 4852 scientia

398 4881 423 4934 4.
444 4881 473 4942 5;
492 4885 600 4937 scientia
618 4891 670 4935 tam
688 4883 712 4936 2.
732 4883 756 4936 6.
828 4885 854 4948 f)
874 4887 957 4936 XXII.
976 4883 1006 4944 3;
1026 4885 1146 4934 XXVIII.
1166 4902 1233 4934 corr.
1253 4885 1385 4934 XXVIIII.
1405 4881 1434 4942 6;
1453 4900 1500 4934 σπι.
1521 4882 1542 4933 7.
1613 4883 1642 4951 g)
1662 4886 1749 4952 sepius
1768 4886 1910 4938 celebrasse
1928 4887 1992 4938 add.
2004 4886 2029 4940 2.

399 4969 428 5033 b)
447 4971 515 5036 quod
533 4970 557 5022 2.
576 4971 601 5022 6.
620 4968 642 5020 7.
732 4973 750 5032 i)
770 4973 900 5023 rationum
918 4972 943 5023 6.
963 4968 994 5034 7;
1013 4972 1112 5021 ratione
1130 4969 1154 5020 8.
1247 4969 1275 5032 k)
1294 4970 1407 5020 officium
1427 4969 1457 5028 5;
1477 4977 1576 5020 taurum
1595 4989 1662 5021 corr.
1681 4979 1764 5022 toturn
1783 4971 1804 5022 l.
1887 4972 1906 5036 l)
1925 4973 1992 5026 sicut
2004 4974 2030 5027 2.

399 5056 436 5120 nr)
454 5073 532 5122 quam
550 5059 627 5108 etiarn
645 5058 801 5109 sententIam
823 5056 848 5108 4.
956 5055 984 5121 ιι)
1003 5056 1163 5107 venissemus
1182 5057 1263 5121 frang.
1282 5054 1306 5105 6.
1409 5054 1435 5116 o)
1454 5057 1577 5108 revelatio
1595 5055 1620 5108 4.
1638 5057 1669 5120 5;
1688 5059 1769 5109 maior
1787 5057 1811 5110 5.
1911 5059 1939 5127 p)
1959 5062 1987 5111 in
2004 5059 2030 5112 2.
2059 5075 2085 5113 45

399 5141 426 5209 q)
444 5159 512 5196 eras.
530 5144 560 5207 5;
584 5145 611 5195 in
628 5143 690 5194 add.
709 5141 734 5196 3.
838 5143 860 5209 r)
879 5161 927 5194 σπι.
946 5141 971 5202 3,
995 5141 1138 5207 Kudpller.
1235 5141 1258 5204 s)
1276 5141 1332 5192 eius
1350 5139 1374 5191 4.
1393 5139 1418 5192 5.
1438 5139 1461 5202 7,
1488 5159 1554 5192 corr.
1574 5158 1643 5194 moa.
1662 5143 1708 5194 alt.
1726 5160 1770 5195 eos
1786 5141 1812 5194 4.
1909 5144 1930 5210 t)
1949 5149 2031 5199 oratio

400 5226 423 5279 7.
441 5225 466 5293 8,
484 5246 551 5280 corr.
574 5229 639 5281 ratio
656 5227 681 5280 8.
786 5229 822 5292 t‘)
841 5229 1017 5296 proficiscente
1034 5225 1111 5278 6-8.
1216 5225 1245 5288 ιι)
1264 5245 1312 5278 aru.
1332 5225 1357 5278 3.
1463 5225 1492 5292 v)
1512 5245 1562 5293 quo
1581 5225 1604 5278 4.
1623 5228 1648 5292 5,
1668 5245 1735 5280 corr.
1754 5231 1822 5295 quod
1840 5230 1870 5294 4;
1894 5240 1921 5284 et
1938 5249 1987 5284 orn.
2005 5231 2031 5286 8.

399 5315 434 5378 w)
453 5331 554 5366 sacrum
571 5315 600 5374 5;
619 5331 694 5368 sacra
713 5315 737 5367 7.
825 5315 854 5379 x)
873 5315 1046 5366 instructione
1064 5311 1095 5376 2;
1115 5314 1305 5364 consecratione
1322 5311 1347 5364 8.
1435 5311 1464 5380 y)
1484 5315 1630 5380 pervenisse
1647 5313 1672 5364 5.

504 5451 547 5517 14)
567 5451 678 5506 Rectius
694 5457 811 5506 miurus.
916 5452 960 5521 15)
979 5449 1040 5504 nic.
1054 5449 1156 5518 pontis.
1170 5452 1194 5515 Ι,
1203 5467 1232 5517 p.
1248 5449 1307 5515 129,
1326 5449 1386 5517 59·
1413 5448 1465 5502 Ηίσ
1483 5448 1639 5512 constituit,
1665 5452 1698 5503 ut
1711 5492 1717 5503 .
1730 5489 1757 5504 ..
1776 5452 1899 5506 natalem
1918 5453 2031 5509 Domini

400 5555 485 5607 noctu
503 5553 600 5608 missas
619 5553 834 5608 celebrarentur.
919 5554 962 5620 16)
983 5552 1077 5622 Supra
1090 5569 1119 5620 p.
1132 5553 1192 5618 495,
1212 5552 1259 5606 lia.
1274 5553 1350 5619 2751.
1446 5552 1489 5618 17)
1504 5551 1579 5620 Quae
1596 5553 1637 5606 lu'c
1656 5553 1830 5621 Walasridas
1846 5554 1879 5609 da
1898 5555 1988 5610 Leone
2005 5563 2030 5612 a
2060 5577 2086 5615 sc

401 5655 543 5722 Bonifatio
560 5663 679 5725 amrrot
703 5673 735 5711 cc
752 5655 905 5723 ameum,
927 5658 998 5712 sicut
1017 5657 1071 5726 quse
1087 5656 1160 5724 dicit,
1186 5662 1293 5724 aumpm
1310 5661 1375 5710 amc
1400 5673 1484 5725 aequa
1506 5673 1622 5726 usquam
1644 5658 1744 5726 arepto
1765 5659 1958 5724 inserimur,-
1979 5661 2030 5728 cfr.

399 5759 478 5826 iufra
494 5765 549 5814 aar.
563 5762 605 5815 75.
683 5761 727 5828 18)
746 5760 821 5816 Rota
836 5760 877 5826 14,
891 5761 915 5816 5.
988 5760 1032 5829 19)
1052 5759 1108 5826 Gsr.
1121 5763 1174 5813 aot.
1189 5759 1301 5814 10-12.
1376 5760 1423 5828 20)
1443 5762 1503 5814 Act.
1517 5766 1601 5834 apost.
1614 5762 1657 5836 20,
1670 5762 1693 5815 7.
1764 5763 1807 5840 21)
1826 5761 1917 5842 Supra
1935 5779 1957 5818 c.
1969 5766 1994 5820 6.
2006 5766 2033 5836 8,
