4568 6420
458 456 702 513 wnunvamus
720 457 767 512 hu
787 458 958 515 uxosuus
977 461 1023 515 ΕΤ
1043 461 1293 517 lucauuuuvls
1311 460 1395 516 uua.
1414 461 1512 517 ECCh.
1532 465 1606 518 cae.
1772 469 1831 529 50l

210 629 429 694 caelestiumm
452 633 607 695 virtutum
631 633 781 698 laudibus
797 635 952 700 admittim
975 635 1170 722 deposcitur,
1195 637 1248 700 vel
1270 635 1373 721 ipsam
1392 638 1565 714 actionem,
1589 657 1652 720 qua
1669 639 1835 702 coniicitur

209 739 452 798 sacrosanctum
475 737 620 820 eorporis
644 744 677 801 et
700 739 867 823 sanguinis
890 737 1043 804 dominici
1067 738 1266 825 mysterium,
1295 751 1478 825 quamque¹¹
1501 740 1640 805 Romani
1664 761 1833 816 canonem,

88 873 91 880 ⁴
208 844 244 902 ut
266 836 299 900 in
318 836 557 921 pontificalibus
579 840 709 925 saepius
725 842 896 922 invenitur,
921 842 1097 928 appellant,
1114 842 1187 927 quis
1204 842 1326 928 primus
1343 842 1554 924 ordinaverit,
1577 844 1670 909 nobis
1687 845 1834 928 ignotum

209 946 269 1004 est.
316 941 440 1004 Auota⁰
468 947 576 1006 temen
606 943 706 1007 luisse
736 965 800 1008 non
824 944 937 1022 semel,
968 943 1025 1008 sed
1054 945 1186 1030 saepius
1216 946 1427 1031 expertibus
1458 945 1577 1011 additis
1603 946 1834 1031 intellegimus,

169 1062 181 1100 v
209 1045 285 1129 quie
319 1051 353 1108 et
382 1045 542 1130 praelatio
577 1047 609 1110 in
645 1046 858 1132 quibusdamr
892 1048 985 1112 iestis
1017 1048 1126 1128 aliter,
1163 1069 1258 1132 quem
1290 1047 1407 1113 diebus
1441 1049 1613 1114 cotidianis
1648 1049 1765 1114 dicitur
1800 1056 1833 1114 et

207 1146 369 1212 interdum
401 1169 465 1213 uon
494 1149 567 1234 ipsa
590 1157 761 1230 mutatura,
791 1150 849 1216 sed
875 1152 1065 1216 inseruntur
1096 1152 1128 1216 in
1158 1152 1265 1217 medio
1296 1153 1457 1238 speciales
1489 1153 1690 1238 quarundam
1724 1174 1832 1218 rerum

208 1253 545 1317 commemorationes.
590 1252 704 1317 Actio¹
726 1264 822 1318 vero·
849 1255 917 1320 sive
948 1276 1052 1319 canon
1081 1276 1123 1320 cx
1152 1276 1190 1320 eo
1219 1257 1427 1341 cognoscitur
1457 1258 1597 1321 maxime
1631 1278 1689 1343 per
1724 1263 1834 1343 partes

207 1355 430 1440 compositus‘,
462 1355 547 1440 quod
582 1358 712 1421 nomina
743 1364 942 1438 sanctorum,
973 1379 1109 1443 quorum
1138 1359 1183 1423 ibi
1212 1361 1394 1424 communio
1427 1367 1460 1425 et
1490 1362 1628 1425 societas
1657 1361 1831 1445 flagitatur,

207 1456 334 1522 duobus
357 1458 390 1521 in
414 1457 494 1522 locis
517 1460 623 1544 posita
645 1462 884 1546 repperiuntur.
919 1459 996 1525 Non
1020 1462 1105 1526 eninr
1131 1482 1242 1526 verum
1267 1469 1326 1542 est,
1351 1463 1435 1548 quod
1460 1463 1590 1549 quidam
1614 1463 1736 1542 dicunt,
1761 1462 1834 1528 ideo

156 1577 181 1618 ιο
207 1560 289 1625 duos
311 1561 441 1627 ordines
472 1564 635 1627 nominum
667 1563 712 1627 ibi
739 1564 860 1644 laotos,
890 1565 964 1648 quia
996 1565 1180 1650 posteriusu
1210 1566 1307 1651 positi
1338 1565 1480 1630 nondum
1510 1566 1654 1631 coronati
1684 1565 1834 1644 fuissent,

208 1687 281 1730 cum
303 1666 427 1753 priores
451 1667 483 1730 in
507 1668 562 1731 illo
590 1688 712 1732 canone
738 1675 948 1754 ponerentur,
972 1689 1045 1733 oum
1069 1669 1209 1733 sciamus
1232 1668 1411 1734 Iohannem
1436 1669 1612 1755 baptistam
1643 1670 1722 1755 ipsis
1754 1689 1833 1754 spo·

208 1770 299 1834 stolis
327 1791 392 1834 non
424 1774 551 1835 tantum
579 1792 691 1857 parem
720 1778 883 1857 tempore,
907 1791 1018 1836 verum
1043 1779 1095 1836 et'
1118 1774 1275 1858 priorem,
1305 1772 1508 1858 Stephanum
1531 1781 1636 1836 verow
1664 1793 1775 1859 parem
1801 1776 1834 1835 et

207 1879 379 1958 utrumque
403 1881 478 1938 ante
501 1875 666 1960 apostolos
690 1879 895 1956 coronatum,
925 1882 1052 1941 ceteros
1077 1889 1237 1962 quoque¹,
1268 1878 1321 1962 qui
1345 1878 1378 1940 in
1402 1877 1552 1962 sequenti
1576 1875 1688 1940 ordine
1719 1895 1833 1938 nume·

208 1983 329 2055 rantur,
353 1977 475 2041 eisdem
499 1978 600 2043 luisse
625 1978 838 2065 temporibus,
863 1979 980 2064 quibus
1004 1980 1108 2062 fuere,
1138 1981 1193 2066 qui
1215 1981 1305 2066 prius
1335 1987 1410 2044 sunt
1432 1980 1539 2065 positi.
1584 1979 1680 2043 Unde
1705 1983 1835 2043 constat

156 2099 180 2138 ιι
208 2088 384 2165 sequentes
414 2083 571 2147 eeclesiae
613 2083 782 2149 doctoresy
815 2085 956 2169 antiquis
994 2089 1122 2170 patrum
1153 2084 1301 2166 statutis,
1337 2103 1420 2167 quae
1453 2103 1598 2167 congrus
1630 2083 1718 2146 visa⁸
1749 2087 1834 2160 sunt,

207 2182 388 2266 addidisse,
423 2191 472 2266 ut,
505 2186 590 2251 sicut
619 2187 844 2273 religiosorum
874 2195 971 2254 aucta
1003 2196 1053 2253 est
1084 2187 1273 2268 multitudo,
1308 2188 1354 2250 ite
1384 2193 1417 2251 et
1449 2186 1615 2272 religionis
1650 2189 1834 2250 crescerent

207 2287 364 2352 instituta.
408 2287 549 2353 Primam
574 2312 650 2355 vero
678 2298 803 2377 partem
832 2293 966 2356 canonis
1001 2291 1160 2378 praedicti
1190 2312 1233 2356 ex
1256 2312 1294 2356 eo
1317 2291 1372 2356 vel
1394 2291 1536 2355 maximo
1565 2290 1731 2375 antiquam
1759 2308 1834 2353 esse

208 2391 444 2476 cognoscimus,
467 2394 543 2478 quie
558 2395 591 2458 in
608 2404 665 2459 ea·
689 2395 767 2459 ordo
783 2396 1005 2481 apostolorum
1029 2416 1093 2459 non
1109 2397 1155 2460 ita
1179 2401 1231 2460 est
1246 2395 1384 2480 positus,
1407 2394 1490 2458 sieut
1506 2395 1539 2458 in
1557 2392 1834 2458 emendatioribus

209 2495 393 2580 evangeliis
421 2495 604 2573 invenitur;
635 2498 720 2582 quod
748 2497 822 2562 ideo
846 2498 986 2562 fortarse
1011 2498 1137 2576 evenit,
1167 2499 1242 2583 quia
1264 2518 1340 2584 pars
1364 2497 1420 2561 illa
1442 2498 1531 2582 prius
1562 2496 1744 2581 composita
1773 2501 1834 2576 est,

154 2613 180 2654 vv
208 2617 305 2682 quarn
330 2600 504 2684 evangelia
526 2600 568 2665 ad
593 2622 665 2666 eam
681 2601 888 2680 veritatemv,
912 2621 995 2686 quae
1020 2621 1106 2665 nunc
1130 2600 1287 2665 habetur⁰
1311 2600 1397 2686 apud
1414 2601 1560 2678 Latinos,
1585 2599 1834 2684 corrigerentur.

206 2700 245 2765 In
268 2702 429 2787 prioribus
459 2705 544 2768 enim
568 2703 781 2782 editionibus,
810 2709 846 2766 ut
877 2703 1090 2768 Hieronimus
1120 2705 1216 2768 testis
1244 2710 1308 2784 est,
1337 2725 1400 2769 non
1430 2706 1535 2769 solum
1559 2702 1833 2786 evangelistarum

207 2805 373 2870 mutatus<¹
389 2807 479 2890 ordo,
495 2807 552 2872 sed
570 2809 668 2872 etiam
684 2807 857 2872 verborum
876 2815 910 2872 et
925 2809 1159 2873 sententiarum
1177 2813 1247 2873 eret
1264 2808 1398 2873 confusa
1415 2807 1613 2872 commixtio.
1645 2805 1835 2871 Alexander

208 2902 400 2995 septimusl1
432 2921 535 2998 papa⁰
563 2911 596 2975 in
624 2931 759 2976 numero
788 2901 967 2976 ιιιιίιοιιίι52
996 2911 1185 2997 passionem
1207 2909 1341 2975 Domini
1369 2911 1402 2974 in
1431 2908 1692 2996 praedicationef
1724 2929 1832 2972 sacer-

207 3014 329 3092 dotum,
360 3014 489 3098 quando
512 3015 634 3080 missae
658 3013 888 3079 celebrantur’
934 3012 1027 3086 Quod
1052 3036 1124 3078 cum
1147 3016 1193 3078 ita
1217 3014 1256 3078 de
1281 3036 1320 3079 eo
1355 3015 1386 3078 in
1410 3013 1649 3099 pontificalibus
1678 3013 1832 3098 scriptum

154 3136 179 3176 rs
206 3117 262 3197 sit,
294 3117 426 3182 dubium
459 3118 603 3198 videtur,
636 3124 742 3182 utrum
774 3117 829 3182 ille
860 3139 932 3182 eam
960 3124 1087 3182 tantum
1116 3125 1243 3205 partem
1273 3117 1428 3196 actionis,
1463 3137 1527 3202 qua
1557 3118 1668 3202 passio
1701 3115 1833 3181 Domini

206 3229 493 3303 commemoratur,
524 3223 722 3288 ordinaverit
744 3222 797 3286 vel
820 3227 919 3286 totam
947 3243 967 3287 a
998 3224 1103 3308 capite
1133 3243 1236 3307 usque
1267 3220 1306 3286 ed
1332 3222 1459 3307 ipsumg
1487 3221 1603 3284 locum.
1649 3220 1715 3284 Sed
1738 3217 1834 3283 huic¹²

206 3325 367 3391 secundae
397 3328 617 3392 aestimationi
641 3326 769 3391 videtur
791 3326 1003 3404 eontrarium,
1036 3324 1122 3411 quod
1147 3326 1178 3389 in
1204 3345 1243 3390 ea
1266 3331 1360 3410 perte
1384 3325 1487 3388 sancti
1516 3323 1734 3401 nominantur,
1765 3321 1835 3407 quii

208 3434 241 3493 et
263 3436 338 3493 ante
362 3431 452 3495 illum
485 3433 595 3516 etqui
618 3429 819 3517 postilliusss
848 3427 1017 3513 tempora*
1047 3429 1143 3514 longe
1173 3429 1320 3507 inerunt,
1355 3429 1419 3492 nisi
1447 3427 1594 3492 dicemus
1623 3425 1665 3490 ab
1695 3425 1751 3490 illo
1779 3445 1834 3490 eos

210 3537 347 3614 tantum,
370 3535 424 3620 qui
449 3542 525 3599 ants
549 3535 639 3598 illum
663 3533 795 3598 luerunt
811 3539 1093 3611 commemoratos,
1118 3538 1299 3597 ceterorum
1324 3551 1402 3595 vero
1425 3531 1557 3595 nomina
1581 3531 1648 3594 suis
1672 3527 1835 3615 quaeque¹

154 3651 180 3692 ³⁰
207 3637 408 3723 temporibus
432 3638 473 3702 ab
497 3639 569 3703 aliis
586 3637 834 3723 superinmissa;
857 3635 944 3700 unde
969 3641 1002 3700 et
1026 3636 1129 3722 ipsius
1154 3655 1272 3700 nomen
1289 3632 1473 3700 Alexandri
1497 3635 1529 3698 in
1553 3634 1704 3718 sequenti
1722 3631 1834 3696 ordine

208 3741 400 3827 repperitur.
440 3733 654 3826 (ὶιιιςοιίιιι53
670 3761 756 3820 vero,
781 3739 821 3805 de
838 3761 901 3825 quo
924 3741 1100 3825 superiusm
1124 3740 1254 3824 saepius
1278 3739 1415 3804 lecimus
1430 3738 1641 3816 mentionem,
1665 3741 1833 3821 ‘augmen-

207 3834 323 3907 tavit⁵⁴
346 3845 378 3908 in
394 3844 657 3931 praedicatione¹¹
680 3845 814 3908 canonis
832 3843 1001 3928 “Diesque
1024 3849 1153 3908 nostros
1177 3843 1210 3906 in
1227 3849 1283 3905 tua
1305 3862 1386 3927 pace
1403 3838 1607 3926 disponas”’;
1631 3839 1687 3904 ubi
1703 3838 1833 3924 quidam

207 3947 320 4011 volunt
342 3948 488 4034 intellegi
510 3954 633 4012 ιοιιιιιιο
663 3947 703 4012 sb
727 3965 767 4011 eo
790 3946 859 4010 loco
883 3947 1016 4010 canonis
1041 3944 1328 4029 consequentiam
1357 3964 1461 4028 usque
1485 3944 1517 4006 in
1541 3943 1639 4007 linem
1662 3963 1720 4028 per
1743 3942 1833 4005 illum

207 4050 309 4116 luisse
348 4053 590 4137 compositurus,
627 4051 680 4114 eui
714 4050 845 4115 sensui‘¹
884 4069 1068 4134 repugnare
1109 4048 1250 4128 videtur,
1290 4046 1377 4132 quod
1411 4047 1519 4132 passio
1553 4045 1702 4124 Domini,
1737 4064 1833 4129 quem

154 4166 178 4206 ³⁵
206 4153 397 4220 Alexander
428 4154 535 4220 eidem
564 4151 816 4241 praedieationi¹
845 4152 997 4233 inseruit,
1028 4158 1103 4237 post
1130 4151 1188 4216 hos
1221 4171 1336 4214 versus
1367 4149 1516 4215 hahetur.
1561 4148 1657 4213 Unde
1688 4148 1833 4213 nonnulli

206 4257 343 4322 eredunt
365 4279 428 4324 non
452 4259 593 4344 amplius
610 4257 816 4342 Gregorium,
841 4276 938 4341 quam
954 4255 1026 4320 illas
1050 4261 1117 4320 tres
1134 4253 1320 4340 petitiones,
1344 4252 1446 4317 idest
1467 4273 1624 4338 propace
1649 4259 1833 4337 temporum

206 4367 239 4425 et
262 4362 431 4446 ereptione
455 4362 496 4426 ab
521 4362 663 4426 aeternis
687 4359 855 4446 suppliciis
878 4365 912 4422 et
928 4358 1092 4424 consortio
1117 4363 1303 4421 sanctorum
1319 4355 1508 4443 optinendo,
1533 4355 1694 4442 prioribus
1719 4375 1832 4440 super-

205 4463 366 4530 addidisse
401 4467 539 4530 statutis.
592 4465 660 4530 Leo
689 4483 818 4550 quoque
849 4455 1019 4528 ΧΙΝΙ)55
1048 4462 1119 4525 loco
1151 4459 1237 4547 apud
1272 4461 1439 4525 Romanos
1474 4460 1695 4546 pontificatum
1732 4479 1834 4543 agens

205 4561 431 4649 ιοοιιιιὶῐιιὶιῧὸ,
455 4575 490 4634 ut
512 4571 597 4634 intra
619 4569 782 4633 actionem
798 4567 949 4632 sacrificii
972 4567 1150 4630 diceretur:
1174 4564 1356 4630 “Sanctum
1382 4560 1609 4643 sacrificium’',
1634 4569 1666 4628 et
1688 4559 1834 4647 reliqua.'

152 4689 179 4731 so
209 4671 261 4737 De
285 4672 346 4737 hoc
376 4673 473 4738 etiam
498 4672 608 4757 quaeri
631 4678 755 4757 potest,
785 4671 910 4735 utrum‘
939 4668 978 4734 ab
1003 4690 1041 4733 eo
1073 4669 1145 4735 loco
1169 4689 1253 4755 quae
1286 4675 1468 4753 sequuntur
1500 4666 1662 4732 addiderit
1684 4667 1736 4732 vel
1764 4667 1835 4751 ipse

209 4781 334 4840 tanturn
360 4776 475 4855 verba,
499 4775 531 4838 id
562 4782 628 4839 est:
653 4773 820 4838 ‘Sanctum
853 4773 1059 4850 sacrificium,
1091 4771 1331 4836 immaculatam
1364 4769 1526 4850 hostiam',
1563 4791 1601 4834 eo
1632 4774 1701 4836 loeo
1735 4771 1832 4834 inter·

308 4935 344 4996 ιιι)
363 4936 512 4987 caelestium
532 4973 537 4986 .
554 4973 560 4984 .
576 4972 582 4986 .
601 4935 701 4987 admitti
725 4949 773 4985 om,
786 4931 809 4983 l.
906 4933 933 4996 n)
957 4951 1024 4984 corr.
1044 4949 1122 4998 quam
1146 4933 1227 4984 eciam
1246 4931 1275 4990 5;
1300 4948 1379 4997 quam
1403 4946 1505 4997 quoque
1522 4928 1547 4981 3.
1645 4930 1671 4992 ο)
1689 4937 1792 4981 auctam
1811 4927 1836 4992 3,

205 5021 345 5088 Kadpfler.
416 5021 445 5089 p)
464 5021 607 5088 specialiter
619 5020 681 5071 add.
695 5017 884 5082 hertinium
896 5018 919 5069 5.
991 5017 1018 5083 q)
1032 5035 1080 5068 om.
1094 5015 1118 5068 4.
1130 5015 1157 5068 5.
1229 5017 1251 5081 r)
1265 5019 1324 5068 ΧΠ.
1333 5017 1465 5084 proemia.
1479 5017 1502 5070 7.
1573 5015 1596 5080 s)
1609 5016 1723 5082 mysterii
1736 5014 1797 5066 add.
1810 5012 1835 5066 6.

205 5105 226 5174 t)
244 5108 399 5173 compositas
412 5105 440 5167 v;
458 5107 605 5174 compositis
622 5103 647 5157 8.
718 5103 746 5172 ιι)
766 5109 822 5169 post
839 5100 868 5166 4;
887 5109 944 5170 post
964 5104 1066 5154 tertium
1085 5103 1109 5155 5.
1180 5101 1208 5166 v)
1227 5104 1305 5154 etiam
1322 5101 1345 5154 7.
1415 5105 1449 5162 vr)
1468 5119 1571 5170 quoque
1589 5101 1613 5154 6.
1684 5099 1712 5164 ιι)
1732 5116 1792 5151 vero
1810 5097 1834 5150 6.

151 5217 177 5256 45
204 5191 232 5261 y)
251 5201 277 5245 et
299 5192 396 5245 odd‘l.
502 5192 526 5258 z)
545 5209 670 5258 mperrcr.
690 5207 759 5242 mon.
778 5189 824 5240 olt.
842 5188 866 5240 4.
972 5193 998 5254 ιι)
1022 5207 1052 5242 eo
1070 5188 1093 5240 3.
1113 5188 1136 5241 3.
1238 5189 1266 5254 h)
1285 5190 1407 5241 virtutem
1431 5187 1518 5241 3-5.
1619 5185 1643 5252 ιι)
1667 5187 1793 5238 habentur
1811 5183 1836 5236 I.

204 5280 232 5342 d)
251 5277 405 5343 estadd.‹l;
425 5277 576 5332 mutaturi.
646 5278 670 5341 e)
689 5279 715 5328 in
733 5293 840 5329 numero
858 5274 961 5344 psps2.
1030 5275 1056 5342 l)
1075 5277 1220 5343 precatione
1238 5274 1262 5327 3.
1279 5275 1303 5328 'l.
1316 5274 1341 5328 8.
1416 5274 1445 5344 g)
1463 5276 1537 5328 illum
1555 5273 1579 5325 4.
1592 5273 1617 5326 b.
1687 5271 1716 5340 h)
1734 5273 1794 5324 hino
1811 5270 1836 5324 8.

203 5368 223 5432 i)
240 5368 302 5434 quis
320 5365 350 5430 ὃς
368 5375 395 5418 at
411 5385 459 5420 om.
476 5363 501 5417 4.
520 5366 546 5418 ὁ.
629 5363 657 5429 lv)
677 5373 789 5432 tempore
807 5363 836 5428 2;
855 5365 935 5432 longa
952 5363 975 5416 4.
996 5362 1021 5415 5.
1100 5360 1121 5429 1)
1140 5369 1218 5429 atque
1236 5363 1297 5415 aliis
1314 5363 1342 5412 in
1360 5379 1414 5413 rar.
1432 5379 1503 5412 mon.
1522 5361 1567 5412 alt.
1586 5359 1611 5412 b.
1693 5359 1730 5424 m)
1749 5377 1797 5411 orn.
1809 5357 1835 5411 8.

204 5451 234 5518 ιι)
253 5455 400 5522 precatione
412 5451 436 5505 3.
451 5451 475 5503 7.
554 5453 579 5514 o)
598 5459 651 5503 tam
666 5451 693 5515 1;
711 5449 856 5504 aam3-5.
928 5449 955 5518 p)
974 5449 1371 5517 consequentia...eomposits
1389 5447 1414 5500 b.
1492 5447 1520 5513 q)
1539 5464 1617 5500 sensu
1635 5446 1661 5499 2.
1739 5447 1761 5512 r)
1780 5463 1836 5513 pre·

203 5541 300 5592 cationi
317 5539 343 5593 3.
362 5539 386 5592 6.
408 5538 432 5595 l.
520 5539 544 5606 s)
562 5539 666 5591 XLVII.
685 5537 710 5590 3.
729 5537 753 5590 6.
772 5535 796 5588 7.
883 5536 905 5604 t)
924 5545 954 5588 ut
971 5545 1059 5588 utrum
1078 5533 1101 5587 4.
1120 5534 1146 5588 h.

150 5699 177 5739 so
307 5677 351 5743 51)
370 5673 480 5730 Raetias
497 5677 594 5728 amas.
688 5667 1173 5740 52)Lib.pontifi1,p.127,§i.
1266 5669 1310 5734 53)
1332 5667 1477 5736 Gregorius
1495 5668 1622 5736 Mamm.
1713 5667 1758 5734 54)
1777 5663 1836 5720 Lu.

210 5775 573 5862 pontis.1‚p.312‚§113.
660 5775 705 5850 55)
723 5773 817 5828 Potius
836 5769 929 5828 XLV.
1016 5771 1062 5838 56)
1078 5769 1139 5824 Lao.
1153 5769 1498 5840 pomifihphbmtib.
