4568 6434
357 451 624 508 ADDITAMEN'PA
646 453 693 507 AD
710 455 956 510 onplruonma
977 454 1106 510 nebunt
1125 455 1308 511 auantiae
1329 457 1558 515 ort-leuraam.
1578 490 1610 498 -
1629 459 1679 514 Νι.
1691 461 1750 514 25⁴2.
1805 464 1867 525 245

242 633 294 692 est
327 626 368 691 de
405 626 533 691 tribuass
568 627 653 692 una¹¹
691 629 748 694 re¹³
782 637 906 711 utatur,
948 629 1025 694 noni
1079 630 1267 696 redimendi.
1313 631 1508 717 Completom
1528 634 1863 699 annioirouloeoele-
1884 649 1944 703 895.

242 730 393 794 omnibus
416 741 577 798 vescatur.
628 733 829 819 Postquam*
852 738 962 798 autem
985 733 1025 798 de
1081 736 1162 799 siam
1186 736 1318 799 intrate.

241 837 357 900 itinere
389 833 537 899 domum¹
570 845 753 901 revertatur
782 847 839 903 aut
869 837 909 902 de
938 837 1026 902 infir-

241 942 353 1004 mitate
390 939 585 1016 tibereum,
624 940 808 1026 praedictas
848 941 945 1006 ferias
985 962 1048 1005 non
1084 941 1240 1020 redimat,
1283 942 1341 1008 sed
1376 951 1523 1009 statuto¹²
1557 943 1653 1008 modo
1689 946 1867 1030 poeniteat.

212 1043 433 1131 ⁵Oompleto⁰
457 1064 534 1107 vero
557 1044 679 1108 uniusa
702 1045 912 1131 eiusdemque
943 1047 1019 1109 anni
1049 1045 1228 1110 enrriculo⁰
1260 1047 1326 1110 itai
1355 1049 1534 1133 castigatus
1558 1049 1619 1112 rite
1644 1054 1677 1112 et
1701 1048 1866 1112 ordinabi-

242 1148 315 1212 liter
337 1167 427 1212 more
452 1147 686 1232 poenitentium
711 1148 954 1213 introducatura
975 1150 1027 1212 in‘
1050 1149 1235 1216 ecelesiam.

351 1267 521 1353 Caprea.
573 1268 831 1334 Paenitentia
860 1270 1028 1335 seeundi
1420 1271 1529 1356 (bia.)

242 1380 281 1438 et
303 1372 412 1438 tertii
435 1371 534 1436 anni.
591 1372 775 1438 Secundum
806 1395 882 1438 vero
906 1383 940 1438 et
964 1382 1026 1438 ter·
1126 1373 1184 1438 in·
1219 1375 1360 1439 seeundo
1401 1383 1433 1440 et
1466 1376 1563 1440 tertio
1599 1397 1684 1440 anno
1719 1377 1869 1442 similiter

242 1477 321 1541 tium
351 1497 471 1541 annum
499 1477 595 1542 simili
628 1476 723 1542 modo
753 1478 939 1562 poeniteatb
970 1500 1025 1542 ex·
1081 1479 1217 1555 ieiunet,
1249 1480 1312 1542 nisi
1335 1477 1421 1564 quod
1445 1479 1596 1544 tertiamb
1619 1480 1750 1558 feriam,
1774 1480 1867 1565 quin-

199 1604 225 1643 ιο
243 1587 350 1667 cepto,
367 1578 454 1665 quod
466 1580 651 1666 praedictas
666 1589 732 1644 tres
749 1581 848 1644 ferias
866 1581 1026 1646 redimere
1080 1593 1146 1645 tam
1170 1582 1225 1646 etb
1240 1582 1413 1646 sabbatum
1431 1589 1626 1669 potestatem
1643 1583 1764 1648 habeat
1781 1584 1866 1648 redi-

240 1684 459 1762 ius⁰habeat,
482 1685 667 1768 ubieunque
694 1691 754 1756 est,
779 1685 846 1748 sive
869 1684 1023 1760 indomo‚
1078 1685 1215 1764 mandi⁰,
1254 1685 1437 1770 ubieunque
1475 1693 1533 1751 est.
1601 1685 1720 1751 Cetera
1759 1687 1867 1750 onmia

241 1789 310 1854 sive
333 1788 367 1851 in
389 1787 516 1852 itinere.
569 1785 709 1853 Caetera
732 1786 810 1874 per‘¹
834 1787 942 1852 omnia
965 1787 1022 1850 ob·
1078 1786 1270 1873 diligenter‘¹
1295 1789 1456 1868 observet,
1480 1797 1516 1854 ut
1538 1789 1592 1853 in⁰
1616 1790 1718 1874 primo
1742 1811 1837 1858 anno.

242 1895 361 1973 servat,
385 1897 420 1956 ut
444 1892 476 1954 in
499 1892 602 1977 primo
627 1912 711 1956 euno
735 1892 905 1956 faciebat⁶.

328 2011 431 2098 Cap*
453 2013 504 2076 58.
549 2011 813 2078 Poenitentia
833 2012 891 2077 IV.
911 2012 950 2075 V.
968 2012 1025 2077 VI.
1419 2015 1527 2100 (oea.)

199 2141 224 2180 ιι
243 2123 282 2184 et
301 2115 378 2181 VII.
409 2118 511 2182 anni.
573 2115 731 2190 Quartum
764 2116 871 2180 enirnb
906 2137 1024 2181 annum
1122 2112 1305 2187 Quattuor·
1334 2117 1432 2182 verob
1462 2120 1538 2183 anni
1567 2118 1706 2184 deinda⁰
1731 2125 1868 2196 restant,

241 2228 293 2286 et⁰
323 2223 488 2307 quintum,
523 2230 652 2285 sextum
688 2228 720 2285 et
755 2221 927 2304 septimum
964 2220 1026 2283 isto
1078 2241 1138 2303 per
1166 2240 1248 2304 quos
1279 2223 1425 2306 singulos
1454 2223 1579 2286 ieiunet
1601 2222 1654 2287 III
1684 2221 1865 2307 quadrage-

240 2324 357 2390 modo*
380 2326 544 2389 observet.
593 2324 863 2414 Ieiunetantem⁰
885 2323 936 2387 his
960 2323 1024 2386 sin·
1080 2324 1191 2388 simas:
1231 2345 1328 2389 unam
1367 2333 1443 2390 ante
1480 2325 1603 2412 paseha
1638 2347 1711 2389 aum
1747 2326 1868 2390 oeteris

242 2430 326 2514 gulis
363 2436 450 2494 trese
487 2428 767 2514 quadragesimas:
812 2449 908 2492 unam
948 2433 1023 2490 ante
1077 2426 1262 2491 christianis
1283 2428 1477 2494 abstinendo
1502 2429 1668 2509 devino⁶‚
1692 2427 1864 2502 medoned,

241 2533 364 2618 paseha
388 2532 539 2597 Domini⁰
562 2555 581 2596 a
605 2555 701 2596 caseo
725 2541 758 2596 et
777 2532 951 2618 pinguibus
976 2531 1021 2615 pi·
1076 2531 1201 2595 mellita
1234 2532 1391 2610 eervisa⁶‚
1425 2531 1537 2597 easeo¹
1563 2541 1597 2598 et
1627 2532 1667 2597 de
1697 2532 1867 2618 piscibuss

198 2657 223 2696 ro
242 2635 377 2716 soibus¹,
402 2638 511 2701 avioo
535 2646 568 2700 at
585 2636 721 2700 medone
745 2657 783 2698 ao
808 2635 931 2699 mellita
954 2655 1024 2698 oer-
1078 2634 1265 2720 pinguibus;
1282 2636 1441 2700 alteramb
1454 2644 1529 2700 unte
1543 2638 1745 2701 nativitatem
1762 2636 1866 2699 saneti

240 2742 357 2814 viaia⁸;
387 2740 545 2806 alteramh
572 2750 648 2804 ante
683 2741 885 2802 nativitatem
919 2738 1023 2802 saneti
1077 2736 1230 2802 Iohannis
1260 2739 1440 2824 baptistae,
1473 2741 1499 2803 si
1540 2740 1661 2825 aliquid
1701 2745 1868 2805 remaneat

241 2845 396 2910 Iohannis
426 2843 614 2930 baptistae¹³
649 2845 677 2907 si
708 2864 783 2907 vero
819 2842 937 2906 desunt
963 2840 1024 2904 XL
1079 2841 1118 2907 de
1135 2841 1195 2906 XL
1212 2842 1338 2922 diebus,
1356 2851 1430 2928 post
1442 2845 1576 2907 missam
1592 2845 1695 2908 saneti
1710 2842 1865 2908 Iohannis

241 2948 310 3012 dies
340 2956 416 3013 ente
444 2946 682 3027 nativitatem,
718 2948 904 3033 inpleantur
931 2951 1025 3030 post⁰
1077 2946 1226 3030 irnpiaat;
1259 2947 1408 3010 tertiamh
1440 2954 1515 3012 ente
1549 2947 1704 3012 natalemi
1733 2946 1866 3010 Domini

242 3052 477 3125 nativitatem⁰;
492 3049 640 3116 tertiamd
653 3049 935 3136 quadragesimam
949 3056 1025 3112 ante
1078 3049 1209 3128 ieiunet,
1233 3048 1287 3112 id¹¹
1310 3059 1360 3114 est
1376 3070 1395 3111 a
1411 3071 1508 3114 earne
1531 3049 1587 3115 et‘l
1611 3052 1729 3116 ceteris
1746 3048 1870 3125 rebus¹,

199 3177 224 3218 ae
243 3157 444 3221 nativitatem
469 3154 602 3219 Domini
626 3154 824 3218 Salvatoris⁰
847 3154 970 3217 ieiunet
992 3160 1025 3216 et
1079 3152 1183 3216 sioutk
1210 3174 1308 3240 supra
1336 3154 1456 3217 dietum
1486 3162 1546 3218 est.
1592 3155 1634 3219 ut
1663 3156 1695 3219 in
1719 3161 1871 3240 quattuor

241 3260 407 3324 abstineat
441 3280 477 3323 se
513 3280 532 3322 a
574 3279 670 3322 earne
706 3264 740 3322 et
776 3259 893 3321 ueteris
927 3256 1024 3320 rebus
1079 3257 1173 3321 annis
1202 3257 1397 3342 supradietis
1430 3258 1544 3338 tertia,
1581 3259 1693 3344 quinta
1726 3259 1809 3324 feria
1838 3265 1871 3322 et

240 3364 430 3451 praedietis.
476 3361 519 3425 m
535 3363 566 3424 in
584 3361 634 3424 his
658 3361 704 3424 IV
723 3361 816 3425 annis
833 3361 930 3426 tertia
945 3362 1026 3425 feria
1079 3362 1216 3426 sabbato
1244 3366 1369 3436 utatur,
1405 3362 1651 3447 quodeunquem
1683 3361 1801 3438 libeat,
1838 3369 1871 3426 et

242 3476 275 3532 et
303 3468 415 3553 quinta
443 3471 477 3530 et
507 3465 644 3530 sabbato
672 3465 846 3529 manducet
869 3474 901 3529 et
924 3464 1025 3544 bibat,
1081 3464 1277 3530 secundamn
1301 3471 1333 3528 et
1356 3474 1504 3550 quartam
1527 3465 1644 3529 feriam
1669 3465 1868 3529 redimendi⁰

242 3572 458 3657 quodeunque
497 3568 625 3648 libeat¹‚
659 3575 692 3633 et
726 3567 901 3634 secundam
931 3577 1028 3653 atque
1082 3575 1278 3655 potestatem
1322 3568 1462 3633 habeat⁰
1507 3569 1612 3654 pretio
1649 3570 1736 3633 ieme
1774 3569 1868 3634 dioto.

199 3703 225 3742 so
243 3673 408 3761 quartam¹
435 3674 552 3738 feriam
581 3671 715 3736 denario
749 3679 804 3736 aut
834 3672 1029 3758 praedictom
1084 3673 1241 3738 sextans
1263 3672 1396 3736 Ιειιὶιιιιι1
1420 3677 1531 3737 caute·
1561 3672 1728 3737 observett
1757 3679 1789 3736 et
1812 3693 1868 3737 ne·

343 3849 384 3902 bb.
420 3849 449 3914 b)
467 3866 520 3900 uno
537 3865 625 3900 aarum
644 3849 679 3900 id.
749 3849 768 3910 i)
787 3847 864 3898 simul
881 3847 944 3898 odd.
962 3848 997 3898 id
1068 3847 1096 3908 k)
1115 3848 1276 3899 ernolfus.
1306 3848 1444 3898 Paenitens
1457 3847 1533 3913 primi
1550 3848 1612 3898 anni
1631 3855 1769 3913 postquam
1786 3848 1818 3898 da
1835 3847 1870 3898 id.

241 3937 261 4000 l)
279 3936 357 4002 longo
374 3936 478 3988 redierit
493 3935 528 3988 id.
617 3935 654 3996 ιιι)
672 3935 836 3996 convalescit,
862 3934 969 3985 indictas
987 3935 1037 3985 sibi
1054 3935 1131 3986 serias
1148 3934 1183 3984 id.
1274 3933 1302 3998 ιι)
1320 3950 1389 3984 more
1408 3934 1482 3984 solito
1501 3933 1537 3983 id.
1622 3935 1648 3994 ο)
1669 3933 1800 4000 completo

241 4025 369 4075 curriculo
387 4041 435 4075 orn.
454 4022 478 4074 4.
548 4019 575 4089 p)
593 4022 673 4088 primo
691 4022 862 4088 paenitentiae
879 4037 948 4072 anno
965 4021 1001 4072 ita
1019 4019 1123 4070 Moneo.
1193 4019 1221 4085 q)
1241 4021 1416 4071 introducetur
1435 4021 1567 4086 paenitens
1585 4019 1619 4070 id
1693 4019 1715 4082 r)
1734 4037 1783 4070 orn.
1803 4017 1828 4071 3.
1846 4018 1871 4070 4.

345 4109 407 4162 tta.
445 4109 480 4172 m)
503 4109 574 4172 Quae
591 4117 732 4176 nequeuntes·
748 4108 776 4158 iu
795 4107 856 4172 Bep.
874 4115 898 4158 et
917 4107 1019 4168 salisb,
1038 4123 1194 4172 quamquem
1217 4107 1261 4158 ad.
1280 4125 1299 4158 e.
1312 4105 1355 4157 56.
1373 4107 1413 4157 vel
1430 4123 1451 4156 e.
1464 4105 1527 4158 ota.
1542 4107 1680 4170 pertinent,
1700 4123 1757 4156 oum
1775 4123 1794 4156 e.
1808 4103 1872 4156 ota.

200 4212 225 4252 eo
243 4197 379 4248 eoniurteto
396 4205 456 4247 aaut
467 4195 615 4262 mambra
631 4195 749 4245 rubricae
767 4193 835 4258 Quid
853 4195 880 4243 in
897 4192 954 4244 aliis
970 4194 1072 4244 duabus
1090 4195 1164 4244 annis
1182 4194 1275 4244 debeat
1295 4194 1451 4244 observare?
1538 4195 1567 4250 n)
1587 4193 1744 4259 ingrediatur
1762 4200 1787 4244 et
1805 4193 1874 4260 panis

242 4285 358 4336 osculum
376 4283 530 4335 concedatur
546 4281 605 4342 iid.,·
624 4282 650 4332 in
668 4280 802 4332 eeclesiam
821 4281 998 4332 introducatur
1015 4289 1041 4332 et
1058 4282 1130 4348 pacis
1148 4282 1227 4333 oseul.
1247 4281 1269 4332 ai
1289 4282 1392 4332 aonam.
1411 4280 1509 4332 Burct.

345 4368 385 4422 57.
421 4369 447 4434 a)
467 4369 589 4421 Aruoisus
613 4368 683 4419 mor.
708 4368 736 4418 in
759 4365 862 4419 Monac.
889 4365 981 4420 14828.
1078 4367 1106 4432 b)
1124 4369 1258 4435 paenitens
1281 4369 1356 4419 debet
1380 4368 1510 4434 paenitere
1527 4367 1562 4418 id.
1661 4368 1686 4430 o)
1705 4369 1729 4420 ei
1746 4369 1822 4420 lineat
1837 4367 1873 4417 id.

242 4455 268 4522 d)
287 4456 394 4508 veroid.
482 4454 508 4519 e)
527 4471 576 4506 om.
594 4454 630 4504 id.

344 4540 409 4603 ota)
447 4541 501 4609 tyr.
525 4541 587 4592 Tot.
601 4540 660 4603 ΙΙΙ,
676 4539 772 4593 πν.54.
785 4539 827 4592 55.
868 4539 894 4604 a)
912 4541 979 4605 Quid
1002 4542 1029 4591 in
1052 4541 1164 4592 meando
1189 4547 1215 4591 at
1234 4540 1313 4591 toreio
1337 4557 1404 4592 anno
1427 4541 1563 4592 observare
1585 4528 1693 4591 debeat.¹
1728 4540 1766 4590 Ex
1784 4539 1872 4590 eodem

200 4643 226 4682 to
243 4645 296 4696 oap.
312 4629 355 4679 VI.
373 4629 444 4678 rubr.
463 4637 511 4692 ap:
524 4627 635 4691 Barata
653 4629 702 4694 esr.
720 4645 740 4678 e.
754 4624 818 4692 56⁰,
836 4635 888 4678 not
902 4645 934 4677 ιιι.
1013 4625 1138 4692 b)rartia,
1157 4627 1249 4692 quinta
1262 4626 1363 4690 etCol„
1385 4625 1480 4693 Garis„
1504 4625 1608 4678 Vindob.
1685 4627 1710 4690 c)
1725 4633 1875 4692 praetaxato

243 4717 327 4782 pretio
345 4715 407 4766 add.
426 4713 523 4764 Bur-eir.
611 4714 637 4774 d)
656 4729 704 4764 orn.
726 4711 823 4780 Guelf„
841 4713 947 4764 Wndob.
1035 4712 1059 4780 e)
1078 4731 1126 4765 orn.
1144 4714 1189 4764 iid.
1208 4723 1231 4765 et
1250 4715 1303 4764 Cot.

345 4799 387 4853 58.
422 4801 447 4863 a)
467 4801 587 4852 Eiusdem
602 4801 673 4851 rubr.
693 4801 720 4851 ia
732 4799 837 4851 Merrae.
852 4797 944 4852 14628.
1032 4800 1060 4864 b)
1079 4817 1139 4852 vero
1156 4801 1329 4868 paenitentiae
1347 4799 1382 4851 id.
1469 4800 1493 4862 e)
1513 4817 1561 4851 om.
1580 4801 1615 4852 id.
1695 4802 1722 4862 d)
1741 4801 1875 4868 paenitens

243 4889 305 4940 odd.
324 4889 358 4939 id.
451 4886 477 4952 a)
495 4889 598 4953 quidem
620 4895 672 4940 tres
690 4889 724 4939 id.
822 4889 843 4950 f)
862 4906 877 4939 a
895 4903 973 4938 earne
991 4887 1053 4939 odd.
1071 4887 1106 4938 id
1201 4888 1229 4952 g)
1249 4888 1347 4939 oervisa
1364 4886 1456 4948 2-4‚
1483 4886 1596 4949 Mortua,
1619 4887 1663 4952 qui
1685 4885 1747 4937 odd.
1765 4887 1799 4938 ab
1817 4903 1874 4951 ovo,

241 4972 269 5038 h)
290 4975 451 5026 arnolfus.
488 4975 601 5026 Alteram
619 4975 842 5041 quadragesimam
859 4981 919 5026 ants
939 4973 1041 5024 Monoe-
1131 4973 1149 5038 i)
1167 4975 1284 5026 similiter
1301 4974 1432 5041 paenitens
1451 4975 1546 5026 ieiunet
1570 4973 1632 5024 add.
1647 4973 1684 5024 id.
1770 4973 1798 5030 Ιι)
1820 4973 1876 5024 eiua

200 5085 226 5123 45
244 5067 332 5127 postea
345 5060 405 5111 add.
419 5060 454 5111 id.
527 5061 548 5122 1)
561 5061 783 5125 νο)ἰῐ,εοοιιιι(1ιιιιι
795 5069 882 5113 autern
895 5069 921 5112 st
934 5067 1052 5126 quartam
1071 5059 1106 5110 id.
1182 5059 1218 5124 ιιι)
1233 5061 1316 5127 precio
1329 5061 1385 5112 eius
1397 5062 1438 5112 ius
1451 5061 1544 5112 habeat
1556 5061 1689 5127 paenitens
1703 5060 1824 5110 redimere
1837 5059 1872 5109 id.

346 5144 409 5198 tta.
448 5147 501 5214 tyr.
527 5145 586 5198 Tae.
601 5145 659 5210 ΙΙΙ,
676 5165 716 5198 ar.
730 5145 772 5198 bd.
808 5148 876 5212 Quid
905 5149 931 5198 in
949 5147 1054 5213 reliquis
1072 5155 1183 5214 quatuor
1201 5148 1275 5198 annis
1293 5148 1386 5200 debeat
1397 5149 1535 5200 observare
1547 5148 1619 5197 rubr.
1637 5147 1664 5198 in
1679 5146 1748 5212 Rea,
1769 5145 1876 5206 satist„

243 5232 351 5296 Burei„
368 5235 411 5298 qui
423 5233 510 5285 addit:
528 5236 592 5285 item
611 5235 641 5285 da
661 5235 749 5285 eodem
768 5235 884 5302 oapVIi.
955 5232 983 5302 b)
997 5234 1101 5286 omiid.
1174 5233 1199 5298 o)
1218 5235 1261 5299 qui
1281 5235 1342 5286 odd.
1358 5235 1420 5299 001„
1439 5235 1536 5301 tineis„
1555 5233 1661 5284 Vindob.
1732 5233 1758 5294 d)
1778 5249 1794 5283 a
1812 5231 1876 5284 ami.

244 5319 340 5387 Garis„
361 5319 466 5371 Wndot.
564 5320 589 5385 a)
607 5321 717 5372 cervisia
737 5320 813 5386 ΒΨ
830 5337 845 5370 a
863 5336 942 5372 carna
959 5337 975 5370 a
993 5320 1054 5370 add.
1077 5319 1170 5386 Gratis„
1190 5318 1297 5370 Vindob.
1394 5321 1414 5383 Ι)
1438 5337 1516 5372 earne
1540 5329 1565 5370 et
1588 5319 1712 5386 sagimine
1734 5326 1760 5369 at
1778 5319 1833 5369 ovis
1851 5325 1877 5368 et

247 5407 389 5474 pinguibus
407 5407 520 5474 piscibus
538 5406 635 5460 Burei.
751 5407 780 5474 g)
797 5407 927 5458 abstineat
944 5406 1006 5459 odd.
1027 5407 1089 5470 eor,
1110 5407 1201 5474 Μ,
1222 5405 1329 5457 tenuat.
1418 5405 1552 5470 hiantem
1571 5406 1633 5456 add.
1655 5405 1750 5472 Garis„
1771 5403 1876 5454 Vindob.

200 5506 226 5544 to
244 5492 263 5557 i)
282 5493 439 5545 nativitatem
457 5493 502 5543 itu
573 5492 601 5558 Ιι)
618 5494 644 5544 id
727 5494 770 5544 sio.
791 5509 837 5544 om.
853 5491 923 5556 Rep,
942 5491 1157 5556 ,autumaret
1227 5490 1248 5557 1)
1266 5493 1320 5543 reb.
1339 5492 1383 5543 sie.
1398 5509 1446 5544 om.
1461 5492 1557 5558 Grecis„
1577 5491 1682 5542 Vindob.
1756 5488 1876 5557 miquid-

242 5581 303 5646 quid
321 5581 378 5632 vuit
390 5579 459 5646 Ray„
473 5579 577 5644 satan,
595 5579 692 5630 Burcb.
763 5579 791 5645 ιι)
810 5580 921 5630 secunda
939 5587 965 5630 at
982 5587 1074 5645 quarta
1086 5579 1151 5630 feria
1167 5578 1220 5630 001.
1290 5576 1316 5640 ο)
1330 5579 1452 5629 redimere
1465 5585 1549 5646 potest
1561 5578 1632 5644 Rea,
1653 5577 1759 5641 aaziae„
1778 5575 1876 5643 ouran,

244 5667 270 5732 p)
292 5683 371 5734 supra
393 5665 455 5717 odd.
480 5665 577 5716 Burrlr.
667 5667 694 5730 q)
718 5672 792 5716 sexta
815 5666 877 5716 soria
902 5664 955 5716 ool.
1047 5665 1069 5728 r)
1092 5683 1141 5716 orn.
1166 5665 1227 5731 Περ.
1321 5664 1345 5730 a)
1364 5666 1516 5716 omnimodis
1535 5665 1611 5730 Κεφ,
1632 5663 1740 5722 Same,
1765 5662 1877 5724 Burrio„-

243 5755 392 5805 oautissime
410 5754 509 5804 observ.
528 5771 585 5819 neq.
607 5754 704 5818 melfi,
723 5753 829 5804 Vindob.
926 5753 947 5814 t)
967 5753 993 5802 in
1011 5769 1076 5818 pane
1094 5761 1120 5804 et
1138 5769 1206 5819 aqua
1224 5752 1288 5803 odd.
1307 5751 1405 5803 Bur-ele.
