4634 6436
443 446 501 507 162
729 439 978 496 carrucarum
994 438 1122 496 ababuc
1140 408 1324 494 rhenatnu
1344 438 1572 494 onlurv‘rama
1590 469 1624 479 —
1642 439 1691 493 Nr.
1704 439 1764 494 243.

359 623 419 676 862.
437 615 531 680 vobis
563 615 647 680 bene
677 615 783 680 visum
811 614 936 693 fuerit¹,
969 614 1168 701 accipiamus
1196 612 1277 677 illud
1312 611 1534 678 communiter.
1586 612 1630 677 Et
1661 613 1689 677 si
1725 613 1840 677 melius
1874 613 1970 677 uobis
2000 634 2061 698 per

436 719 596 784 rationem
620 726 654 784 et
677 719 904 783 auctoritatem
926 717 1069 782 divinam
1094 723 1127 782 et
1143 717 1317 781 humanam
1340 723 1470 780 nostrae
1487 715 1658 780 salvationi
1682 724 1716 780 et
1732 715 1960 780 christianitati
1980 736 2058 780 oon-

436 827 607 906 grueutem
637 820 862 902 ostenderitis,
893 827 1035 906 paratus
1051 842 1121 886 sum
1144 819 1224 884 illud
1248 840 1320 884 cum
1345 819 1431 884 omui
1454 818 1627 884 devotione
1651 820 1800 905 accipere
1824 825 1858 884 et
1880 819 2058 900 vobiscum,

435 925 508 990 Deo
532 929 729 1011 cooperante
752 930 786 988 et
802 925 1034 989 communiumt
1049 923 1193 988 fidelium
1221 928 1403 987 nostrorum
1431 923 1565 986 consilio
1589 929 1623 987 et
1644 923 1766 987 auxilio
1794 921 2058 1003 adminiculante,

435 1027 652 1094 libentissime
676 1029 768 1114 sequi
790 1034 823 1093 et
845 1028 975 1113 exequi.
2089 1054 2102 1091 a

543 1134 573 1196 9.
605 1130 690 1204 Quia
712 1131 869 1217 scripturn
893 1136 945 1196 est
967 1130 1096 1196 dicente
1120 1131 1207 1196 bono
1231 1150 1318 1215 rege,
1343 1130 1397 1215 qui
1421 1135 1530 1194 tamen
1554 1128 1690 1214 deliquit
1712 1135 1747 1193 ut
1771 1129 1867 1194 horno
1890 1136 1925 1195 et
1944 1151 2058 1215 recog-

436 1236 527 1300 novit
550 1256 586 1300 se
609 1242 646 1300 ut
668 1234 764 1300 felix:
789 1227 889 1299 ιΕιι20
910 1236 1079 1300 voluntate
1103 1254 1176 1298 mea
1199 1233 1377 1299 confitebor
1399 1231 1468 1312 illi’,
1496 1233 1690 1318 profiteatur
1713 1233 1798 1298 idem
1823 1254 1926 1318 nepos
1949 1239 2061 1298 noster

437 1359 546 1403 coram
569 1338 663 1403 vobis
698 1343 731 1403 et
762 1359 872 1403 eoram
901 1338 1081 1424 episeopis,
1109 1338 1185 1422 quiu
1207 1336 1377 1402 vobiscum
1399 1336 1530 1415 fuerint,
1555 1345 1588 1401 et
1610 1334 1780 1402 remandet
1802 1336 1897 1401 nobis
1919 1357 1977 1421 per
2000 1357 2059 1401 vos

436 1449 470 1507 ct
492 1462 553 1528 per
574 1441 681 1517 illone,
705 1442 781 1527 quia
802 1442 869 1505 vult
893 1440 1068 1505 secundum
1090 1439 1200 1504 domni
1222 1440 1393 1526 apostolici
1417 1447 1451 1504 et
1474 1439 1671 1524 episcopale,
1693 1440 1791 1505 immo
1814 1438 1958 1503 divinum
1982 1460 2058 1504 con·

435 1545 544 1609 silium
573 1543 614 1609 ad
642 1545 799 1630 placitum
830 1545 1003 1610 convenire
1028 1565 1101 1609 cnm
1125 1545 1289 1632 episcopis
1312 1552 1345 1608 et
1367 1543 1518 1609 fidelibus
1541 1548 1639 1627 atque
1662 1544 1773 1608 amicis
1796 1543 1860 1608 Dei
1883 1550 1917 1608 et
1938 1543 2057 1607 nostris
2076 1568 2102 1605 ro

434 1670 472 1713 ac
500 1649 583 1727 suis,
616 1647 771 1733 quoniam
794 1647 876 1712 haec
900 1668 1000 1711 causa
1022 1648 1186 1732 generalis
1210 1653 1260 1712 est
1283 1646 1435 1712 omuibus
1458 1637 1690 1726 christianisffl,
1715 1651 1748 1710 et
1770 1655 1848 1710 autv
1872 1645 2056 1724 ostendere,

435 1751 512 1837 quia
545 1749 725 1816 secundum
759 1751 869 1836 legera
903 1751 1045 1815 divinam
1081 1756 1115 1814 ct
1138 1749 1312 1815 humanam
1345 1749 1530 1814 christianis
1554 1769 1733 1834 congruam
1765 1749 1826 1812 hoo
1860 1749 1982 1813 iactum
2016 1747 2057 1815 de

433 1875 538 1919 uxore
568 1875 629 1919 sua
657 1854 779 1920 haheat
807 1861 999 1933 executum,
1031 1860 1088 1917 aut
1113 1854 1292 1919 secuudum
1316 1851 1380 1917 Dei
1405 1852 1576 1917 consilium
1601 1859 1634 1917 ct
1656 1853 1764 1938 legem
1788 1851 1965 1917 christiano
1989 1853 2058 1938 regi

434 1958 684 2023 convenientem
707 1958 769 2023 hoc
793 1964 826 2024 et
849 1958 906 2022 illa
928 1957 1002 2036 duo,
1026 1979 1110 2044 quae
1134 1957 1373 2043 praemisimus,
1391 1956 1565 2022 emendare
1582 1957 1661 2021 velit
1679 1963 1712 2022 et
1727 1955 1858 2021 debeat.
1903 1955 1947 2020 Et
1961 1977 2056 2041 para·

433 2069 486 2126 tus
510 2082 580 2125 surn
606 2083 679 2125 cum
702 2062 760 2126 tali
784 2062 919 2126 caritate
944 2071 977 2126 ct
1000 2061 1251 2127 honorabilitate
1274 2061 1364 2125 illum
1390 2061 1546 2145 recipere,
1569 2061 1653 2125 sicut
1675 2059 1870 2125 christianus
1893 2080 1952 2124 rex
1972 2059 2056 2124 chri-
2076 2085 2100 2125 rs

433 2165 573 2229 stianum
598 2185 710 2250 regem
734 2172 768 2230 et
790 2165 875 2229 sieut
890 2164 1030 2249 diligens
1049 2171 1185 2250 patruus
1209 2163 1364 2228 dilectum
1387 2170 1539 2249 nepotem
1563 2162 1662 2227 debet
1677 2165 1834 2249 recipere,
1859 2164 1946 2228 etin
1970 2163 2057 2228 illins

433 2268 576 2333 amicitia
599 2267 640 2332 ad
663 2268 750 2332 illius
773 2269 989 2333 salvationem
1013 2274 1046 2333 et
1068 2268 1236 2347 honorem,
1260 2268 1288 2331 si
1311 2268 1359 2331 ita
1380 2268 1505 2342 fecerit,
1528 2287 1730 2352 permanere.
1776 2266 1820 2331 Et
1841 2267 2058 2332 constituatur

432 2377 560 2457 tempus
589 2391 766 2456 congruum
795 2379 829 2436 et
856 2371 948 2437 locus
979 2376 1176 2457 oportunus,
1210 2370 1340 2457 quaudo
1370 2371 1466 2434 simul
1495 2370 1631 2457 pacifice
1659 2371 1890 2435 conveniamus
1918 2375 1952 2434 et
1973 2365 2057 2434 hanc

433 2495 575 2552 causam,
600 2475 685 2540 sicut
707 2474 749 2540 de
772 2474 864 2540 nobis
888 2474 978 2561 ipsis,
1002 2474 1087 2560 quia,
1111 2474 1195 2538 sicut
1218 2473 1387 2560 Scriptura
1407 2472 1501 2551 dicit,
1531 2465 1602 2538 os²²
1625 2480 1825 2539 nostramet
1847 2495 1923 2539 caro
1945 2478 2058 2538 nostra

432 2585 491 2660 est,
520 2577 561 2643 ad
590 2599 795 2644 communem
822 2584 969 2643 cosham
997 2586 1031 2644 et
1061 2577 1205 2642 fidelium
1229 2585 1414 2644 nostrorum
1443 2578 1657 2643 salvationem
1683 2583 1717 2644 et
1739 2577 1893 2642 honorem
1915 2576 2055 2641 diffinia—
2075 2601 2102 2641 eo

432 2702 525 2757 mus;
549 2703 601 2764 ne,
619 2682 673 2770 qui
686 2682 838 2748 fidelibus
855 2682 973 2747 nostris
997 2689 1030 2747 et
1045 2682 1195 2747 omuibus
1212 2683 1398 2747 christianis
1415 2683 1448 2747 in
1465 2683 1549 2748 bono
1567 2684 1753 2768 exemplum
1769 2703 1843 2747 esse
1860 2681 2057 2761 dehemus',

430 2785 620 2872 perditionis
647 2785 835 2871 exemplum
864 2785 1038 2864 donemus,
1068 2792 1102 2851 et
1130 2786 1185 2871 qui
1214 2787 1374 2852 malorum
1405 2792 1607 2851 correctores
1636 2796 1738 2851 essew
1761 2785 1936 2865 debemus,
1959 2791 2058 2871 caput
2171 2785 2172 2788 ’

431 2891 601 2970 malorum,
627 2889 712 2976 quod
729 2890 824 2969 absit,
841 2890 968 2957 fiamus.
1015 2889 1080 2955 Sed
1105 2897 1139 2955 et
1161 2910 1210 2968 ea,
1235 2911 1329 2976 quae,
1352 2898 1389 2955 ut
1413 2911 1511 2977 supra
1534 2881 1722 2969 diximus'ffl,
1746 2889 1832 2974 apud
1849 2888 2058 2953 Confluentes

431 2995 640 3080 promisimus
664 3015 724 3058 uos
747 3000 941 3060 tractaturos
969 3002 1002 3059 et
1030 2995 1234 3060 observanda
1256 2996 1509 3075 constituturos,
1533 2999 1712 3060 tractemus
1736 3001 1770 3059 et
1793 3000 1989 3072 statuamus,
2011 2999 2057 3073 ut,

434 3097 489 3184 qui
523 3097 667 3182 undique
702 3104 835 3185 propter
868 3103 1005 3184 peccata
1039 3104 1152 3163 nostra
1179 3104 1213 3164 et
1238 3099 1361 3164 malum
1391 3098 1587 3179 discordiae,
1623 3097 1710 3185 quod
1736 3097 1770 3161 in
1797 3097 1909 3182 regnis
1937 3096 2100 3162 nostrisa

434 3207 555 3282 manet,
571 3203 780 3288 percutimur,
803 3201 932 3288 placato
955 3201 1028 3267 Deo
1045 3201 1290 3268 misericordiae
1314 3202 1400 3268 illius
1423 3203 1574 3268 solatium
1598 3202 1753 3288 consequi
1777 3221 1971 3266 mereamur.
2015 3197 2060 3264 Et

434 3326 498 3368 uon
523 3305 565 3368 sit
580 3305 691 3390 nepoti
706 3309 818 3370 nostro
840 3304 904 3370 hoc
920 3325 1017 3391 agere
1040 3306 1073 3370 iu
1089 3311 1200 3370 mente
1223 3327 1283 3371 sua
1298 3305 1424 3386 durum,
1447 3307 1523 3392 quia
1539 3305 1695 3392 scriptum
1718 3311 1784 3370 est:
1809 3294 1918 3377 ιι’)ιιί24
1941 3303 2059 3368 mentis

432 3415 484 3473 est
517 3408 633 3488 durae,
674 3414 804 3474 corruet
835 3410 867 3473 in
896 3407 1043 3485 malum’;
1079 3408 1136 3474 sed
1167 3409 1281 3474 timeat
1311 3408 1434 3490 Deum,
1464 3416 1497 3474 et
1524 3415 1712 3494 compescat
1740 3407 1828 3472 istud
1858 3406 2058 3486 scandalum,

433 3511 519 3597 quod
543 3517 609 3575 tam
634 3510 757 3597 grande
781 3512 814 3576 in
842 3513 906 3577 ista
929 3512 1165 3578 christianitate
1189 3515 1260 3577 siue
1285 3514 1351 3578 ulla
1373 3514 1572 3578 necessitate
1595 3519 1646 3576 est
1669 3518 1860 3597 generatum
1884 3518 1918 3575 et
1940 3529 2056 3596 propa-

431 3625 563 3705 gatum,
597 3636 670 3681 cum
701 3637 760 3701 por
787 3617 946 3681 rationem
975 3622 1009 3681 et
1036 3617 1265 3682 auctoritatem
1295 3617 1458 3702 potuisset
1489 3615 1529 3682 ad
1557 3615 1703 3682 debitum
1733 3616 1887 3680 effectum
1910 3613 2056 3700 perduci,
2074 3648 2101 3686 no

433 3720 519 3805 quod
551 3719 661 3784 multis
694 3718 878 3784 hominibus
902 3719 1031 3785 videtur
1064 3721 1132 3786 sine
1160 3721 1260 3806 plena
1293 3721 1417 3785 ratione
1449 3726 1483 3784 et
1512 3719 1707 3784 auctoritate
1733 3719 1845 3783 dehita
1868 3722 2056 3783 executum.

432 3824 476 3889 Et
504 3823 581 3909 quia
612 3822 766 3907 scriptum
799 3827 862 3886 est:
896 3813 1069 3888 ‘Beatus24
1092 3822 1208 3903 homo,
1235 3823 1291 3909 qui
1314 3843 1446 3908 semper
1468 3829 1520 3888 est
1541 3819 1699 3909 pavidus’,
1723 3827 1757 3886 et
1778 3819 1938 3886 Dominus
1961 3820 2055 3885 dicit:

430 3915 663 4010 ‘Diligentss25
686 3945 738 3989 me
759 3922 881 4009 diligo’,
904 3945 962 4009 pro
985 3946 1096 3990 amore
1121 3931 1154 3991 et
1175 3927 1291 3992 timore
1307 3926 1370 3992 Dei
1394 3927 1533 3991 honoret
1556 3948 1590 3991 se
1614 3931 1648 3990 et
1670 3946 1761 3990 suam
1785 3925 2055 3990 christianitatem

431 4037 464 4095 ct
498 4050 591 4093 suum
626 4049 746 4094 nomeu
782 4030 922 4114 regium,
947 4037 981 4095 et
1009 4036 1132 4095 ιιιιιιι’ι
1161 4051 1197 4095 se
1230 4031 1546 4096 etuosomueseb
1570 4032 1632 4096 ista
1656 4029 1833 4107 calumnia,
1858 4029 2054 4114 quasillum

431 4133 576 4217 sequitur
604 4140 639 4197 et
665 4153 725 4218 per
753 4132 844 4196 illurn
868 4153 906 4196 ac
930 4139 1065 4219 propter
1091 4134 1183 4198 illum
1206 4157 1266 4200 uos
1289 4135 1489 4221 propinquos
1512 4135 1610 4213 illius,
1633 4141 1667 4199 et
1689 4133 1826 4198 honoret
1849 4131 1924 4198 iude
1947 4132 2098 4198 Douma

432 4236 539 4300 sciens
563 4233 739 4299 Dominum
762 4234 890 4301 dicere:
915 4229 1173 4302 ‘Honorantos26
1196 4259 1248 4303 me
1271 4236 1457 4313 honorabo;
1486 4239 1596 4325 etqui
1619 4243 1854 4323 contempnunt
1875 4258 1939 4314 me,
1962 4242 2057 4301 erunt

430 4337 615 4424 ignobiles'.
1700 4355 1701 4358 ’

542 4446 590 4508 10.
624 4443 669 4508 Et
691 4443 719 4508 si
742 4443 789 4508 ita
804 4444 952 4525 noluerit,
969 4444 1078 4526 faciat,
1092 4443 1179 4529 quod
1196 4443 1389 4509 iudicaverit
1404 4444 1599 4511 laciendum.
1644 4445 1716 4532 Ego
1739 4446 1773 4509 in
1787 4451 1897 4509 vestra
1911 4445 2056 4509 amicitia

431 4553 465 4611 et
488 4546 602 4612 debita
623 4547 829 4612 fraternitate
853 4537 1030 4632 persistere
1053 4555 1087 4612 et
1109 4549 1197 4613 omui
1214 4548 1324 4613 debito
1341 4549 1498 4633 obsequio
1522 4550 1612 4613 illam
1628 4551 1806 4636 promereri
1831 4549 1975 4634 cupiens,
1999 4551 2054 4634 qui

430 4672 497 4714 non
513 4672 645 4737 quaero,
669 4671 752 4737 quae
775 4658 852 4716 sunt
874 4651 970 4734 illius,
995 4652 1052 4718 scd
1076 4653 1177 4732 illum,
1202 4654 1228 4716 si
1253 4674 1327 4719 eum
1352 4652 1526 4717 salubriter
1548 4653 1670 4718 habero
1694 4675 1757 4718 uon
1782 4674 1924 4739 possum,
1949 4676 2001 4718 me
2018 4665 2052 4718 ay
2071 4672 2097 4710 ιο

430 4754 502 4819 Deo
531 4775 589 4840 pro
619 4755 707 4820 illius
737 4755 882 4819 amicitia
910 4756 1025 4821 tollere
1054 4756 1144 4835 uolo,
1173 4778 1234 4821 nec
1257 4755 1297 4820 ad
1322 4757 1443 4821 malum
1467 4757 1564 4820 alicui
1587 4765 1757 4842 praestare
1782 4757 1938 4822 auxilium
1962 4759 2052 4831 volo;

430 4858 507 4943 quia
528 4858 667 4942 legimus
691 4859 722 4922 iu
749 4857 917 4944 Scriptura
939 4857 1116 4924 Dominum
1139 4859 1262 4924 dixisse
1287 4859 1415 4925 cuidam
1438 4860 1525 4944 regi:
1558 4853 1709 4945 ιΙιιιρίο27
1724 4862 1863 4946 praebes
1884 4861 2053 4940 auxilium,

429 4966 463 5024 et
486 4959 553 5039 his,
585 4962 639 5047 qui
662 4960 801 5027 oderunt
824 4981 890 5043 me,
920 4963 1064 5027 amicitia
1096 4963 1261 5048 iungeris:
1292 4963 1413 5028 idcirco
1435 4963 1517 5028 iram
1540 4962 1671 5048 quidem
1695 4963 1828 5029 Domini
1851 4962 2052 5044 merebaris',

530 5150 555 5217 s)
574 5153 640 5204 bone
657 5152 719 5204 odd.
737 5151 762 5204 3.
838 5151 859 5217 t)
876 5154 1005 5206 communi
1021 5152 1046 5205 4.
1121 5152 1149 5215 u)
1168 5154 1213 5221 qui
1226 5191 1232 5204 .
1246 5192 1253 5205 .
1267 5192 1272 5205 .
1286 5153 1344 5205 illos
1362 5171 1412 5206 om.
1432 5153 1453 5206 1.
1527 5153 1554 5220 v)
1574 5173 1681 5209 ιιιιιιιιι
1700 5156 1761 5208 aad
1781 5153 1805 5207 4.
1876 5156 1910 5221 rr)
1929 5158 2052 5209 dabamus

429 5255 546 5290 ...csse
563 5236 655 5291 cml.
760 5236 788 5303 x)
807 5245 881 5291 eruat
897 5237 923 5290 3.
1027 5237 1345 5308 ylira4;orrs.reliqui.
2069 5247 2095 5285 ⁴⁵

531 5423 576 5491 20)
596 5423 697 5477 Psalm.
715 5423 793 5491 27,7.
897 5423 942 5494 21)
962 5423 1019 5491 Csr.
1037 5423 1194 5493 flammari,
1212 5425 1257 5480 Dc
1275 5425 1387 5480 diurrtr'o
1406 5426 1560 5496 Hlotlsarvi,
1578 5429 1704 5497 holmoy.
1724 5427 1781 5496 III,
1803 5429 2052 5497 οΡινιι1,ρ.583;

427 5525 623 5580 rationabilius
650 5529 737 5591 esset,
764 5530 797 5583 ut
824 5529 859 5582 ad
886 5528 1045 5598 generalem
1073 5529 1209 5597 synodum
1237 5529 1388 5584 ventilatio
1413 5532 1442 5584 et
1460 5529 1594 5586 diffinitio
1621 5531 1736 5586 huiusce
1754 5531 1793 5586 rei
1901 5531 2050 5587 differetur.

426 5629 472 5697 22)
492 5628 584 5684 Gara.
602 5631 627 5699 2,
640 5630 682 5684 23.
740 5631 1159 5702 23)0sr.aa1rrop.160,c.2.
1217 5634 1262 5706 24)
1280 5634 1358 5690 Rus.
1371 5635 1463 5704 28,14.
1515 5635 1561 5704 25)
1579 5635 1747 5704 Roo.8,li.
1800 5638 1846 5704 26)
1860 5639 1883 5692 l.
1897 5635 1964 5706 Rea.
1975 5639 2000 5706 2,
2009 5639 2051 5693 30.

426 5733 471 5802 27)
488 5734 513 5790 2.
532 5733 656 5804 Paralip.
676 5735 717 5805 19,
730 5737 755 5791 2.
