4634 6436
356 633 416 688 832.

435 454 477 516 64
816 449 1063 504 CAPITULAltld
1083 449 1229 505 ITALICA
1248 449 1484 516 (HLOTHARII).
1504 481 1536 488 -
1556 451 1604 504 Νι.
1617 451 1677 505 202.

544 627 572 686 5.
607 624 659 689 De
685 616 886 689 iudicibus¹⁰
908 625 1104 710 inquiratur,
1136 624 1162 688 si
1192 624 1320 688 nobiles
1351 630 1384 687 et
1413 623 1578 708 sapientes
1607 630 1640 686 et
1663 622 1770 688 Deum
1800 625 1953 688 timentes
1986 645 2062 688 con-

435 727 543 792 stituti
571 733 664 800 sunt;
696 727 834 808 iurentd,
867 734 903 791 ut
929 729 1023 791 iuxta
1053 748 1144 790 suam
1171 728 1430 813 intellegentiam
1454 733 1544 791 recte
1567 726 1711 792 iudicent
1734 734 1767 791 et
1791 749 1848 812 prc
1871 729 2062 793 muneribus

435 831 488 897 vel
510 832 653 895 humana
674 832 780 917 gratia
803 833 958 896 iustitiam
984 852 1047 895 non
1072 838 1261 916 pervertant
1283 853 1344 895 nec
1368 831 1521 895 differant
1544 836 1593 910 et,
1620 831 1704 915 quod
1730 831 1960 912 iudicaverint,
1984 853 2060 896 con-

434 934 563 1010 firmare
583 954 642 997 sua
664 934 904 1021 subscriptione
922 956 986 998 non
1003 934 1218 1001 dissimulent.
1253 934 1319 998 Ubi
1342 941 1452 1000 autem
1475 934 1559 999 tales
1583 954 1647 998 non
1672 941 1757 1015 sunt,
1781 935 1925 999 amissis
1941 937 2063 1016 nostris

435 1039 673 1103 constituantur
697 1046 730 1103 et
753 1039 859 1104 idem⁹
883 1047 1121 1104 sacramentum
1146 1039 1256 1103 facere
1280 1046 1454 1123 cogentum
1477 1037 1592 1124 quodsi
1609 1038 1690 1102 viles
1714 1058 1874 1124 personae
1898 1045 1931 1103 et
1955 1038 2062 1103 minus
2094 1065 2104 1104 s

434 1142 592 1207 idoneae‘
613 1142 655 1206 ad
678 1142 740 1207 hoo
764 1142 979 1207 constitutaer
1005 1150 1095 1223 sunt,
1124 1145 1311 1209 reiciantur.
1358 1143 1514 1207 Similiter
1538 1151 1571 1208 et
1594 1143 1712 1207 notarii
1735 1143 1865 1228 legibus
1890 1143 2008 1208 eruditi
2032 1149 2065 1208 et

434 1246 540 1311 bonae
564 1247 725 1332 opinionis
749 1247 990 1312 constituantur
1014 1254 1047 1312 et
1071 1247 1315 1312 iusiurandum⁸
1338 1240 1585 1334 praebeant⁸¹¹,
1614 1253 1650 1311 ut
1677 1247 1863 1311 nullatenus
1887 1247 2064 1312 falsitatem

435 1351 488 1414 vel
512 1350 687 1415 colludium
715 1350 872 1426 scribant3
905 1356 938 1414 et
961 1351 1038 1435 qui¹¹
1061 1350 1122 1415 hoc
1146 1351 1265 1415 fecisse
1290 1351 1447 1437 preterito
1471 1359 1618 1436 tempore
1648 1351 1772 1415 inventi
1795 1350 1935 1432 fuerint,
1967 1372 2062 1437 prae-

436 1452 606 1518 sentaliter
629 1453 854 1522 damnenturb.

544 1576 573 1638 6.
608 1573 654 1637 Ut
683 1575 846 1659 inquirant
874 1574 1125 1659 diligentissime
1154 1576 1243 1639 missi
1267 1576 1365 1639 nostri
1389 1597 1449 1661 per
1472 1576 1617 1660 singulos
1642 1576 1832 1652 comitatus,
1864 1576 1932 1661 quii
1955 1576 2062 1642 adhuc
2083 1601 2107 1638 ιο

438 1676 690 1743 sacramentum¹
714 1678 880 1742 fidelitatis
904 1677 1046 1743 nondum
1071 1679 1164 1743 nobis
1189 1681 1424 1765 promiserunt,
1449 1686 1481 1743 et
1505 1680 1692 1765 promittere
1717 1701 1774 1744 eos
1798 1671 2061 1765 compellant¹¹1².

435 1781 480 1844 Et
502 1782 668 1868 inquirant
691 1781 941 1867 diligentissime
965 1783 1052 1848 missi
1076 1784 1179 1847 nostri
1199 1783 1292 1846 villas
1317 1789 1350 1846 et
1372 1789 1491 1862 cortes,
1514 1782 1601 1848 unde
1618 1784 1706 1868 regis
1723 1804 1870 1868 expansu
1885 1783 2062 1848 ministrari

437 1888 534 1950 solita
557 1886 609 1962 sit,
634 1893 666 1951 et
690 1909 709 1951 a
733 1887 849 1972 quibus
873 1889 1022 1974 personis
1046 1887 1140 1951 modo
1164 1885 1394 1965 detineantur¹,
1420 1907 1546 1951 necnon
1570 1897 1603 1950 et
1626 1907 1710 1971 quaa
1735 1888 1766 1950 in
1791 1887 1931 1951 transitu
1954 1886 2063 1951 domni

439 1990 643 2076 imperatoris
667 1992 791 2056 servire
816 1991 938 2056 debent
961 1991 1014 2056 vel
1038 1991 1144 2054 missis
1167 1990 1411 2054 transeuntibus
1436 1991 1623 2056 necessaria
1646 1989 1841 2055 ministrare.

545 2112 573 2174 7.
608 2110 654 2174 Ut
676 2132 736 2197 per
758 2111 904 2196 singulas
928 2112 1079 2175 civitates
1100 2112 1265 2196 inquirant
1281 2111 1372 2174 missi
1388 2111 1501 2190 nostri,
1526 2111 1581 2175 ubi
1598 2111 1722 2196 palatia
1738 2110 1916 2196 antiquitus
1932 2110 2064 2174 fuerunt
2083 2136 2107 2174 rs

436 2213 487 2278 vel
511 2213 663 2299 publicae
685 2205 837 2279 domus13
860 2215 1038 2299 antiquitus
1056 2215 1108 2278 vel
1132 2213 1218 2279 unde
1243 2213 1495 2279 continebantur
1512 2215 1562 2278 vel
1586 2236 1651 2300 qua
1675 2216 1847 2280 occasione
1871 2219 1927 2278 aut
1950 2235 1970 2277 a
1993 2215 2063 2298 qui-

435 2317 498 2382 bus
522 2317 741 2404 personisvel
765 2318 825 2381 sub
849 2318 940 2382 ouius
964 2325 1112 2404 ternpore
1137 2317 1305 2382 destructa
1328 2325 1413 2396 sunt,
1439 2324 1472 2381 et
1495 2323 1606 2382 nostra
1629 2319 1826 2383 auctoritate
1849 2317 2062 2403 praecipiant,

435 2426 472 2484 ut
488 2420 605 2485 amodo
622 2422 809 2506 quantotius
826 2428 1065 2496 restaurentur;
1089 2421 1146 2486 sed
1164 2428 1197 2485 et
1214 2421 1254 2486 de
1272 2421 1408 2506 singulis
1424 2413 1714 2502 conditionibus14,
1738 2443 1821 2507 quae
1844 2421 1884 2486 ad
1902 2442 2063 2486 cameram

437 2529 584 2588 nostram
608 2525 660 2588 vel
684 2523 725 2588 ad
747 2525 861 2589 fiscum
885 2527 938 2588 vel
961 2524 1004 2588 ad
1025 2523 1156 2589 diversa
1179 2525 1301 2610 palatia
1323 2526 1497 2611 pertinent.

544 2647 572 2709 8.
608 2645 653 2709 Ut
685 2645 776 2710 missi
807 2647 909 2711 nostri
936 2646 1127 2732 perquirant
1155 2647 1189 2709 in
1220 2645 1356 2730 singulis
1388 2645 1577 2710 civitatibus
1601 2647 1777 2726 beneficia,
1810 2667 1893 2731 quae
1922 2645 2062 2730 antiquis
2082 2669 2108 2709 ro

436 2748 637 2835 temporibus
668 2750 779 2815 clerici
810 2757 843 2815 et
864 2751 999 2815 vassalli
1030 2750 1299 2836 predecessorum
1330 2755 1514 2814 nostrorum
1538 2750 1725 2814 habuerunt
1747 2748 1800 2814 vel
1830 2749 1884 2833 qui
1911 2768 1997 2812 nuno
2026 2768 2066 2812 ea

436 2853 596 2934 retinent,
626 2860 659 2918 et
687 2853 783 2918 nobis
811 2854 1007 2919 renuntient.
1055 2852 1210 2918 Similiter
1234 2854 1405 2918 comitatus
1430 2845 1674 2940 pertinentiaffi,
1706 2874 1789 2939 quae
1814 2852 1978 2916 comitesm
2001 2871 2065 2915 non

436 2956 569 3038 habant,
593 2977 719 3022 necnon
743 2964 775 3022 et
797 2979 851 3021 res
870 2957 1017 3022 ecclesiis
1034 2957 1097 3021 Dei
1116 2957 1319 3044 pertinentes
1336 2961 1369 3021 et
1385 2957 1469 3022 aliae
1485 2975 1658 3044 personae,
1676 2978 1773 3043 quam
1790 2963 1935 3022 rectores
1952 2976 2066 3020 earum

437 3061 589 3141 retinent,
612 3061 777 3147 inquirant
801 3068 834 3125 et
857 3060 950 3126 nobis
974 3062 1172 3126 renuntient.

544 3184 574 3245 9.
609 3173 691 3246 Ut16
712 3182 922 3268 baptismales
947 3185 1098 3265 eclesiae,
1123 3204 1207 3268 quae
1230 3204 1289 3269 per
1313 3183 1556 3267 neglegentiam
1573 3201 1695 3260 eorum,
1718 3183 1774 3266 qui
1797 3201 1853 3246 eas
1878 3186 2063 3245 restaurare
2083 3205 2109 3245 ss

437 3283 638 3365 debuerunt,
669 3286 825 3372 paulatim
854 3308 873 3350 a
901 3307 959 3350 suo
989 3291 1076 3352 statu
1101 3285 1309 3366 deiecerunt,
1340 3285 1510 3370 diligentia
1539 3285 1713 3350 missorum
1736 3290 1917 3349 nostrorum
1939 3284 1980 3348 ab
2004 3283 2066 3364 his,

437 3390 492 3475 qui
515 3389 560 3454 ibi
583 3389 789 3476 baptizantur
806 3392 856 3455 vel
881 3411 975 3455 sacra
998 3391 1144 3454 misteria
1167 3391 1367 3476 percipiunt,
1390 3389 1567 3453 restaurari
1590 3388 1831 3474 praecipiantur
1853 3394 1886 3451 et
1910 3388 2066 3452 ministris

436 3494 484 3558 rei
513 3494 642 3580 publice
671 3493 895 3574 comittantur,
931 3502 967 3557 ut
993 3494 1050 3558 filii
1080 3495 1221 3560 eclesiae
1251 3515 1362 3559 eorum
1392 3495 1547 3558 instantia
1577 3492 1619 3556 ad
1649 3513 1761 3558 earum
1793 3493 2066 3557 restaurationem

438 3598 686 3684 compellantur,
710 3598 854 3664 decimas
880 3619 1007 3685 quoque
1031 3598 1104 3664 Deo
1128 3598 1206 3664 dare
1229 3599 1350 3664 ibidem
1374 3604 1542 3683 cogantur.

548 3723 596 3784 10.
629 3718 675 3784 Ut
697 3718 783 3784 idem
806 3718 897 3784 missi
920 3720 1110 3805 perquirant
1134 3720 1167 3784 in
1191 3720 1329 3805 singulis
1354 3720 1556 3799 civitatibus,
1585 3719 1724 3805 qualitor
1747 3719 1975 3783 canonicorum
1997 3719 2066 3784 rita
2084 3741 2110 3780 so

439 3830 473 3889 et
503 3825 704 3889 conversatio
736 3824 885 3890 ordinata
920 3825 976 3904 sit,
1013 3831 1047 3890 et
1081 3823 1121 3889 de
1155 3825 1311 3890 thesauro
1347 3815 1554 3902 ecelesiae¹⁷‚
1591 3821 1689 3907 quid¹¹
1720 3821 1795 3886 inde
1829 3821 1991 3908 perditum
2026 3823 2067 3886 sit

437 3928 491 3991 vel
522 3947 542 3991 a
569 3948 633 4013 quo
664 3934 720 3992 aut
752 3929 843 3993 euius
877 3934 1040 4013 tempore,
1075 3933 1108 3992 et
1141 3934 1248 3991 utrum
1283 3928 1429 4014 episcopi
1463 3947 1539 3990 suas
1571 3925 1684 4011 plebes
1718 3924 1883 3989 ordinatas
1913 3925 2066 4007 habeant,

439 4037 474 4094 et
505 4031 532 4093 si
563 4037 676 4095 contra
710 4032 885 4096 rationem⁰
917 4031 1119 4096 destributae
1150 4023 1269 4110 suntffl,
1305 4039 1340 4095 ut
1370 4030 1560 4104 emendent;
1596 4035 1628 4092 et
1659 4029 1686 4093 si
1718 4049 1800 4115 opus
1827 4027 1940 4109 fuerit,
1975 4029 2067 4095 nobis

440 4134 637 4200 renuntient.

551 4257 600 4317 ll.
634 4254 685 4319 De
709 4255 1018 4350 depraedationibus
1042 4275 1186 4341 quoque,
1216 4277 1299 4340 quae
1329 4254 1486 4320 moderno
1510 4245 1693 4340 tempore19
1716 4253 1879 4318 defunctis
1903 4253 2066 4339 episcopis
2085 4279 2110 4318 ss

439 4383 459 4425 a
481 4360 620 4424 dirersis
644 4359 828 4424 hominibus
851 4360 957 4424 iactae
981 4359 1111 4423 suntin
1134 4358 1233 4423 rebus
1256 4359 1481 4438 eclesiasticis,
1505 4365 1551 4438 ut,
1574 4359 1627 4443 qui
1653 4380 1709 4422 eas
1732 4357 1891 4436 fecerunt,
1914 4357 2067 4442 legaliter

439 4462 615 4530 emendent
638 4483 712 4528 oum
736 4464 915 4528 emunitate
939 4454 1099 4528 nostram.

542 4668 569 4734 d)
591 4687 640 4721 om.
657 4667 682 4721 2.
779 4669 803 4731 e)
825 4669 920 4720 ibidem
936 4666 961 4719 2.
1057 4668 1081 4731 s)
1104 4669 1189 4719 idonei
1271 4669 1403 4720 constituti
1420 4665 1445 4719 2.
1541 4668 1568 4736 g)
1593 4669 1667 4719 iuxta
1688 4668 1868 4719 iusiurandum
1891 4666 2024 4734 preveniat
2041 4664 2066 4717 2.

438 4757 467 4823 h)
486 4758 554 4824 quod
571 4758 661 4809 iecisse
679 4775 703 4824 p.
715 4763 734 4806 t
747 4757 763 4808 i.
782 4765 850 4820 sunt,
868 4756 1071 4824 praesentialiter
1088 4757 1225 4807 damnetur
1238 4753 1261 4806 2.
1349 4754 1368 4820 ἰ)
1387 4756 1431 4821 qui
1509 4762 1699 4807 sacramentum
1717 4772 1766 4806 om.
1778 4750 1804 4805 2.
1890 4751 1919 4818 lr)
1939 4751 1990 4804 Hic
2001 4752 2067 4820 finis

439 4853 475 4897 cst
496 4845 551 4897 cod.
569 4841 594 4895 2.
689 4843 709 4908 1)
728 4844 873 4895 detineatur
891 4840 913 4893 1.
1010 4840 1046 4906 m)
1063 4843 1101 4893 ita
1118 4841 1233 4902 conect-
1257 4842 1393 4893 comitatus
1413 4839 1436 4892 1.
1534 4841 1562 4907 n)
1581 4842 1627 4907 qni
1646 4841 1668 4891 l.
1765 4838 1790 4903 ο)
1809 4840 2022 4890 restaurationem
2041 4836 2063 4889 1.
2083 4847 2110 4887 lc

544 5044 587 5111 10)
607 5041 664 5109 Osr.
678 5042 744 5110 (lap.
762 5042 891 5098 Womnct.
909 5043 979 5097 mbr.
993 5044 1053 5113 829,
1072 5059 1156 5113 aropra
1170 5061 1199 5111 p.
1213 5043 1253 5111 14,
1271 5059 1294 5098 c.
1307 5041 1384 5097 2-4.
1406 5039 1488 5124 [K]¹
1580 5041 1623 5107 11)
1644 5039 1800 5108 Capitulum
1817 5039 1972 5096 cmcoedess
1988 5055 2009 5094 c.
2025 5039 2067 5093 13.

440 5149 484 5216 12)
504 5147 558 5215 Cfr.
579 5145 644 5215 (lap.
663 5147 733 5201 mma.
752 5148 813 5215 829,
831 5163 915 5215 crarta
930 5164 959 5216 p.
972 5148 1014 5216 10,
1034 5165 1055 5202 c.
1068 5149 1093 5202 4.
1121 5147 1189 5218 [K]
1295 5147 1338 5216 13)
1360 5143 1417 5211 Ofr.
1439 5143 1527 5198 Hlad.
1541 5144 1581 5198 ΙΙ.
1602 5143 1666 5213 Gap.
1685 5143 1754 5212 Pap.
1772 5146 1836 5213 850,
1854 5145 1931 5211 infra
1948 5161 1990 5198 nr.
2007 5143 2067 5211 213,

439 5251 495 5306 nl.
523 5250 592 5320 [K]
698 5250 742 5319 14)
764 5249 820 5316 Cfr.
840 5249 904 5318 cap.
923 5250 954 5304 de
974 5252 1034 5305 inst.
1052 5251 1105 5317 sao.
1123 5252 1276 5320 811-813,
1302 5256 1363 5305 tom.
1381 5250 1408 5317 Ι,
1428 5267 1457 5317 p.
1472 5248 1530 5316 177,
1552 5265 1572 5302 c.
1589 5250 1628 5303 10.
1656 5248 1727 5318 [K]
1833 5252 1875 5317 15)
1897 5249 1953 5316 Cfr.
1971 5248 2069 5315 Waltz,

446 5353 507 5409 Vc.
526 5353 597 5422 IV’,
612 5371 643 5422 p.
656 5356 706 5410 165
717 5370 769 5422 sqq.
797 5354 865 5425 [K]
971 5357 1015 5424 16)
1035 5355 1194 5425 Capacum
1212 5353 1440 5409 emendasset
1547 5352 1590 5418 17)
1611 5352 1667 5418 Ofr.
1687 5351 1752 5420 Gap.
1771 5353 1842 5408 mas.
1860 5352 1989 5422 Νέκυια).
2007 5351 2067 5418 806,

440 5459 457 5513 l.
474 5475 495 5513 a.
509 5474 539 5527 p.
553 5459 615 5526 181,
632 5475 653 5512 c.
666 5460 690 5513 4.
717 5458 785 5529 [K]
890 5458 935 5525 18)
956 5457 1010 5525 Osr.
1029 5457 1189 5529 litardius,
1215 5457 1405 5514 Kirrlrcmccbt
1423 5457 1467 5524 H,
1489 5457 1649 5524 affibsqq.
1678 5456 1744 5527 [K]
1851 5457 1894 5523 19)
1914 5455 1970 5522 Ofr.
1989 5455 2068 5510 mam
2086 5471 2111 5510 rs

440 5562 510 5617 Kar.
530 5561 571 5616 II.
600 5559 664 5629 cap.
689 5561 757 5630 Pap.
776 5562 839 5630 876,
866 5562 943 5628 infra
966 5579 1009 5618 nr.
1025 5563 1091 5632 221,
1114 5579 1135 5618 c.
1155 5564 1195 5618 14.
1223 5562 1290 5632 [K.]
1403 5561 1448 5629 80)
1473 5559 1510 5614 Id
1530 5565 1567 5614 cst
1584 5560 1637 5615 600
1658 5561 1720 5627 sol.,·
1745 5559 1810 5629 Cap.
1834 5561 1906 5629 lcpib.
1929 5559 1989 5613 aad
2008 5559 2068 5626 803,

440 5671 500 5721 tom.
519 5667 542 5735 Ι,
557 5682 587 5735 p.
603 5665 661 5733 113,
678 5681 698 5718 c.
715 5666 744 5733 2;
772 5665 823 5732 cfr.
841 5667 919 5720 diam
936 5666 1015 5733 soem.
1033 5667 1163 5738 imperial.
1178 5669 1218 5736 15,
1238 5665 1386 5721 Famulae
1399 5682 1428 5735 p.
1442 5663 1501 5734 297,
1519 5665 1536 5718 t.
1549 5666 1573 5718 9.
1600 5663 1668 5734 [K]
