4568 6420
427 435 490 496 524
846 431 1060 486 fflncnnuus
1078 430 1126 485 DE
1146 431 1284 485 ORDINE
1304 430 1451 484 PALATll
1469 449 1492 486 c.
1506 433 1623 487 18-21.

425 604 483 668 sed
506 625 566 668 nec
589 604 645 669 illa
669 603 853 668 sollicitudo
877 604 1010 685 deerat,
1040 610 1089 680 ut,
1120 605 1147 667 si
1171 604 1239 668 fieri
1262 607 1436 690 potuisset,
1468 607 1552 668 sicut
1574 605 1634 668 hoc
1657 625 1793 689 regnum
1817 604 1889 669 Deo
1913 613 2048 670 auctore

424 709 634 794 expluribus
657 709 846 794 regionibus
865 714 1000 788 constat,
1024 729 1067 772 ex
1090 709 1229 773 diversis
1246 711 1345 774 etiam
1369 709 1495 774 eisdem
1517 709 1706 793 regionibus
1730 716 1786 773 aut
1809 710 1842 773 in
1865 711 1968 795 primo
1992 717 2050 774 aut

422 813 455 876 in
479 813 622 878 seeundo
645 814 815 879 autetiam
839 814 872 876 in
889 812 1039 897 quolibet
1061 814 1133 876 loco
1157 812 1243 876 idern
1266 813 1402 876 ministri
1426 803 1672 898 eligerentur32,
1696 814 1836 898 qualiter
1857 814 2049 878 familiarius

422 938 572 1003 quaeque
599 919 752 1002 regiones
780 917 938 1003 palatium
971 914 1061 980 adire
1090 923 1240 1002 possent,
1276 915 1351 980 dum
1377 937 1455 981 suae
1483 915 1697 1001 genealogiae
1722 915 1774 980 vel
1803 917 1945 1000 regionis
1969 938 2047 980 cou—
2107 935 2109 938 ·

422 1025 527 1084 sortes
550 1021 582 1084 iu
605 1021 726 1106 palatio
750 1022 857 1086 locum
880 1026 992 1084 tenere
1016 1026 1262 1104 cognoscerent.
2089 1051 2102 1087 s

532 1124 610 1211 Gap.
638 1128 686 1189 19.
737 1123 800 1188 His
831 1125 878 1188 ita
907 1124 1052 1188 breviter
1081 1122 1121 1188 de
1154 1123 1313 1208 eligendis
1345 1129 1378 1187 et
1414 1122 1649 1187 constituendis
1685 1123 1842 1188 ministris
1871 1123 2048 1208 praedictis

421 1249 506 1293 nunc
530 1229 572 1294 ad
588 1227 766 1294 eorundem
790 1229 1006 1292 ministrorum
1032 1232 1065 1292 et
1082 1228 1357 1292 ministrationum
1373 1227 1530 1306 ordinem,
1548 1226 1688 1311 qualiter
1704 1227 1886 1305 currebant,
1911 1228 2047 1314 venien-

420 1332 497 1396 dum
529 1339 589 1397 est.
640 1333 724 1397 Nam
760 1332 907 1417 quamvis
939 1331 1076 1417 praefati
1106 1332 1244 1396 ministri
1273 1331 1495 1416 uuusquisque
1523 1329 1563 1395 de
1594 1352 1652 1394 suo
1681 1332 1860 1396 ministerio
1891 1353 1955 1395 nou
1986 1332 2047 1396 sub

420 1436 484 1500 alio
508 1436 561 1501 vel
590 1457 649 1522 per
677 1435 793 1515 alium,
827 1431 890 1497 nisi
913 1454 972 1518 per
1001 1434 1166 1519 seipsum
1196 1435 1302 1498 solum
1330 1453 1455 1520 regem,
1485 1435 1536 1498 vel
1560 1440 1717 1518 quantum
1748 1434 1789 1498 ad
1819 1435 1965 1520 reginam
1993 1436 2047 1499 vel

418 1541 593 1625 gloriosam
615 1539 743 1625 prolem
766 1538 853 1622 regis
882 1537 1113 1623 respiciebant,
1138 1544 1236 1623 caput
1258 1544 1428 1622 ponerent,
1452 1559 1517 1602 non
1541 1543 1649 1602 tamen
1665 1558 1776 1602 ornnes
1801 1539 1982 1623 aequaliter
2004 1539 2045 1604 de
2075 1569 2102 1607 so

421 1645 561 1710 caeteris
586 1642 684 1708 rebus
703 1642 755 1706 vel
772 1647 976 1706 caeterorum
991 1641 1245 1706 necessitatibus
1261 1663 1374 1727 regem
1397 1641 1543 1722 adibant,
1567 1643 1627 1706 sed
1650 1664 1806 1707 mensura
1829 1663 1888 1707 sua
1910 1643 2046 1728 quisque

419 1753 590 1812 contentus
614 1752 683 1812 erat
707 1750 748 1825 et,
772 1745 829 1808 ubi
853 1745 905 1808 vel
929 1744 984 1808 ubi
1008 1745 1090 1808 ratio
1113 1745 1282 1829 poscebat,
1306 1744 1461 1809 solatium
1485 1745 1619 1808 alterius
1643 1745 1840 1830 requirebat.
1878 1745 1906 1809 E
1928 1747 2045 1831 quibus

418 1851 593 1936 praecipue
622 1849 701 1930 duo,
731 1847 764 1911 id
793 1855 844 1912 est
873 1839 1148 1933 apocrisiarius⁸³‚
1179 1848 1233 1932 qui
1261 1855 1396 1911 vocatur
1424 1847 1510 1932 apud
1540 1869 1599 1911 nos
1630 1849 1821 1934 capellanus
1851 1849 1903 1914 vel
1933 1849 2047 1936 palatii

418 1960 542 2034 custos,
570 1952 611 2018 de
636 1951 785 2017 omnibus
815 1950 952 2034 negotiis
977 1949 1212 2014 ecclesiasticis
1236 1950 1289 2015 vel
1320 1951 1477 2014 ministris
1501 1951 1676 2032 ecclesiae,
1706 1957 1740 2016 et
1762 1973 1871 2018 comes
1895 1944 2045 2037 palatii⁸⁴

418 2057 459 2122 de
482 2056 630 2121 omnibus
661 2053 888 2120 saecularibus
913 2053 1019 2116 causis
1043 2053 1096 2117 vel
1123 2052 1251 2118 iudiciis
1282 2053 1478 2141 suscipiendi
1503 2076 1613 2119 curam
1643 2056 1804 2120 instanter
1832 2048 2044 2138 habebant⁸⁵‚
2074 2087 2099 2126 a

417 2167 453 2225 ut
484 2181 543 2224 nec
571 2158 785 2224 ecclesiastici
814 2177 874 2221 nec
907 2157 1092 2220 saeculares
1127 2157 1216 2240 prius
1251 2156 1405 2221 domuum
1438 2180 1551 2243 regem
1587 2159 1711 2243 absque
1744 2179 1857 2223 eorum
1893 2161 2045 2224 consultu

416 2263 596 2350 inquietare
619 2283 757 2336 necesse
780 2259 950 2340 haberent,
974 2279 1143 2344 quousque
1167 2258 1215 2323 illi
1239 2260 1480 2345 praeviderent,
1506 2262 1533 2325 si
1556 2263 1738 2326 necessitas
1762 2269 1858 2342 esset,
1886 2269 1923 2327 ut
1945 2284 2045 2329 causa

415 2375 490 2432 aute
518 2387 631 2450 regem
660 2365 775 2430 merito
810 2363 921 2428 venire
954 2361 1108 2436 deberet;
1138 2363 1267 2427 sivero
1303 2370 1431 2427 secreta
1465 2370 1553 2429 esset
1582 2386 1691 2444 causa,
1727 2386 1823 2451 quam
1855 2367 1944 2451 prius
1967 2388 2044 2431 cou-

415 2475 547 2556 grueret
569 2469 654 2554 regi,
677 2488 775 2552 quam
798 2467 948 2552 cuiquam
981 2467 1076 2530 alteri
1099 2465 1224 2546 dicere,
1254 2467 1396 2532 eundem
1425 2467 1555 2533 dicendi
1583 2470 1690 2533 locum
1721 2469 1829 2534 eidem
1859 2471 1922 2556 ipsi
1947 2492 2044 2556 prae-

415 2580 568 2660 pararent
590 2572 775 2636 introducto
799 2573 888 2657 prius
913 2591 1009 2656 rege,
1041 2578 1077 2635 ut
1099 2571 1162 2635 hoc
1192 2571 1285 2635 iuxta
1313 2571 1444 2636 modum
1468 2592 1627 2657 personae
1651 2573 1703 2635 vel
1734 2573 1968 2638 honorabiliter
1990 2575 2045 2639 vel
2073 2595 2100 2635 ao

412 2678 576 2763 patienter
599 2676 651 2740 vel
675 2677 772 2741 etiam
797 2674 1051 2739 misericorditer
1075 2676 1266 2760 susciperet.

523 2781 602 2866 Cap.
627 2783 679 2844 20.
724 2780 966 2866 Apocrisiarius
990 2779 1120 2864 quidem
1144 2780 1184 2844 de
1215 2781 1300 2844 omni
1324 2779 1548 2844 ecclesiastica
1571 2781 1728 2864 religione
1752 2780 1804 2844 vel
1828 2779 1940 2846 ordine
1966 2803 2042 2846 nec-

414 2907 479 2950 non
508 2885 605 2950 etiam
641 2883 682 2947 de
720 2881 913 2947 canonicae¹
947 2882 1000 2947 vel
1034 2883 1247 2948 monasticae¹
1281 2884 1508 2962 altercatione,
1542 2903 1599 2946 seu
1636 2905 1849 2969 quaecuuque
1884 2885 2042 2970 palatium

413 2989 547 3054 adibant
569 3009 627 3073 pro
660 2987 892 3052 ecclesiasticis
924 2987 1192 3067 necessitatibus,
1222 2987 1473 3052 sollicitudinem
1503 2987 1654 3066 haberet,
1692 2993 1725 3052 et
1748 3008 1788 3052 ea
1816 2988 2041 3053 tantummodo

414 3093 454 3157 de
478 3093 624 3156 externis
648 3111 760 3175 regem
784 3089 921 3168 adirent,
954 3111 1038 3175 quae
1063 3092 1133 3155 sine
1156 3091 1212 3154 illo
1236 3090 1365 3176 plenius
1389 3090 1514 3155 deliniri
1538 3112 1602 3155 nou
1626 3091 1817 3176 potuissent.
1863 3091 2041 3158 Caeterum
2070 3112 2095 3151 aa

413 3203 535 3260 utnon
565 3195 668 3259 solum
692 3193 733 3258 de
755 3193 821 3273 his,
854 3215 937 3280 quae
962 3193 1003 3258 ad
1033 3215 1088 3260 eos
1114 3194 1300 3281 specialiter
1323 3195 1364 3260 de
1394 3196 1481 3258 omni
1505 3177 1697 3259 ornamento
1720 3194 1772 3259 vel
1800 3194 1907 3258 ollicio
1932 3197 2038 3259 eccle-

414 3301 544 3364 siastico
567 3298 651 3362 infra
673 3298 833 3382 palatium
863 3297 991 3382 agenda
1013 3300 1235 3383 pertinebant,
1265 3321 1378 3364 verum
1403 3320 1531 3384 quoque
1556 3306 1589 3363 et
1621 3318 1749 3364 omnem
1781 3299 2039 3364 consolationem

414 3404 593 3489 spiritalem
620 3403 689 3466 sive
721 3401 892 3466 consilium
923 3402 1021 3465 totius
1049 3403 1163 3486 palatii
1191 3403 1373 3487 quicunque
1401 3410 1575 3487 quaereret
1603 3402 1691 3487 apud
1717 3423 1807 3482 eum,
1838 3409 1873 3465 ut
1902 3423 2036 3469 neccsse
2127 3477 2131 3485 ¹

414 3513 494 3588 erat,
516 3505 655 3570 fideliter
670 3505 840 3583 inveniret,
866 3511 899 3568 et
916 3505 1050 3590 quinon
1068 3513 1250 3590 quaereret,
1274 3511 1307 3569 et
1330 3511 1440 3570 tamen
1457 3507 1528 3591 ipse
1552 3505 1637 3591 apud
1658 3507 1800 3591 aliquem
1816 3507 2038 3571 necessarium

413 3632 487 3676 esse
511 3609 658 3690 sentiret,
687 3608 780 3671 iuxta
802 3628 961 3692 personae
985 3609 1178 3692 qualitatem
1202 3616 1236 3674 et
1259 3631 1279 3673 a
1302 3629 1462 3700 perverso¹
1481 3630 1581 3673 sensu
1605 3611 1656 3673 vel
1686 3630 1785 3694 opere
1814 3609 1981 3674 retrahere
2006 3616 2038 3674 et
2067 3634 2093 3674 ar

414 3715 564 3779 adriam
588 3712 700 3777 salutis
724 3717 915 3776 convertere
938 3711 1096 3777 studeret.
1142 3712 1185 3776 Et
1208 3719 1339 3778 caetera
1363 3713 1554 3798 spiritualia,
1578 3734 1790 3799 quaecunque
1819 3713 1941 3798 palatio
1971 3719 2039 3778 tam

413 3819 454 3884 ab
478 3816 609 3882 assidue
634 3816 901 3881 conversantibus
925 3837 1086 3901 quamque
1110 3823 1143 3882 ct
1166 3839 1186 3880 a
1202 3817 1508 3903 supervenientibus
1532 3818 1601 3880 sive
1625 3816 1808 3880 secundum
1824 3817 1942 3897 Deum,
1968 3819 2038 3881 sive

413 3920 589 3986 secuudum
612 3921 758 3985 seculuro
782 3927 818 3984 ut
840 3920 1091 4005 providerentur
1112 3928 1145 3985 et
1169 3921 1438 4007 praeviderentur
1455 3926 1548 3985 eraut
1570 3921 1766 4000 necessaria,
1791 3941 1874 4005 quae
1902 3941 2037 3986 enume-

411 4045 482 4090 rare
506 4024 638 4109 longum
663 4030 724 4102 est,
755 4023 796 4087 ad
821 4023 892 4087 eius
917 4023 1104 4108 specialiter
1129 4045 1239 4088 curam
1262 4025 1489 4109 pertinebant;
1514 4044 1577 4087 uon
1600 4024 1656 4101 ita,
1678 4030 1714 4087 ut
1736 4024 1832 4088 aliter
1853 4025 1942 4089 ullus
1967 4026 2037 4089 sive

411 4128 587 4214 palatinus,
618 4128 685 4192 sive
710 4133 866 4191 externus
895 4127 1131 4213 superveniens
1163 4129 1324 4213 sapientia
1353 4135 1386 4191 et
1409 4149 1487 4193 vera
1514 4127 1686 4192 devotione
1716 4149 1775 4213 per
1803 4127 1867 4192 Dei
1897 4129 2037 4213 gratiam
2064 4146 2089 4186 ss

411 4232 612 4296 illuminatus
643 4231 709 4295 tale
740 4229 861 4314 aliquid
889 4231 1020 4294 minime
1055 4238 1184 4316 ageret,
1216 4231 1274 4296 sed
1305 4233 1447 4297 maxime
1477 4230 1677 4296 consuetudo
1702 4238 1786 4312 erat,
1818 4237 1853 4294 ut
1883 4238 1939 4295 aut
1962 4253 2036 4296 eum

412 4333 526 4399 eodem
550 4333 758 4420 apocrisiario
782 4334 915 4419 pariter,
939 4342 995 4398 aut
1019 4339 1108 4399 certe
1131 4357 1191 4421 per
1211 4336 1281 4400 eius
1306 4336 1489 4416 consilium,
1512 4335 1598 4420 quod
1621 4342 1692 4400 erat
1714 4333 1887 4420 agendum,
1912 4343 2037 4420 ageret,

413 4459 454 4501 ne
479 4437 562 4501 forte
586 4436 663 4522 quid
688 4436 793 4500 minus
818 4437 897 4501 utile
921 4443 978 4500 aut
1000 4438 1170 4522 indignum
1193 4441 1265 4523 regi
1289 4438 1483 4525 subriperet.

519 4539 597 4626 Cap.
622 4543 672 4604 21.
723 4531 894 4603 Comitisssss
929 4545 1037 4604 autem
1068 4542 1180 4626 palatii
1215 4543 1301 4605 iuter
1330 4547 1461 4606 caetera
1494 4561 1599 4627 paene
1629 4541 1879 4607 innumerabilia
1911 4543 1943 4605 iu
1973 4543 2036 4607 hoc

411 4644 552 4709 maxime
583 4643 766 4707 sollicitudo
798 4648 883 4724 erat,
915 4651 952 4707 ut
982 4664 1095 4708 omnes
1131 4645 1356 4709 contentiones
1386 4644 1525 4730 legales,
1558 4665 1641 4731 quae
1672 4644 1751 4709 alibi
1780 4651 1871 4710 ortae
1901 4653 2089 4731 proptera

411 4748 586 4834 aequitatis
609 4746 762 4810 iudicium
793 4747 949 4832 palatium
973 4746 1258 4832 aggrediebantur,
1286 4749 1371 4812 iuste
1395 4769 1433 4812 ac
1461 4747 1697 4824 rationabiliter
1719 4748 1951 4814 determinaret
1975 4769 2035 4813 seu

409 4873 563 4938 perverse
580 4848 721 4914 iudicata
743 4848 785 4913 ad
800 4851 973 4934 aequitatis
991 4851 1153 4914 tramitem
1169 4842 1388 4931 reduceret37,
1410 4856 1446 4914 ut
1464 4857 1498 4915 et
1511 4872 1621 4915 coram
1638 4851 1709 4917 Deo
1726 4859 1861 4938 propter
1875 4852 2032 4916 iustitiam

410 4962 444 5022 et
466 4976 574 5020 coram
597 4952 780 5018 hominibus
804 4959 936 5038 propter
959 4954 1069 5039 legum
1093 4955 1355 5019 observationem
1370 4955 1495 5018 cunctis
1516 4955 1670 5041 placeret.
1710 4955 1838 5041 Siquid
1862 4975 1938 5020 vero
1963 4958 2033 5021 tale

410 5068 512 5140 esset,
541 5058 626 5145 quod
651 5059 741 5142 leges
765 5054 949 5120 mundanae
979 5056 1040 5120 hoc
1070 5057 1104 5120 in
1134 5058 1201 5121 suis
1231 5056 1478 5122 diffinitionibus
1511 5065 1667 5122 statutum
1696 5079 1759 5123 nou
1790 5058 1952 5123 haberent
1976 5067 2034 5123 aut

410 5162 588 5229 secuudum
616 5161 786 5246 gentilium
817 5160 1089 5225 consuetudinem
1120 5159 1282 5225 crudelius
1317 5163 1477 5226 sancitum
1514 5169 1615 5242 esset,
1651 5183 1748 5247 quarn
1785 5161 2033 5227 christianitatis
2060 5191 2086 5230 n

512 5344 531 5408 i)
550 5345 587 5395 ito
604 5343 683 5402 Baras
701 5344 827 5395 canonica
845 5344 887 5395 vel
905 5345 1045 5396 monastica
1063 5361 1131 5397 corr.
1149 5344 1234 5404 Prae·
1253 5344 1425 5411 mppleodum
1443 5344 1555 5396 uidetur:
1574 5345 1714 5412 religionis.

510 5505 556 5571 82)
571 5505 788 5572 osnWaitstc
803 5503 878 5572 111²,
887 5505 1035 5573 pauesce
1053 5506 1184 5560 anncr
1195 5506 1212 5560 l.
1225 5521 1246 5559 c.
1259 5504 1298 5570 II,
1314 5520 1343 5573 p.
1355 5505 1412 5560 102.
1427 5505 1484 5559 112.
1554 5505 1598 5575 83)
1613 5504 1670 5572 σίν.
1682 5522 1702 5560 c.
1713 5506 1754 5562 1³.
1824 5508 1870 5574 st)
1886 5503 1942 5572 Oti.
1956 5522 1978 5561 c.
1989 5507 2032 5561 21.

406 5609 452 5677 85)
472 5609 527 5676 Gfr.
545 5607 720 5677 Walasridae
738 5609 755 5662 t.
767 5623 789 5661 c.
807 5623 828 5661 c.
840 5607 882 5674 32,
900 5623 984 5675 aspra
998 5626 1027 5679 p.
1040 5612 1099 5667 515.
1187 5611 1232 5677 86)
1252 5607 1309 5676 Otr.
1320 5611 1359 5664 16.
1380 5611 1412 5665 19
1417 5629 1427 5678 ,·
1445 5609 1533 5665 Waltz
1550 5611 1566 5664 1.
1585 5626 1605 5666 c.
1625 5611 1647 5664 I
1648 5609 1694 5678 γ’,
1708 5626 1737 5679 p.
1750 5611 1877 5679 485sqq.;
1895 5610 2033 5664 Bruaocr

405 5712 424 5768 l.
440 5728 461 5766 c.
480 5711 522 5778 11,
537 5727 566 5780 p.
581 5713 630 5767 108
639 5728 693 5781 sqq.
699 5735 707 5776 ,·
724 5712 769 5781 id,
790 5709 1135 5782 acroceramina.
1153 5713 1213 5778 282,
1231 5718 1287 5769 not.
1373 5714 1418 5781 87)
1440 5712 1496 5780 Osa
1518 5713 1630 5783 Gcaplcr
1650 5715 1666 5769 l.
1685 5729 1705 5768 c.
1721 5729 1750 5782 p.
1762 5713 1821 5781 699,
1840 5719 1897 5769 not.
1910 5715 1954 5770 54.
