4560 6426
407 409 650 465 CAPITULARIA
670 412 796 466 REGUM
817 412 1001 468 FRANCIAE
1021 413 1282 469 OCOIDENTALIS
1300 415 1448 482 (aaroni
1461 415 1505 482 ll).
1525 445 1556 454 -
1575 416 1623 470 Νι.
1636 415 1694 471 262.
1796 419 1855 482 281

242 583 318 667 quid
341 605 406 648 non
430 587 603 651 conveniat
626 587 748 660 l'acere;
773 595 808 652 ut
830 588 896 664 illa,
920 610 1003 673 quae
1027 590 1233 666 conveniunt,
1257 590 1414 654 faciamus
1438 595 1472 656 et
1494 591 1560 665 illa,
1585 610 1669 676 quae
1693 612 1756 655 non
1780 612 1857 654 con·
1876 599 1934 654 856.

242 686 385 767 veniunt,
409 703 613 768 caveamus0,
637 698 670 754 et
692 690 887 776 ubicumque
910 693 942 756 in
966 700 1051 756 retro
1074 693 1204 778 aliquas
1226 714 1245 756 a
1269 695 1362 758 uobis
1386 695 1454 757 suis
1477 692 1629 758 fidelibus
1653 694 1684 756 iu
1702 715 1857 779 quocum-

242 810 305 873 que
330 791 442 856 ordine
474 791 563 856 faeta
592 802 680 872 sunt,
712 816 795 880 quae
825 817 888 859 non
919 795 1134 872 condeceant,
1167 816 1240 860 cnm
1272 795 1336 861 Dei
1360 804 1393 862 ct
1422 798 1507 861 illius
1538 797 1661 861 auxilio
1691 805 1724 862 et
1746 805 1858 862 nostro

150 934 153 940 ·
243 896 404 958 communi
432 899 585 977 oonsilio,
620 919 716 984 quam
749 899 844 963 eitius
875 921 946 965 cum
980 901 1104 964 ratione
1135 909 1168 964 et
1197 899 1412 986 possibilitate
1444 900 1617 965 emendare
1647 901 1858 986 potuerimus,

212 998 453 1064 comendamus
477 1007 510 1064 et
533 1001 642 1067 inante
667 1002 864 1086 corrigamus
889 1011 923 1068 et
946 1009 1093 1068 correcte
1117 1001 1345 1067 custodiamus.

355 1107 400 1166 10.
435 1103 478 1167 nt
494 1104 615 1184 sciatis,
640 1106 715 1189 quia
739 1107 784 1169 sie
808 1116 880 1170 est<l
903 1105 1064 1170 adunatus
1089 1127 1161 1170 cum
1178 1105 1327 1170 omnibus
1344 1108 1411 1171 suis
1427 1106 1578 1172 fidelibus
1594 1107 1626 1170 in
1644 1107 1730 1170 omni
1747 1105 1858 1170 ordine

242 1213 275 1270 et
304 1212 390 1271 statu
419 1216 451 1271 et
478 1228 537 1272 nos
567 1231 679 1275 omnes
704 1211 753 1274 sui
776 1209 890 1274 fideles
913 1208 969 1274 der
992 1209 1078 1273 omni
1103 1207 1216 1272 ordino
1240 1216 1273 1272 ot
1296 1215 1412 1289 statur,
1437 1215 1481 1288 ut,
1505 1210 1532 1273 si
1556 1210 1611 1274 ille
1636 1210 1728 1274 iuxta
1744 1210 1857 1273 huma-

243 1333 317 1376 nam
340 1312 548 1398 fragilitatem
574 1315 694 1401 aliquid
720 1323 832 1380 contra
855 1315 919 1378 tale
944 1319 1072 1400 paetum
1095 1313 1222 1390 feeerit,
1246 1313 1337 1376 illum
1361 1312 1497 1377 honeste
1523 1319 1555 1376 et
1575 1333 1647 1377 cum
1665 1313 1857 1388 reverentia,

244 1417 327 1480 sicut
350 1418 509 1482 seniorem
534 1418 645 1494 decet,
674 1440 912 1492 ammonemus,
943 1426 977 1482 ut
1005 1419 1059 1483 ille
1090 1419 1149 1482 hcc
1180 1419 1320 1501 corrigat
1344 1425 1377 1482 ct
1400 1416 1553 1482 emendet
1575 1424 1609 1482 et
1633 1417 1803 1501 unicuique
1827 1417 1858 1480 in

201 1535 300 1584 ¹⁰suo
324 1519 436 1586 ordine
460 1521 602 1586 debitam
627 1525 732 1608 legem
761 1527 942 1588 conservet.
996 1520 1039 1584 Et
1067 1521 1093 1584 si
1121 1521 1239 1606 aliquis
1270 1519 1310 1585 de
1343 1520 1435 1584 nobis
1465 1521 1497 1584 in
1522 1541 1725 1606 quocumque
1748 1521 1858 1586 ordine

243 1631 355 1688 contra
377 1625 474 1688 istum
497 1630 628 1709 pactum
650 1626 797 1691 incontra
821 1627 911 1692 illum
935 1628 1063 1704 fecerit,
1095 1627 1121 1690 si
1145 1628 1219 1690 talis
1243 1634 1308 1703 est,
1339 1633 1375 1689 ut
1398 1627 1452 1692 ille
1476 1626 1551 1691 inde
1575 1647 1648 1690 eum
1673 1648 1859 1691 ammonere

243 1729 363 1806 voleat,
387 1735 423 1792 ιιι
445 1729 605 1808 emendet,
630 1730 744 1806 laciat3
769 1739 801 1797 et
825 1732 852 1796 si
875 1733 950 1796 talis
974 1738 1026 1796 cst
1042 1751 1151 1810 causa,
1178 1736 1213 1794 ut
1235 1730 1311 1794 inde
1328 1730 1419 1794 illum
1436 1731 1641 1796 familiariter
1658 1752 1722 1794 non
1739 1729 1860 1794 debeat

243 1854 438 1912 ammonere,
462 1840 495 1898 et
517 1841 593 1899 ante
610 1856 686 1899 suos
709 1857 805 1921 paros
829 1835 919 1899 illum
943 1835 974 1899 in
1000 1841 1120 1898 rectam
1144 1835 1302 1898 rationem
1326 1826 1465 1910 mittat7,
1490 1842 1523 1899 et
1547 1834 1612 1911 ille,
1636 1835 1689 1918 qui
1714 1833 1858 1898 debitum

242 1944 371 2021 pactum
395 1945 428 2001 et
451 1944 572 2002 rectam
597 1939 702 2022 legem
726 1945 758 2004 et
780 1938 925 2003 debitam
949 1939 1068 2003 seniori
1091 1938 1306 2003 reverentiam
1331 1959 1393 2001 non
1416 1938 1484 2002 vult
1505 1937 1662 2002 exhibere
1687 1945 1720 2003 et
1745 1939 1857 2003 obser-

201 2055 225 2092 ιι
245 2061 332 2120 vare,
356 2039 475 2104 iustum
500 2042 643 2106 iustitiae
667 2042 820 2107 iudicium
846 2043 1016 2107 sustineat.
1070 2041 1112 2105 Et
1144 2042 1171 2106 ai
1195 2042 1354 2106 sustinere
1379 2063 1443 2106 non
1467 2043 1605 2107 voluerit
1628 2049 1661 2107 et
1684 2049 1859 2106 contumax

244 2150 278 2208 et
302 2144 432 2207 rebellis
456 2145 602 2209 extiterit
626 2151 658 2209 et
681 2147 825 2210 converti
849 2167 913 2210 non
937 2145 1087 2230 potuerit,
1111 2167 1131 2208 a
1154 2150 1266 2208 nostra
1288 2147 1431 2209 omnium
1456 2147 1613 2210 societate
1637 2153 1670 2210 et
1694 2167 1794 2230 reguo
1816 2145 1858 2209 ab

244 2245 392 2311 omnibus
416 2249 609 2334 expellatur.
654 2248 697 2313 Et
721 2250 748 2313 si
773 2250 882 2314 senior
904 2254 1017 2312 noster
1039 2247 1145 2333 legem
1170 2249 1344 2334 unicuique
1368 2248 1512 2314 debitam
1536 2257 1569 2312 et
1592 2270 1611 2312 a
1634 2271 1668 2313 se
1692 2255 1725 2312 et
1748 2271 1768 2312 a
1790 2249 1856 2312 suis

245 2352 506 2417 antecessoribus
535 2354 647 2418 nobis·
677 2363 709 2418 et
736 2354 856 2419 nostris
886 2353 1170 2418 antecessoribus·
1196 2347 1430 2438 perdonatam⁸
1458 2374 1517 2438 per
1547 2359 1667 2418 rectam
1700 2354 1859 2418 rationem

245 2455 296 2519 vel
320 2455 574 2521 misericordiam
599 2464 837 2543 competentem
863 2458 1036 2542 unicnique
1066 2457 1099 2520 in
1127 2477 1186 2520 suo
1219 2456 1331 2521 ordine
1361 2478 1555 2522 conservare
1579 2478 1643 2521 non
1666 2457 1804 2521 voluerit
1826 2464 1860 2520 et

200 2579 226 2617 so
244 2560 437 2624 ammonitus
461 2582 481 2625 a
503 2562 571 2626 suis
594 2561 743 2627 fidelibus
767 2583 858 2626 suam
882 2562 1094 2626 intentionem
1125 2583 1186 2625 noo
1210 2561 1361 2640 voluerit,
1393 2560 1519 2638 sciatis,
1550 2560 1626 2645 quia
1655 2559 1701 2624 sic
1730 2566 1781 2624 est
1804 2559 1858 2624 ille

244 2663 412 2728 nobiscum
441 2671 475 2729 et
502 2686 561 2730 nos
597 2687 669 2730 cunr
703 2666 758 2730 illo
790 2664 924 2730 adunati
957 2673 990 2730 et
1025 2667 1072 2729 sic
1104 2685 1216 2729 sumus
1251 2686 1363 2728 omnes
1395 2685 1453 2750 per
1479 2664 1564 2728 illius
1593 2664 1795 2727 voluntatem
1827 2670 1860 2728 et

245 2789 439 2833 consensum
469 2770 664 2848 confirmati,
694 2770 839 2856 episcopi
867 2777 966 2856 atque
994 2770 1133 2834 abbates
1162 2790 1234 2834 enm
1262 2767 1354 2832 laicis
1385 2774 1419 2832 et
1446 2767 1521 2831 laici
1551 2789 1624 2831 eum
1655 2767 1730 2830 viris
1754 2768 1858 2831 ecele-

244 2871 400 2946 siasticis,
429 2879 464 2936 ut
493 2873 600 2938 nullus
631 2893 725 2937 suum
754 2893 865 2959 parem
895 2872 1051 2954 dimittat,
1079 2881 1114 2936 ut
1144 2879 1257 2937 contra
1288 2891 1379 2935 suam
1409 2870 1515 2955 legem
1548 2877 1581 2935 et
1609 2877 1731 2934 rectam
1760 2870 1858 2935 ratio-

244 2998 318 3041 nem
342 2975 517 3042 etinctum
541 2976 856 3058 iudicium,etiamsi
884 2978 1038 3058 voluerit,
1066 2975 1152 3063 quod
1184 2975 1284 3054 absit,
1313 2996 1370 3040 rex
1397 2979 1506 3039 noster
1532 2975 1629 3039 alicui
1656 2974 1766 3040 facere
1795 2995 1859 3038 nou

201 3080 358 3165 capessit.

356 3189 402 3248 ll.
439 3184 483 3248 Et
507 3186 636 3264 sciatis,
660 3187 736 3271 quia
759 3185 800 3249 ad
823 3185 885 3248 hoe
909 3182 1131 3270 quaerendum
1159 3191 1193 3250 et
1215 3183 1447 3250 inveniendum
1472 3189 1506 3248 et
1529 3183 1738 3248 statuendum
1762 3189 1859 3270 atque

244 3287 499 3353 confirmandum
522 3310 594 3353 eum
619 3297 727 3353 nostro
750 3296 784 3354 et
799 3293 1003 3353 caeterorum
1019 3287 1162 3353 fidelium
1182 3307 1313 3352 suorum
1331 3307 1494 3352 consensu
1510 3286 1609 3351 habet
1625 3292 1736 3351 noster
1752 3287 1862 3351 senior

244 3391 456 3455 constitutum
485 3392 591 3456 locum
606 3391 811 3458 Vermeriam
841 3391 997 3477 palatium
1026 3398 1059 3455 et
1087 3395 1216 3476 tempus
1247 3410 1285 3454 ac
1314 3389 1400 3454 diem
1423 3388 1515 3454 XIV.
1538 3389 1679 3455 Kalend.
1702 3390 1861 3476 Augusti;

244 3501 277 3558 et
299 3493 399 3559 habet
422 3516 464 3560 ex
488 3496 617 3561 nomine
645 3495 825 3582 descriptos
855 3494 969 3560 fideles
992 3516 1082 3575 suos,
1113 3517 1174 3582 per
1203 3516 1339 3581 quorum
1370 3502 1544 3561 tractatum
1575 3497 1639 3561 ista
1668 3517 1767 3562 eausa
1789 3494 1861 3561 Deo

200 3622 226 3660 aa
244 3597 419 3664 adiuvante
442 3599 483 3664 ad
505 3601 741 3686 perfectionem
765 3600 949 3686 perveniam
972 3607 1005 3664 et
1026 3600 1126 3666 habet
1150 3599 1226 3664 VII.
1248 3599 1388 3666 Kalend.
1410 3599 1552 3685 Augusti
1576 3599 1617 3664 ad
1641 3601 1746 3686 ipsum
1770 3600 1861 3686 pala-

244 3701 325 3767 tium
341 3701 545 3769 Vermeriam
568 3705 766 3790 generaliter
789 3725 902 3769 omnes
925 3704 1039 3770 fideles
1062 3725 1139 3769 suos
1163 3711 1376 3786 convocatos,
1399 3711 1436 3768 ut
1459 3705 1610 3770 omnibus
1633 3725 1725 3769 suam
1749 3705 1860 3769 volun·

244 3811 345 3870 tatem
369 3813 403 3872 et
424 3807 692 3895 perdonationem
717 3815 751 3873 et
773 3815 933 3884 nostram,
962 3809 1016 3894 qui
1039 3807 1151 3872 fideles
1176 3808 1261 3872 illius
1285 3828 1412 3888 sumus,
1436 3806 1643 3874 devotionem
1666 3808 1863 3893 accognitet,

244 3919 281 3976 ιιι
305 3911 370 3975 ista
396 3913 639 3989 convenientia,
668 3933 764 3998 quam
795 3918 880 3976 teste
908 3911 981 3977 Deo
1012 3911 1287 3993 confirmabimus,
1321 3912 1432 3977 inante
1460 3911 1576 3976 diebus
1604 3911 1692 3977 vitae
1721 3932 1800 3976 suae
1830 3919 1864 3976 et

246 4015 361 4081 diebus
396 4016 483 4082 vitae
517 4023 648 4082 nostrae
688 4024 896 4082 conservetur
934 4022 967 4081 et
1004 4016 1073 4102 ipsa
1111 4017 1177 4080 anis
1217 4014 1464 4082 successoribus
1505 4021 1617 4081 contra
1656 4035 1863 4081 successores

202 4141 227 4180 ca
248 4125 376 4184 nostros
400 4131 433 4185 et
456 4141 516 4185 nos
539 4121 657 4186 nostris
685 4121 929 4186 successoribus
957 4119 1023 4185 suis
1045 4120 1288 4185 successoribus
1311 4118 1567 4185 conservandam
1590 4121 1623 4185 in
1646 4119 1710 4185 Dei
1733 4118 1863 4184 nomine

245 4223 479 4309 relinquamus.
1408 4301 1421 4332 ·

357 4330 404 4391 12.
439 4325 483 4392 nt
506 4327 630 4404 sciatis,
660 4329 736 4413 qnia
763 4328 832 4391 vult
862 4329 971 4393 senior
993 4334 1103 4391 noster
1133 4334 1166 4392 et
1188 4347 1249 4391 nos
1272 4347 1309 4392 ac
1333 4328 1456 4392 caeteri
1479 4327 1594 4394 fideles
1617 4327 1723 4404 illius,
1753 4333 1804 4405 ut,
1836 4327 1863 4391 si

246 4451 314 4508 vos,
337 4431 391 4515 qui
415 4431 501 4495 illius
524 4430 638 4496 fideles
663 4437 696 4496 et
719 4430 898 4496 consiliarii
922 4450 995 4495 essa
1019 4429 1161 4510 debetis,
1190 4431 1376 4511 volueritis,
1405 4431 1489 4497 sieut
1511 4431 1602 4520 uobis
1630 4429 1791 4507 diximus,
1823 4429 1863 4494 ad

247 4533 333 4599 illius
355 4536 572 4619 praesentiam
596 4541 630 4600 et
651 4533 842 4600 fidelitatem
866 4539 963 4620 atque
987 4535 1157 4599 servitium
1180 4535 1291 4600 venire
1315 4542 1349 4600 et
1372 4535 1541 4600 nobiscum
1566 4536 1598 4600 iu
1621 4535 1685 4600 ista
1709 4535 1864 4600 societate

204 4659 230 4698 a
247 4659 336 4718 esse,
364 4639 440 4724 quia
470 4645 504 4703 et
532 4640 603 4725 ipae
632 4645 666 4705 et
692 4661 751 4705 nos
781 4659 865 4725 quae
893 4639 1074 4704 voluntaria
1097 4639 1263 4718 volemus,
1286 4646 1322 4705 ut
1345 4659 1419 4704 cnm
1441 4638 1535 4705 nobis
1558 4639 1620 4705 hoe
1644 4645 1678 4704 et
1700 4639 1864 4725 quaeratis

248 4749 282 4807 et
303 4742 476 4808 inveniatis
505 4750 537 4808 et
565 4744 715 4808 statuatis
743 4748 776 4807 et
806 4742 1004 4808 confirmetis
1031 4743 1146 4828 atqus‘
1173 4743 1389 4808 conservetis‘
1418 4749 1452 4809 et
1480 4765 1539 4809 nos
1561 4764 1634 4808 cum
1659 4742 1751 4808 vobis
1775 4743 1863 4808 simi-

247 4845 337 4920 liter;
371 4852 406 4911 et
432 4845 522 4912 robis
555 4847 628 4912 aliis
660 4847 824 4926 omnibus,
858 4847 941 4912 sieut
969 4853 1003 4911 et
1029 4847 1138 4926 nobis,
1171 4845 1315 4910 debitam
1352 4846 1460 4932 legem
1492 4853 1525 4914 et
1554 4853 1678 4914 rectam
1705 4847 1864 4912 rationem

247 4949 365 5014 dehinc
393 4951 520 5028 inante,
555 4951 638 5016 sient
665 4957 790 5017 rectum
814 4957 879 5030 est,
913 4952 982 5015 vult
1008 4971 1219 5030 conservare,
1255 4951 1340 5016 sieut
1368 4952 1419 5017 sui
1448 4959 1691 5029 antecessores,
1725 4953 1780 5037 qui
1803 4952 1864 5016 hoe

247 5053 363 5118 melius
391 5059 425 5119 at
451 5055 676 5120 rationabilius
706 5054 871 5136 lecerunt,
905 5055 1026 5120 nostris
1061 5061 1095 5120 et
1121 5055 1239 5120 restris
1270 5056 1532 5121 antecessoribus
1566 5057 1599 5120 in
1631 5055 1719 5120 omni
1752 5054 1865 5121 ordine

205 5178 230 5218 e
248 5165 534 5224 conservaremnt.

351 5343 377 5408 ο)
396 5342 499 5411 Rapite.
519 5344 541 5396 1.
637 5342 665 5410 p)
682 5343 780 5410 aliquid
797 5340 821 5393 2.
914 5342 942 5409 q)
960 5342 1003 5396 ille
1025 5342 1088 5396 cdd.
1105 5341 1129 5395 5.
1222 5343 1245 5405 r)
1271 5344 1303 5395 de
1321 5382 1326 5392 .
1341 5379 1366 5393 ..
1384 5350 1455 5396 staur
1476 5360 1526 5398 oca.
1546 5344 1592 5398 le.
1683 5344 1707 5410 s)
1725 5343 1799 5396 uobis

248 5431 451 5484 anteeemoribus
468 5447 516 5483 cm.
536 5429 581 5482 le.
668 5429 689 5494 t)
708 5447 756 5481 om.
776 5428 823 5482 le.

352 5592 379 5663 l)
399 5591 453 5658 Gfr.
474 5591 555 5648 Ocno.
573 5609 618 5662 ap.
638 5591 783 5646 Mosam
796 5591 834 5646 IL
853 5593 914 5660 851,
931 5607 1016 5660 aspra
1030 5608 1058 5660 p.
1072 5592 1113 5658 74,
1131 5607 1153 5645 c.
1164 5593 1189 5645 8.
1281 5592 1308 5658 8)
1328 5589 1383 5657 Off.
1404 5589 1482 5646 Uoco.
1502 5589 1599 5645 Iaeodia'
1615 5589 1673 5645 aa.
1690 5591 1751 5657 854,
1770 5589 1866 5646 Hlotlu.

249 5694 384 5763 Adeunt,
401 5710 485 5764 supro
498 5713 527 5764 p.
540 5696 583 5763 77,
601 5711 621 5750 c.
635 5696 659 5750 3.

350 5808 387 5848 m.
406 5807 614 5847 assummum
1627 5790 1662 5844 36
