4560 6426
443 439 506 500 290
607 435 852 490 charrubium
871 435 996 489 REGUM
1019 434 1202 489 l'ltsrlclsu
1221 433 1484 488 oceloan'rauls
1502 432 1650 500 (KAROLI
1663 433 1709 502 ΙΙ).
1728 463 1759 472 -
1779 433 1827 486 Nr.
1840 434 1899 488 266.

363 607 420 662 857·
441 613 512 674 libet
536 636 621 674 causa
644 622 695 672 aut
717 636 863 674 munerum
891 616 1018 684 acceptio
1048 620 1099 671 aut
1125 617 1252 673 amicitia
1280 617 1430 674 cuiuslibet
1453 617 1496 672 vel
1525 616 1619 671 odium
1646 619 1697 670 aut
1725 614 1810 669 timor
1838 618 1888 670 aut
1913 615 2007 684 gratia
2030 615 2067 670 ab

440 709 517 760 statu
542 705 719 761 rectitudinis
744 723 793 759 vos
815 703 928 758 deviare
952 704 1111 773 compellat,
1135 705 1204 774 quin
1226 705 1302 759 inter
1317 703 1475 776 proximum
1491 707 1521 758 et
1536 702 1695 774 proximum
1711 719 1821 772 semper
1835 702 1909 756 iuste
1925 701 2065 757 iudicetis.

439 791 614 862 Pupillorum
638 809 703 846 vero
727 795 757 847 et
773 791 918 845 viduarum
941 793 970 844 et
985 797 1160 845 caeterorum
1176 809 1332 861 pauperum
1348 791 1491 845 adiutores
1515 807 1548 844 ac
1570 790 1731 844 defensores
1754 792 1785 842 et
1799 792 1913 843 sanctae
1930 788 2065 861 ecclesiae

441 879 506 934 velq
529 896 672 934 servorum
695 878 772 932 illius
794 879 979 932 honoratores
1003 876 1084 932 iuxta
1107 881 1229 932 vestram
1252 878 1472 948 possibilitatem
1495 876 1566 932 sitis.
1604 876 1670 931 Illos
1686 893 1806 946 quoque,
1830 875 1880 945 qui
1902 874 2064 930 temeritate

441 969 470 1020 et
493 964 629 1022 violentia
656 965 684 1019 iu
713 965 796 1020 furtis
818 966 852 1018 ·et
880 962 1036 1018 latrociniis
1060 964 1118 1018 sive
1141 964 1248 1034 rapinis
1271 982 1447 1019 communem
1469 981 1568 1033 pacem
1590 963 1687 1032 populi
1711 962 1876 1031 perturbare
1898 961 2061 1027 moliuntur,
2097 973 2109 1010 ι

441 1055 534 1107 vestro
557 1051 651 1106 studio
674 1054 704 1106 et
726 1050 912 1115 correctione,
936 1049 1009 1104 sicut
1030 1051 1123 1117 decet,
1148 1051 1326 1121 compescite.
1371 1049 1453 1105 Etsi
1476 1050 1573 1119 aliqua
1594 1066 1715 1120 persona
1737 1048 1767 1102 in
1790 1049 1886 1118 aliquo
1908 1048 1988 1104 vobis
2011 1048 2061 1102 im-

440 1138 632 1208 pedimentum
655 1138 753 1204 luerit,
782 1137 849 1207 quin
873 1155 918 1202 ea,
947 1153 1019 1205 quae
1041 1136 1172 1204 dicimus,
1204 1139 1296 1193 facere
1320 1156 1376 1193 non
1399 1137 1532 1202 valeatis,
1560 1136 1642 1191 nobis
1669 1135 1706 1190 ad
1732 1138 1843 1206 tempus
1871 1135 1941 1190 illud
1963 1138 2063 1191 notum

441 1225 578 1292 tuciatir‘,
602 1229 634 1280 ut
655 1229 753 1280 nostra
776 1223 946 1279 auctoritate
970 1223 1061 1279 adiuti
1084 1225 1272 1280 ministerium
1296 1229 1420 1280 vestrum
1443 1224 1527 1294 digne
1551 1223 1705 1293 adimplere
1728 1223 1851 1293 possitis.

548 1319 608 1401 (2.)
644 1327 746 1383 Omne
755 1310 782 1356 4¹
810 1345 877 1382 vero
907 1327 993 1383 laicos
1021 1345 1180 1392 monemus,
1218 1331 1256 1402 ut¹
1281 1328 1416 1383 honorem
1444 1325 1663 1382 ecclesiasticum
1692 1328 1859 1381 conservent
1889 1329 1919 1380 et
1947 1326 2062 1396 dignam

440 1415 651 1470 venerationem
680 1415 819 1484 episcopis
849 1416 878 1469 et
906 1414 958 1469 Dei
987 1413 1179 1469 sacerdotibus
1210 1415 1364 1470 exhibeant
1394 1417 1423 1469 et
1456 1414 1492 1468 ad
1522 1431 1617 1468 eorum
1645 1412 1885 1482 praedicationem
1913 1429 1976 1466 oum
2005 1412 2063 1466 suis
2086 1424 2111 1462 ro

439 1503 541 1557 devote
565 1505 713 1557 occurrant
735 1505 766 1556 et
787 1501 895 1555 ieiunia
917 1501 952 1554 ab
975 1500 1032 1554 illis
1055 1501 1241 1556 communiter
1267 1500 1375 1556 indicta
1396 1502 1559 1556 reverenter
1581 1503 1748 1554 conservent
1771 1503 1800 1554 et
1823 1516 1887 1553 suos
1911 1498 2060 1554 observare

440 1589 560 1644 doceant
587 1589 633 1643 et'
660 1587 839 1657 compellant.
891 1587 930 1642 Ut
961 1587 1047 1643 etiarn
1073 1587 1133 1642 dies
1161 1588 1325 1653 dominicus,
1355 1588 1428 1642 sicut
1449 1588 1540 1653 decet,
1567 1580 1735 1641 honoreturt
1766 1589 1795 1640 et
1817 1586 1938 1650 colatur,
1967 1603 2064 1640 omnes

440 1676 585 1740 studeant;
615 1679 645 1729 et
667 1677 699 1729 ut
721 1673 836 1729 liberius
860 1675 919 1729 fieri
941 1675 1065 1744 possint,
1093 1679 1219 1730 mercata
1247 1679 1277 1730 et
1306 1675 1412 1745 placita
1439 1691 1456 1728 a
1486 1673 1649 1738 comitibus,
1678 1672 1752 1728 sicut
1781 1689 1865 1742 saepe
1888 1672 2063 1727 admonitum

441 1761 503 1829 tuit,
527 1761 577 1817 illo
601 1762 646 1816 die
670 1760 882 1831 prohibeantur.

549 1855 606 1940 (3.)
641 1846 718 1920 De⁴2
740 1881 808 1936 pace
833 1881 898 1920 vero
920 1865 950 1918 iu
973 1864 1119 1919 exercitali
1140 1865 1243 1919 itinere
1259 1863 1397 1919 servanda
1412 1879 1501 1933 usque
1524 1864 1559 1917 ad
1575 1863 1718 1918 marcham
1741 1863 1794 1917 hoc
1810 1861 1939 1916 omnibus
1962 1865 2062 1917 notum
2082 1875 2107 1914 ιι

440 1951 501 2008 fieri
523 1953 662 2018 volumus,
694 1951 769 2021 quod
792 1951 951 2021 quicunque
974 1955 1118 2006 auctorem
1140 1951 1236 2006 damni
1260 1950 1312 2005 sibi
1335 1950 1491 2020 praeterito
1515 1968 1589 2005 anno
1611 1949 1695 2004 inlati
1718 1949 1885 2006 nominatim
1909 1949 2063 2020 cognoscit,

441 2041 473 2093 ut
495 2037 634 2093 iustitiam
657 2038 691 2093 de
714 2038 764 2092 illo
787 2041 906 2107 quaerat
929 2041 959 2092 et
981 2037 1110 2108 accipiat.

549 2131 607 2216 (4.)
642 2123 815 2212 Deinceps‘l3
838 2145 933 2196 tamen
956 2141 1084 2196 omnibus
1108 2142 1275 2196 denuntiare
1292 2141 1427 2207 volumus,
1452 2145 1485 2196 ut
1504 2141 1695 2211 unusquisque
1712 2144 1864 2212 cognoscat
1887 2157 1997 2220 omnes,¹
2011 2141 2064 2210 qui

441 2228 470 2282 in
499 2246 549 2283 suo
572 2228 707 2297 obsequio
730 2228 760 2282 iu
788 2228 841 2282 tali
863 2227 965 2283 itinere
981 2232 1110 2298 pergunt,
1134 2228 1193 2282 sive
1217 2228 1259 2282 sui
1282 2228 1347 2294 sint,
1371 2228 1428 2282 sive
1452 2227 1552 2293 alieni,
1576 2231 1608 2282 ut
1631 2228 1678 2282 ille
1701 2228 1735 2282 de
1758 2244 1855 2282 eorum
1875 2227 1958 2282 factis
1979 2228 2063 2282 ratio·

441 2333 505 2370 nem
528 2333 557 2370 se
580 2315 652 2370 sciat
667 2315 841 2370 redditurum
857 2317 893 2380 et,
917 2314 1072 2384 quicquidu
1095 2315 1125 2369 in
1141 2332 1210 2385 pace
1228 2315 1358 2369 violanda
1373 2314 1552 2383 deliquerint,
1576 2315 1612 2369 ad
1627 2315 1715 2384 ipsius
1731 2314 1834 2370 debeat
1848 2314 2063 2385 periculum'
2083 2327 2111 2367 ao

441 2401 598 2472 pertinere;
628 2419 662 2456 sa
684 2401 793 2456 scilicet
820 2401 990 2468 conditione,
1013 2405 1046 2456 ut
1068 2401 1145 2471 pacis
1162 2401 1283 2457 violator
1306 2401 1427 2472 primum
1449 2401 1530 2455 iuxta
1544 2401 1677 2456 facinoris
1693 2401 1871 2471 qualitatem,
1895 2400 1953 2456 sive
1970 2419 2064 2456 coram

441 2487 522 2544 nobis
551 2488 610 2544 sive
640 2505 734 2544 coram
756 2489 841 2543 misso
870 2492 981 2553 nostro,
1009 2489 1109 2558 dignas
1137 2505 1243 2558 poenas
1271 2489 1414 2558 persolvat
1444 2492 1479 2544 et¹
1495 2487 1603 2552 senior,
1631 2488 1680 2557 qui
1709 2505 1801 2543 secum
1831 2489 1917 2544 talem
1944 2489 2064 2554 duxerit,

441 2593 524 2644 quem
541 2579 591 2630 aut
606 2574 798 2646 constringere
819 2575 911 2630 noluit
932 2578 983 2630 aut
1005 2593 1062 2630 non
1085 2574 1187 2645 potuit,
1211 2578 1244 2630 ut
1266 2579 1392 2630 nostram
1411 2575 1564 2630 iussionem
1581 2578 1713 2640 servaret,
1738 2579 1767 2630 et
1789 2575 1904 2646 insuper
1926 2575 1954 2630 iu
1978 2593 2065 2647 regno

442 2666 538 2717 nostro
561 2662 680 2732 praedas
703 2663 795 2718 facere
818 2679 875 2718 non
898 2661 1038 2729 timuerit,
1062 2681 1113 2732 pro
1135 2661 1212 2716 illius
1235 2662 1425 2732 neglegentia,
1449 2661 1472 2715 si
1496 2666 1562 2717 ante
1587 2681 1650 2718 eum
1673 2662 1707 2716 de
1730 2660 1774 2716 his
1797 2680 1854 2718 non
1878 2662 2064 2728 admonuerit,

442 2753 471 2806 et
493 2752 644 2820 postquam
664 2749 846 2820 neglegentia
869 2749 1071 2819 contemptoris
1096 2749 1130 2803 ad
1154 2749 1213 2804 eius
1237 2749 1369 2804 notitiam
1393 2749 1571 2818 pervenerit,
1603 2767 1667 2804 eum
1694 2749 1847 2820 corrigere,
1879 2749 1952 2804 sicut
1973 2750 2063 2816 decet,
2082 2763 2109 2802 ιι

441 2835 606 2906 neglexerit,
630 2837 736 2890 honore
760 2853 811 2891 suo
833 2835 968 2906 privetur,
993 2839 1025 2890 ut
1046 2837 1155 2891 scilicet
1177 2839 1278 2890 neuter
1299 2835 1412 2890 illorum
1436 2836 1495 2890 sine
1519 2835 1594 2890 iusta
1617 2835 1742 2890 vindicta
1764 2840 1917 2891 remaneat.

550 2928 608 3014 (5.)
643 2921 800 2994 Οοιιιιιειι44
825 2957 890 2995 vero
914 2939 1051 2994 ministris
1074 2939 1209 2995 ecelesiae
1232 2939 1261 2993 in
1287 2957 1383 2994 eorum
1406 2937 1579 3002 ministeriis,
1604 2943 1635 2992 ut
1657 2940 1711 2993 hoc
1728 2939 1838 3009 plenius
1862 2943 1891 2994 et
1911 2939 1945 2995 de
1961 2940 2066 2995 nostris

442 3030 472 3082 et
493 3027 527 3081 de
550 3044 579 3081 se
602 3029 632 3081 et
653 3026 688 3081 de
712 3026 769 3080 suis
790 3026 951 3081 hominibus
975 3026 1103 3082 obtinere
1119 3026 1237 3096 possint,
1261 3026 1403 3081 adiutores
1427 3026 1456 3080 in
1474 3024 1603 3080 omnibus
1618 3026 1695 3080 fiant.
1739 3025 1777 3081 Et
1792 3027 1952 3096 quicunque
1975 3027 2066 3097 prima

443 3117 473 3169 et
495 3112 617 3168 secunda
640 3113 699 3168 vice
721 3113 755 3168 de
779 3114 822 3168 his
845 3131 863 3167 a
884 3114 987 3168 comite
1010 3113 1171 3168 admonitus
1193 3131 1251 3167 non
1274 3130 1303 3167 se
1319 3112 1480 3177 correxerit,
1504 3113 1640 3178 volumus,
1664 3116 1697 3167 ut
1718 3131 1768 3182 per
1790 3113 1910 3169 eundem
1933 3114 2065 3170 comitem

444 3200 503 3256 eius
526 3199 708 3271 neglegentia
729 3202 765 3254 ad
786 3204 913 3256 nostram
935 3200 1067 3256 not'tiam
1083 3201 1248 3272 perferatur,
1273 3203 1304 3254 ut
1327 3199 1625 3264 nostraauctoritate,
1648 3199 1723 3269 quod
1746 3200 1776 3254 in
1799 3204 1896 3256 nostro
1913 3202 2064 3272 capitulari
2083 3221 2109 3259 ao

445 3286 613 3352 continetur,
637 3287 730 3342 subire
754 3291 879 3358 cogatur.

552 3381 612 3464 (6.)
646 3391 686 3446 De
695 3372 724 3420 ⁴⁶
746 3409 815 3462 paee
830 3392 1020 3456 admonemus,
1043 3394 1075 3445 ut
1091 3407 1197 3454 omnes,
1221 3389 1270 3459 qui
1292 3408 1342 3460 per
1357 3389 1453 3459 aliqua
1468 3391 1574 3445 scelera
1590 3391 1709 3446 rebelles
1726 3360 1799 3456 suut,
1827 3392 2065 3464 constringantur.

551 3485 610 3569 (7.)
644 3477 722 3550 De‘lli
744 3513 813 3566 pace
836 3500 866 3550 et
887 3495 998 3550 iustitia
1027 3495 1101 3549 iufra
1128 3494 1264 3564 patriam,
1295 3495 1368 3550 siout
1390 3512 1474 3564 saepe
1497 3512 1547 3563 per
1569 3495 1627 3550 alia
1649 3494 1774 3565 capitula
1796 3494 1943 3562 iussimus,
1978 3496 2064 3551 adim·

443 3582 551 3651 pletum
573 3582 631 3636 fiat.

551 3677 608 3758 (8.)
643 3665 706 3739 Sill
730 3685 792 3754 quis
815 3685 928 3740 domum
950 3686 1073 3740 alienam
1096 3685 1247 3741 cuiuslibet
1269 3685 1429 3756 infregerit,
1462 3684 1597 3754 quicquid
1625 3685 1726 3741 exinde
1756 3704 1806 3756 per
1835 3687 1891 3740 vim
1914 3686 2065 3743 abstulerit
2083 3705 2109 3744 ιι

442 3775 493 3826 aut
516 3771 642 3842 rapuerit
665 3771 710 3826 vel
731 3772 882 3838 furaverit,
913 3772 1064 3828 secundum
1087 3773 1179 3843 legem
1203 3773 1301 3827 earuw
1324 3772 1380 3838 illi,
1405 3771 1483 3827 cuius
1506 3771 1605 3827 domus
1628 3773 1715 3827 luerit
1737 3772 1859 3827 infracta
1882 3777 1911 3828 et
1934 3774 2064 3844 spoliata,

443 3857 472 3912 in
495 3857 611 3929 triplum
633 3861 796 3927 componat,
825 3862 854 3914 et
876 3859 991 3929 insuper
1013 3860 1138 3914 bannum
1160 3858 1330 3914 dominicum
1361 3859 1461 3914 solvat.
1512 3858 1541 3913 Si
1565 3877 1660 3914 servus
1688 3861 1742 3914 hoc
1763 3859 1870 3925 fecerit,
1894 3861 2065 3916 sententiam

443 3945 614 4014 superiorem
638 3945 773 4016 accipiat,
804 3949 833 4000 et
861 3945 976 4016 insuper
1005 3946 1155 4001 secundum
1186 3964 1264 4000 suam
1292 3946 1384 4016 legem
1410 3945 1644 4015 compositionem
1672 3946 1766 4001 faciat.
1812 3946 1840 4001 si
1863 3947 2065 4016 quislibet¹

443 4033 527 4086 homo
550 4032 665 4101 aliquod
695 4032 753 4086 tale
780 4034 912 4087 damnum
941 4033 1026 4088 alicui
1050 4032 1161 4096 lecerit,
1191 4051 1240 4102 pro
1271 4050 1327 4101 qno
1357 4033 1469 4102 plenam
1499 4032 1733 4102 compositionem
1761 4033 1853 4089 lacere
1881 4052 1938 4089 non
1963 4035 2064 4101 valeat,

444 4119 626 4188 semetipsum
649 4119 678 4173 in
701 4119 791 4174 wadio
815 4138 865 4190 pro
890 4138 970 4175 servo
993 4121 1059 4174 dare
1083 4119 1197 4174 studeat
1218 4137 1306 4188 usque
1330 4119 1395 4173 dum
1418 4119 1531 4188 plenam
1554 4119 1786 4190 compositionem
1809 4120 1971 4190 adimpleat.
2081 4143 2108 4181 ιι

551 4212 609 4296 (t.)
633 4205 696 4276 ὃι48
719 4223 782 4293 quis
798 4241 902 4278 messes
930 4227 980 4278 aut
995 4241 1121 4278 annonas
1144 4223 1174 4276 in
1198 4223 1278 4278 hoste
1302 4241 1386 4293 super
1401 4223 1524 4277 bannum
1545 4221 1716 4277 dominicum
1738 4223 1865 4293 rapuerit
1888 4225 1931 4280 vel
1954 4225 2066 4294 paverit

444 4313 493 4363 aut
516 4309 652 4364 furaverit
674 4313 724 4364 aut
747 4329 810 4364 cum
825 4311 941 4364 caballis
958 4310 1120 4376 vastaverit,
1144 4310 1295 4365 aestimato
1311 4311 1413 4364 damno
1430 4309 1582 4364 secundum
1604 4310 1695 4379 legem
1718 4309 1746 4365 in
1769 4310 1884 4381 triplum
1905 4315 2064 4382 componat.

443 4395 480 4450 Ει
502 4394 526 4448 si
547 4395 619 4452 liber
640 4397 724 4451 homo
752 4397 805 4452 hoc
828 4397 941 4462 lecerit,
971 4397 1095 4452 bannum
1124 4395 1296 4451 dominicum
1324 4414 1375 4466 pro
1397 4396 1451 4451 hac
1473 4415 1503 4451 re
1527 4413 1694 4466 componere
1717 4400 1849 4468 cogatur;
1878 4416 1975 4452 servus
1999 4417 2064 4454 vero

443 4483 595 4538 secundum
617 4484 708 4554 legem
731 4483 818 4554 tripla
845 4484 1048 4555 compositione
1071 4485 1203 4538 damnum
1231 4483 1260 4537 in
1287 4484 1349 4538 loco
1372 4484 1520 4562 restituat,
1551 4485 1580 4538 et
1607 4499 1658 4552 pro
1687 4483 1788 4539 damno
1817 4484 1983 4555 disciplinae
2005 4503 2063 4541 cor·

443 4570 535 4640 porali
557 4570 710 4625 subiaceat.
2083 4593 2109 4632 ιι

550 4663 631 4750 (10.)
667 4674 696 4729 Si
704 4656 733 4703 49
755 4674 818 4743 quis
840 4673 870 4727 in
893 4674 1018 4729 exercitu
1041 4673 1115 4728 intra
1137 4692 1253 4744 regnum
1277 4673 1336 4728 sine
1359 4674 1483 4729 iussione
1507 4671 1648 4727 dominica
1671 4691 1720 4742 per
1738 4672 1793 4728 vim
1810 4674 1942 4730 hostilem
1957 4677 2065 4747 aliquid

443 4760 578 4830 praedare
601 4761 723 4816 voluerit
749 4764 800 4815 aut
827 4761 939 4815 foenum
969 4761 1069 4815 tollere
1096 4764 1147 4814 aut
1168 4778 1288 4830 granum
1311 4760 1369 4814 sive
1392 4778 1495 4830 pecora
1517 4759 1625 4814 maiora
1649 4759 1692 4814 vel
1715 4759 1825 4815 minora
1847 4762 2001 4831 domosque
2023 4764 2063 4818 in-

443 4849 572 4918 frangere
595 4848 639 4903 vel
662 4848 824 4913 incendere,
856 4847 925 4902 haec
954 4866 990 4902 ne
1018 4849 1100 4912 fiant,
1131 4847 1244 4902 omnino
1273 4847 1462 4916 prohibemus.
1517 4845 1620 4911 Quodsi
1651 4845 1687 4900 ab
1715 4846 1811 4916 aliquo
1840 4851 2064 4921 praesumptioso

443 4937 550 4989 lactum
572 4935 665 5000 fuerit,
690 4935 838 5006 sexaginta
861 4934 971 4999 solidis,
996 4934 1019 4988 si
1043 4933 1114 4989 liber
1137 4937 1193 5000 est,
1217 4934 1255 4988 sit
1278 4934 1439 5004 culpabilis,
1464 4938 1493 4987 et
1516 4932 1609 4987 omnia
1632 4933 1737 4987 similia
1759 4933 1905 5003 restituat,
1930 4940 1980 4991 aut
2002 4956 2065 4993 cum

442 5021 589 5077 duodecim
612 5021 732 5076 testibus
755 5040 784 5076 se
806 5024 917 5092 purget.
962 5021 991 5074 Si
1015 5038 1080 5075 vero
1103 5038 1199 5075 servus
1223 5021 1275 5075 hoc
1298 5020 1404 5085 lecerit,
1429 5019 1545 5090 capitali
1568 5019 1679 5073 crimini
1701 5020 1859 5088 subiaceat,
1883 5026 1912 5078 et
1933 5023 2064 5079 dominus
2082 5047 2109 5084 so

443 5109 537 5165 omnia
564 5108 668 5164 similia
695 5108 836 5173 restituat,
866 5108 933 5178 quia
956 5126 1067 5163 servum
1090 5125 1170 5162 suurn
1193 5126 1249 5163 non
1273 5107 1395 5162 correxit
1417 5125 1469 5162 nec
1485 5105 1645 5172 custodivit,
1669 5109 1701 5161 ut
1716 5107 1786 5162 talia
1801 5127 1858 5163 non
1874 5114 2063 5180 perpetraret;

515 5235 571 5339 *q)
590 5274 616 5324 id
634 5273 707 5325 sstl.
812 5271 833 5339 r)
852 5275 898 5326 fiat
917 5273 939 5324 l.
1045 5274 1067 5333 ι)
1087 5283 1112 5324 st
1137 5291 1219 5340 comp.
1240 5291 1288 5325 orn.
1310 5272 1331 5323 l.
1431 5273 1451 5334 t)
1469 5273 1619 5323 observetur
1642 5271 1663 5322 l.
1764 5273 1793 5336 ιι)
1812 5275 1861 5340 ipsi
1884 5275 1946 5326 add.
1971 5276 2065 5342 Amcp.

443 5361 470 5422 ν)
490 5359 603 5426 plevium
621 5359 715 5426 Anaep.
802 5357 837 5426 vv)
856 5370 882 5412 st
899 5377 978 5410 ewam
999 5359 1092 5426 Ansey.
1180 5359 1208 5422 x)
1227 5361 1285 5425 quis
1303 5360 1368 5411 liber
1386 5359 1480 5424 Aureg.

545 5514 590 5578 ιι)
610 5511 680 5567 ibid.
698 5529 720 5566 c.
734 5511 757 5578 7,
776 5513 826 5567 to.
926 5510 1344 5580 4‘2)Isic1.c.14,z.c.1›.rrr.
1440 5511 1485 5574 43)
1506 5509 1578 5564 Ibid.
1597 5528 1618 5564 c.
1634 5512 1674 5565 15.
1692 5512 1743 5564 te.
1784 5545 1790 5556 ·
1832 5514 1878 5580 44)
1899 5513 1970 5567 Ibtd.
1988 5515 2063 5582 cas,

443 5617 609 5685 repara.
713 5615 1199 5685 45)Icid111,c.1,1.c.p.425.
1304 5616 1349 5677 46)
1369 5612 1440 5667 mid.
1458 5628 1478 5666 c.
1492 5613 1539 5680 62,
1562 5614 1579 5667 l.
1593 5629 1617 5668 c.-
1635 5631 1662 5684 p.
1677 5615 1734 5672 431.
1840 5616 2109 5683 almostam

443 5723 494 5776 tc.
508 5723 607 5788 noar.
696 5722 741 5788 48)
761 5719 864 5774 loide.
877 5723 919 5788 66,
937 5721 986 5776 tc.
1074 5722 1120 5788 49)
1140 5718 1241 5775 Bened.
1261 5717 1471 5786 Leu.1,c.341.
