4590 6420
363 476 607 532 CAPITULARIA
627 475 755 531 REGUM
774 474 956 530 ranneldo
975 469 1163 526 occurant.
1182 467 1484 538 (KAROLOMANNI).
1503 496 1535 505 -
1554 467 1602 522 Nr.
1614 467 1674 523 288.
1698 465 1758 521 887.
1809 469 1864 531 371

360 654 388 718 2,
423 650 469 714 [18
484 651 608 737 rapina,
632 672 717 737 quae
739 657 826 716 retro
849 655 901 716 est
917 656 1000 731 acta,
1024 670 1097 713 cum
1113 645 1199 711 omni
1215 645 1385 730 diligentia
1402 642 1602 724 emendetur,
1627 649 1660 708 et
1675 641 1869 728 condignam
1887 648 1948 702 884.

252 777 309 842 pro
333 754 395 819 hoc
418 756 652 820 harmiscaram
674 757 712 836 is,
736 755 791 841 qui
815 775 886 819 eam
909 753 996 834 fecit,
1020 753 1187 818 sustineat.

362 861 392 922 3.
427 851 502 938 Ut1‚
527 859 554 922 si
578 859 649 944 quis
672 865 748 945 post
777 858 863 923 hunc
887 865 1079 922 conventum
1110 862 1144 922 et
1170 854 1312 918 bannum
1336 859 1482 918 nostrum
1505 853 1652 939 rapinam
1676 850 1798 916 faciens
1820 850 1869 914 in-

252 970 370 1026 ventus
393 963 502 1043 fucrit,
526 963 565 1041 is,
590 963 682 1026 euius
706 962 802 1026 homo
827 983 900 1027 eam
922 962 1053 1041 fecerit,
1084 981 1158 1025 eum
1186 958 1227 1022 ad
1259 958 1401 1043 legalem
1429 956 1689 1021 emendationem
1713 955 1745 1019 in
1776 975 1870 1040 prac-

221 1065 391 1128 ssentiam
420 1072 566 1130 nostram
596 1066 746 1132 adducat.
796 1063 921 1138 Quodsi
952 1087 1026 1130 eum
1057 1064 1220 1129 addudere
1254 1084 1319 1126 non
1350 1062 1505 1148 potuerit,
1538 1081 1596 1146 pro
1625 1081 1664 1124 eo
1693 1059 1871 1123 seeundum

253 1174 375 1234 statuta
398 1170 507 1254 legum
532 1170 699 1248 emendet,
740 1169 825 1234 Eum
848 1176 974 1250 autem,
1005 1169 1060 1254 qui
1091 1168 1249 1232 iustitiam
1272 1167 1407 1252 fugerit,
1437 1165 1540 1228 sciant
1568 1185 1680 1228 omnes
1710 1184 1785 1228 esse
1808 1163 1872 1226 ior-

252 1272 434 1354 bannitum,
458 1273 503 1336 ita
525 1277 561 1336 ut
584 1275 692 1338 nullus
716 1294 790 1339 eum
813 1273 876 1337 nisi
900 1273 940 1338 ad
965 1270 1241 1359 praesentandum
1265 1271 1412 1355 recipiat.

359 1445 384 1510 1)
405 1443 460 1510 Gfr.
482 1443 546 1512 Cap.
564 1445 633 1499 miae.
655 1443 751 1499 Silone.
764 1445 823 1510 853,
841 1460 929 1512 crepta
941 1461 971 1512 p.
983 1445 1043 1510 268,
1060 1460 1081 1498 c.
1093 1444 1118 1497 4.

271 2061 274 2068 1
388 2000 487 2106 287.
534 1997 1168 2109 KAROLOMANNI
1205 1994 1740 2108 CAPITULARE

829 2151 1291 2262 VERNENSE

947 2333 1046 2415 884.
1073 2341 1179 2415 Mart.

367 2509 513 2608 Legitur
534 2527 570 2589 io
591 2525 759 2591 codicibus:
800 2527 829 2612 1)
849 2526 946 2594 Vatia.
970 2526 1074 2592 Polot.
1096 2530 1158 2592 582
1183 2526 1242 2612 fol.
1269 2529 1357 2590 1221.
1408 2525 1442 2613 2)
1466 2526 1677 2591 Portasset
1700 2523 1761 2610 fol.
1787 2527 1875 2590 118'.

256 2629 290 2712 3)
315 2628 548 2693 Menoeceos
578 2628 635 2712 fol.
660 2633 731 2695 282.
763 2631 889 2711 eiusque
918 2629 1120 2714 opopmphia
1154 2631 1270 2694 scillcet
1296 2631 1330 2696 S.
1357 2629 1467 2695 Crucis
1487 2633 1548 2693 217
1572 2632 1645 2710 post
1667 2627 1728 2713 sol.
1750 2630 1822 2692 283.
1848 2633 1877 2692 ct

256 2732 362 2797 Poris.
377 2734 459 2798 3878
487 2731 548 2816 fol.
569 2735 660 2796 tter.
709 2733 782 2799 Coti.
798 2737 828 2800 3.
850 2734 963 2797 1111111111
985 2754 1010 2798 c.
1032 2739 1056 2798 1.
1076 2738 1106 2796 4.
1124 2737 1160 2812 7,·
1190 2732 1296 2798 Paris,
1321 2733 1449 2814 prracbcl
1470 2736 1593 2796 tontum
1615 2734 1651 2796 in
1674 2732 1777 2796 indica
1800 2733 1875 2794 tito-

216 2861 238 2898 rs
256 2837 356 2900 lausa
372 2835 515 2899 rubricas
529 2836 572 2900 od
593 2857 617 2900 c.
631 2841 725 2901 4-8.
747 2842 879 2901 11-14,
1461 2821 1462 2824 ¹

367 2943 434 3023 Qrto
456 2944 587 3026 tempore
609 2946 638 3005 ct
659 2963 722 3022 pao
744 2940 782 3004 dc
804 2959 900 3006 causo
921 2940 1061 3021 capitulo
1083 2942 1196 3005 coiisse
1217 2941 1291 3018 sict,
1312 2939 1391 3004 solis
1412 2961 1451 3006 cs
1467 2941 1595 3022 prologo
1617 2939 1720 3004 clamet.

1378 3042 1436 3125 (a.
1453 3042 1503 3122 11,
1526 3045 1605 3122 aaa
1628 3041 1665 3107 P.
1682 3043 1770 3124 550.)

366 3205 435 3316 lut
457 3252 586 3316 nomine
609 3257 742 3316 sanotae
765 3258 799 3317 et
820 3251 1005 3317 individuae
1026 3253 1210 3317 trinitatis⁸.
1255 3251 1495 3334 Karlpmaonus
1518 3253 1623 3337 gratia
1640 3251 1703 3316 Dei
1726 3271 1785 3316 rex
1808 3272 1859 3316 om
1969 3313 1978 3330 ,

258 3357 372 3422 nibusb
396 3355 638 3421 venerabilibus
662 3357 839 3442 episcopis,
871 3356 1060 3436 abbatibus,
1090 3357 1276 3434 comitibus,
1308 3357 1468 3422 iudicibus
1499 3355 1716 3441 omnibusque
1743 3361 1875 3420 sanctae

215 3484 241 3523 aa
259 3458 322 3523 Dei
350 3460 510 3524 ecelesiae
539 3466 572 3523 et
600 3461 716 3523 nostris
746 3457 906 3524 fidelibus.
960 3458 1066 3524 Cumb
1099 3460 1140 3524 ad
1169 3461 1327 3546 palatium
1348 3459 1466 3525 Vernis
1498 3479 1581 3524 anno
1616 3458 1798 3524 dominicae
1826 3460 1876 3523 in·

259 3565 454 3629 carnationis
484 3562 787 3643 DOOOLXXXIV,
822 3585 905 3628 anno
936 3571 1046 3630 alutem
1076 3565 1168 3651 regni
1204 3566 1323 3629 nostrie
1356 3565 1484 3650 quinto,
1517 3563 1694 3628 indictione
1723 3562 1876 3643 secunda,

258 3689 370 3733 mense
394 3667 511 3731 Martio
535 3667 820 3732 convenissemus‘l
844 3675 877 3734 et
899 3689 974 3754 pars
990 3668 1133 3733 fidelium
1158 3676 1342 3734 nostrorum
1359 3669 1537 3747 nobiscum,
1560 3667 1694 3756 placuit,
1717 3673 1753 3732 ut
1776 3688 1875 3752 quae-

259 3771 332 3836 dam
358 3777 480 3836 statuta
503 3793 669 3837 sacrorum
700 3793 858 3837 canonum
887 3793 1016 3838 necnon
1049 3772 1209 3859 quaedam
1241 3773 1385 3858 capitula
1417 3778 1662 3837 antecessorum
1693 3777 1877 3836 nostrorum

259 3883 493 3940 renovarentur
503 3900 511 3951 ;
535 3876 610 3961 quia
633 3876 774 3961 graviter
796 3883 829 3941 et
844 3877 980 3943 moleste
997 3877 1142 3960 ferimus,
1166 3877 1251 3963 quod
1266 3879 1410 3963 peccatis
1425 3876 1680 3964 impedientibus
1697 3883 1730 3942 et
1745 3877 1877 3942 malitiis

219 4002 243 4041 aa
262 3999 493 4064 perversorum
523 3978 690 4044 hominum
718 3980 973 4046 exuberantibus
1005 3983 1091 4046 ultra
1118 3981 1250 4046 modum
1278 3981 1440 4046 vilescunt
1468 3987 1566 4067 atque
1594 4001 1678 4068 pene
1711 3981 1878 4046 adnullata

261 4083 418 4162 existunt,
442 4084 618 4170 praecipue
640 4083 707 4164 illa,
730 4104 814 4169 quae
832 4089 943 4148 contra
965 4086 1087 4149 malum
1102 4086 1237 4171 rapinae
1262 4091 1295 4148 et
1311 4083 1573 4171 depraedationis
1595 4106 1616 4148 a
1639 4085 1759 4149 sanctis
1775 4085 1876 4170 patri-

260 4187 320 4251 bus
344 4193 419 4251 sunt
441 4187 649 4271 promulgata
671 4193 703 4251 et
726 4208 746 4251 a
769 4187 1045 4253 christianissimis
1062 4189 1194 4274 regibus
1212 4190 1403 4254 auctoritate
1426 4190 1516 4274 regia
1532 4189 1731 4254 confirmata.
1770 4187 1878 4273 Siqui-

260 4288 334 4354 dem
357 4291 403 4354 ita
425 4291 548 4376 passim
570 4290 668 4374 longe
685 4291 816 4377 lateque
839 4291 899 4356 hoc
915 4312 1078 4356 venenum
1094 4291 1246 4357 diffusum
1269 4299 1302 4356 et
1317 4291 1503 4378 dispersum
1526 4297 1587 4372 est,
1609 4297 1646 4356 ut
1668 4292 1760 4377 quasi
1776 4291 1877 4356 libere

261 4394 325 4457 iam
348 4393 433 4458 male
457 4395 634 4459 abutantur
656 4415 768 4460 omnes
792 4395 905 4460 infecti
921 4402 954 4460 et
970 4397 1113 4481 corrupti
1129 4416 1265 4482 corpore
1282 4402 1316 4461 et
1331 4397 1439 4460 anima
1461 4396 1522 4459 hoc
1544 4401 1610 4460 tam
1627 4396 1878 4460 sceleratissimo

218 4525 244 4563 ao
262 4503 360 4584 atque
384 4498 551 4562 mortifero
576 4498 689 4563 morbo
716 4520 780 4563 non
809 4499 1029 4583 recogitantes
1053 4499 1128 4578 hoc,
1160 4498 1245 4585 quod
1275 4497 1398 4564 Paulus
1422 4497 1516 4580 dicit,
1540 4499 1637 4563 immo
1659 4497 1750 4563 Deus
1774 4500 1877 4564 omni-

263 4609 380 4689 potens
402 4623 462 4688 per
483 4603 607 4689 ipsum:
634 4597 815 4690 ‘Rapaces¹
841 4624 976 4689 regnum
999 4603 1063 4670 Dei
1086 4625 1152 4669 non
1174 4601 1410 4690 possidebunt’,
1442 4622 1549 4687 neque
1572 4601 1667 4682 illud,
1692 4601 1776 4687 quod
1801 4604 1878 4668 alibi

263 4697 452 4793 apostolue²
475 4707 534 4787 ait,
558 4707 650 4791 quia,
675 4707 702 4770 si
726 4708 945 4793 nosmetipsos
969 4707 1168 4772 comedimus
1192 4713 1225 4772 et
1248 4707 1475 4786 consumimus,
1498 4704 1531 4770 id
1555 4711 1606 4770 est
1629 4705 1877 4791 depraedamur,

263 4813 326 4876 cito
348 4811 548 4877 deficiemus.
595 4809 785 4897 Completnr
807 4832 885 4896 ergo
908 4811 940 4874 in
964 4811 1068 4892 nobis,
1091 4812 1189 4875 immo
1212 4831 1271 4897 par
1293 4832 1362 4890 nos,
1384 4810 1472 4896 quod
1487 4809 1691 4896 omnipotens
1707 4808 1798 4876 Deus
1821 4833 1880 4897 per

262 4915 395 4982 Esaiam
418 4915 610 5002 prophetam
634 4915 831 5002 improperat
854 4916 982 4980 dicens:
1015 4905 1279 5001 ‘Unusquisque3
1302 4935 1433 4979 carnem
1456 4913 1580 4978 brachii
1603 4915 1652 4977 sui
1675 4913 1824 4994 vorabit’,
1846 4914 1879 4979 id

220 5047 245 5086 as
265 5027 316 5086 est
339 5019 553 5085 substantiam
576 5019 687 5084 fratris
716 5019 766 5084 sui
789 5019 926 5105 diripiet.
981 5018 1121 5084 Carnem
1145 5021 1231 5084 eninr
1253 5018 1377 5084 brachii
1401 5019 1450 5082 sui
1472 5017 1608 5082 devorat
1630 5024 1664 5082 et
1686 5019 1878 5104 sanguinem

261 5124 388 5190 brachii
419 5124 469 5189 sui
499 5122 600 5203 bibit,
636 5123 690 5209 qui
721 5123 936 5189 substantiam
968 5124 1107 5209 proximi
1135 5124 1186 5188 sui
1208 5123 1311 5204 tollit,
1346 5121 1432 5186 unde
1462 5141 1537 5186 earo
1562 5123 1736 5187 sustentari
1759 5120 1878 5188 debuit.

261 5228 335 5293 Non
360 5234 542 5294 astantem
565 5227 694 5308 mirum,
716 5226 743 5292 si
766 5229 886 5314 pagani
910 5233 943 5294 et
966 5234 1099 5293 exterae
1123 5229 1272 5292 nationes
1288 5227 1383 5293 nobis
1399 5225 1606 5290 dominantur
1619 5224 1778 5312 nobisque
1793 5226 1880 5293 bona

263 5331 457 5418 temporalis
480 5331 609 5414 tollunt,
633 5330 710 5396 dum
732 5333 954 5417 unusquisque
977 5333 1126 5419 proximo
1150 5353 1207 5397 suo
1231 5351 1290 5419 per
1312 5331 1377 5395 vim
1399 5329 1495 5411 tollit,
1526 5328 1613 5394 uode
1636 5331 1746 5394 vivere
1769 5329 1878 5396 debet.

365 5514 391 5584 a)
410 5517 441 5566 In
524 5515 616 5567 Trinit.
634 5513 722 5568 om,3.
818 5515 845 5580 b)
864 5515 984 5568 omnibus
1066 5516 1131 5568 Cum
1150 5533 1198 5568 om.
1215 5513 1240 5567 3.
1336 5513 1361 5578 e)
1379 5513 1419 5565 sui
1437 5511 1461 5565 3.
1565 5511 1593 5578 d)
1613 5514 1658 5566 has
1675 5513 1803 5580 capitulas
1821 5532 1881 5567 eon·

219 5622 245 5660 4ο
263 5604 346 5655 stituit
362 5601 387 5668 3,
406 5619 453 5654 om,
471 5603 518 5654 rel.

368 5759 394 5824 ι)
414 5759 436 5812 1.
453 5755 570 5812 muaua
589 5759 614 5824 o,
626 5757 665 5810 10.
752 5756 780 5824 a)
800 5757 888 5809 caat
908 5757 985 5822 ara
1073 5759 1099 5822 a)
1119 5756 1196 5812 maa
1210 5757 1306 5824 am.
