4568 6434
364 427 634 484 ADDITAMENTA
653 430 701 483 Al)
720 429 967 484 capluunaala
988 427 1114 482 REGUM
1133 427 1320 484 Fatuclus
1339 427 1569 484 ORIENTALIS.
1589 460 1621 468 -
1640 430 1759 484 urana.
1812 432 1873 494 243

248 602 483 681 misericordia,
516 613 709 691 quousquen
739 605 964 680 convalescat,
1000 610 1033 668 et
1087 625 1245 669 canonum
1279 605 1465 669 sanctiones
1494 611 1527 668 et
1558 603 1711 668 iudiciuin
1745 606 1951 691 spisso-895.

247 715 344 771 tune⁰
375 707 505 771 demum
534 708 715 794 poeniteam
750 709 799 772 si⁰
829 729 904 772 vero
935 708 1031 792 longo
1085 728 1199 792 porum
1216 709 1314 773 talem
1330 709 1544 794 penitentiam
1560 706 1733 794 accipereb
1756 708 1868 772 debet:

247 819 393 896 tempore
418 810 558 876 eademi
582 812 624 874 sit
640 819 817 897 occupatus
834 812 1031 890 infirmitate,
1084 810 1272 890 Primitus0,
1295 819 1331 876 ut
1347 814 1509 877 licentiam
1533 831 1596 875 non
1620 811 1741 876 babeat
1764 812 1866 876 ecole-

247 915 521 1000 corepiscopum
554 915 760 1000 pertinebas,
794 923 830 980 ut
854 914 1032 1002 prudenter
1085 916 1164 978 siam
1201 915 1341 980 intrandi
1376 917 1449 980 illos
1484 913 1670 1000 proximos‘¹
1704 913 1764 979 XL
1800 915 1870 979 dies

217 1025 436 1106 spertraatet,
459 1018 618 1104 quomodo
642 1019 801 1082 infirmum
826 1026 1032 1105 peccatorem
1086 1017 1246 1102 nudisque
1283 1019 1419 1105 pedibus
1457 1017 1603 1100 incedat,
1646 1028 1871 1104 quocumque⁰

248 1143 361 1186 curare
378 1120 555 1208 disponat¹;
571 1123 670 1206 quia⁸,
686 1120 907 1207 utGregorius
923 1130 1033 1206 pasto·
1087 1128 1167 1202 eata,
1193 1129 1225 1186 et
1240 1123 1348 1187 nullos
1361 1123 1511 1188 vehiculo
1528 1128 1659 1186 utaturss
1683 1120 1734 1186 ets
1755 1143 1870 1187 saecu-

247 1227 306 1292 reli
330 1232 561 1290 commemorat
589 1225 686 1302 libro,
710 1215 936 1289 ‘occultior-all
959 1235 1034 1289 sunt
1086 1226 1166 1289 laria
1195 1248 1286 1291 arma
1316 1229 1477 1313 relinquat
1505 1234 1539 1291 et
1561 1226 1663 1290 nihils
1687 1232 1792 1290 sumat
1821 1225 1871 1289 his

249 1330 381 1395 vulnera
397 1330 562 1406 mentium,
586 1349 681 1413 quam
699 1349 880 1413 corporum,
906 1336 959 1393 et*
982 1351 1033 1393 ars
1086 1329 1145 1393 XL
1168 1329 1292 1410 diebus,
1316 1331 1377 1395 nisi
1400 1337 1525 1395 tantum
1548 1351 1666 1417 panem
1691 1329 1747 1394 eth
1770 1330 1872 1394 salem

249 1441 299 1498 cst
322 1435 438 1498 artium
463 1436 609 1516 regimen
634 1429 835 1495 animarum’.
1086 1440 1140 1497 eth
1157 1454 1269 1519 puram
1293 1435 1384 1498 bibet
1399 1455 1516 1520 aquam
1533 1455 1570 1500 ac
1586 1435 1709 1498 nullam
1727 1455 1871 1499 commu-

205 1560 230 1596 ιο
1086 1538 1215 1601 nionem
1233 1559 1305 1602 cum
1323 1539 1439 1602 ceteris
1456 1537 1657 1603 christianis¹
1675 1559 1782 1624 neque
1799 1558 1870 1601 cum

1085 1640 1148 1704 alio
1171 1644 1360 1727 poenitente
1384 1641 1528 1706 babeatk
1554 1641 1603 1706 iui
1626 1640 1698 1705 cibo
1722 1648 1756 1705 et
1781 1647 1872 1727 potu,

1083 1750 1258 1828 antequam
1281 1744 1384 1809 ΧΠ*
1412 1747 1536 1810 dierum
1553 1745 1752 1831 poenitentia
1769 1745 1869 1810 resol-

1084 1847 1201 1910 vetur¹.
1248 1847 1316 1912 Eltm
1340 1852 1370 1914 ei
1394 1848 1652 1914 contradictum¹¹
1684 1850 1725 1912 sit
1756 1847 1871 1913 eadem

1084 1953 1240 2016 canonica
1268 1955 1476 2032 auctoritate,
1508 1960 1544 2016 ut
1574 1954 1650 2017 his¹¹
1672 1950 1733 2015 XL
1757 1951 1872 2016 diebus

1084 2054 1295 2141 supradictise
1323 2055 1386 2120 ad⁰
1409 2056 1531 2120 nullam
1548 2037 1703 2120 feminam
1726 2076 1786 2119 nee
1809 2054 1872 2118 ad⁰

1084 2159 1247 2245 propriam
1276 2181 1412 2224 uxorem
1440 2157 1604 2237 accedere,
1638 2156 1874 2244 antequam***

1082 2263 1155 2326 illos
1178 2262 1238 2326 XL
1261 2262 1331 2327 dies
1353 2264 1513 2348 peniteat,
1543 2284 1604 2328 nec
1630 2263 1747 2327 lineisl
1773 2262 1871 2325 vesti-

1083 2367 1201 2430 mentis
1213 2373 1333 2447 utetur,
1350 2369 1411 2432 nisi
1428 2375 1553 2432 tentum
1570 2367 1791 2432 femoralibus.
1829 2365 1873 2429 ut

1188 2519 1343 2585 Qnatu0r³¹
1366 2522 1547 2591 sequentibus
1566 2523 1648 2576 annis
1666 2525 1722 2576 tres
1742 2521 1771 2575 in
1790 2521 1873 2576 ebdo-

1154 2604 1236 2659 mada
1260 2606 1344 2662 ferias
1372 2610 1402 2662 et
1423 2612 1479 2663 tres
1503 2609 1532 2662 in
1556 2625 1630 2663 anno
1653 2608 1781 2663 observet
1805 2625 1873 2677 qua·

1155 2691 1333 2762 dragesimas.

1190 2779 1256 2834 Post
1274 2797 1378 2835 annum
1399 2781 1543 2837 ecclesiam
1561 2780 1672 2850 ingredi
1685 2780 1873 2858 permittatur,

1155 2883 1210 2920 non
1243 2869 1337 2922 tamen
1371 2870 1564 2924 communicet.
1617 2868 1685 2922 Post
1704 2867 1756 2922 Vll
1786 2883 1874 2922 annos

1155 2953 1354 3022 perfectionem
1373 2959 1566 3024 consequatur.

1189 3041 1261 3094 De⁸¹
1284 3041 1327 3096 his
1352 3058 1428 3106 vero,
1451 3043 1499 3112 qni
1524 3042 1608 3096 inviti
1632 3041 1675 3096 vel
1699 3058 1755 3095 non
1774 3044 1875 3111 sponte

1077 3136 1078 3139 ’
1154 3127 1305 3182 homicidia
1318 3128 1507 3190 committunt.
1521 3130 1550 3183 in
1564 3128 1681 3183 arbitrio
1695 3127 1732 3182 sit
1741 3127 1874 3197 episcopi,

1154 3213 1277 3283 qualiter
1294 3217 1324 3268 et
1336 3231 1419 3284 qnam
1439 3214 1487 3269 diu
1500 3215 1658 3285 peniteant;
1677 3215 1751 3269 sieut
1764 3214 1874 3269 cuidam

1154 3317 1243 3370 nuper
1260 3301 1391 3372 contigit,
1414 3301 1462 3371 qni
1487 3319 1543 3356 non
1568 3304 1668 3372 sponte
1686 3301 1775 3355 filium
1793 3318 1874 3354 suum

1155 3387 1304 3442 interfecit.

1101 3491 1141 3550 ”l
1156 3489 1229 3560 aa,
1248 3490 1352 3559 Sclseb,
1372 3491 1472 3545 Barcls.
1483 3507 1571 3560 perp:
1590 3491 1649 3546 dies
1663 3491 1873 3562 adimpleantur

1154 3578 1184 3631 et
1196 3594 1228 3630 ex
1242 3577 1311 3641 cibo,
1325 3594 1408 3647 quem
1421 3577 1513 3646 surnit,
1529 3578 1622 3632 nullus
1632 3577 1704 3633 alins
1715 3577 1872 3631 manducet.

1154 3663 1336 3718 Considerata
1355 3680 1420 3718 vero
1447 3680 1581 3733 personae
1605 3665 1745 3734 qualitate
1768 3663 1812 3718 rel
1832 3663 1874 3717 in·

1154 3750 1286 3804 firmitate
1309 3750 1343 3805 de
1361 3749 1451 3820 pomis
1469 3751 1514 3804 vel
1539 3751 1660 3805 oleribus
1685 3767 1733 3805 seu
1757 3751 1875 3821 legumi-

1156 3836 1245 3902 nibus,
1264 3841 1348 3907 prout
1365 3837 1456 3891 risnrn
1468 3837 1560 3904 fuerit,
1579 3837 1687 3906 aliquid
1702 3855 1751 3908 pro
1770 3837 1875 3892 miseri·

1155 3922 1250 3978 cordia
1273 3923 1469 3994 indulgeatur,
1493 3923 1614 3977 maxime
1641 3924 1663 3977 si
1682 3924 1745 3992 quis
1764 3926 1875 3979 coactns

1155 4013 1185 4063 et
1203 4026 1258 4064 non
1277 4013 1376 4080 sponte
1389 4009 1571 4064 homicidium
1591 4009 1703 4074 fecerim
1728 4011 1775 4076 cfr.
1793 4025 1878 4078 capra

1150 4113 1180 4164 p.
1193 4097 1253 4162 242,
1271 4097 1317 4150 lin.
1332 4097 1453 4152 19-2‘2.

1086 4201 1145 4269 m)
1158 4199 1209 4254 lid.
1221 4200 1284 4254 baec
1292 4201 1369 4254 verba
1380 4199 1513 4254 aloem:
1526 4217 1576 4254 nec
1585 4217 1647 4254 cum
1658 4199 1753 4268 aliquo
1766 4199 1878 4253 homine

1157 4286 1286 4351 dormiat,
1299 4287 1380 4341 iuxta
1392 4286 1537 4341 ecelesiam
1550 4285 1596 4351 sit,
1609 4288 1675 4339 ante
1688 4285 1766 4340 onius
1779 4286 1878 4340 ianuas

1157 4376 1272 4444 peccata
1297 4375 1424 4443 (peracta
1446 4371 1552 4441 Salac.)
1583 4389 1634 4426 sna
1657 4371 1758 4427 defleat
1780 4372 1878 4426 diebus

1159 4465 1187 4518 ct
1206 4459 1341 4523 noctibus,
1361 4463 1391 4513 et
1409 4476 1464 4513 non
1483 4459 1596 4514 deloco
1615 4458 1651 4512 ad
1665 4458 1756 4512 locum
1771 4463 1877 4529 pergat,

1157 4547 1246 4601 sedin
1260 4563 1315 4601 nno
1329 4545 1446 4600 locabis
1460 4545 1507 4598 XL
1520 4545 1619 4600 diebus
1636 4545 1680 4598 sit.
1712 4545 1785 4600 Etsi
1798 4547 1878 4600 forte.

352 4749 393 4804 55.
430 4751 456 4814 o)
481 4769 540 4802 cum
563 4752 710 4803 melioratus
734 4751 793 4814 erit,
821 4748 913 4800 iterum
938 4747 1066 4813 paenitere
1089 4743 1203 4810 legitime
1225 4741 1308 4792 debet.
1332 4740 1490 4791 Eiusdem.
1526 4739 1553 4790 Si
1573 4739 1606 4790 ia
1700 4739 1726 4806 pl
1746 4740 1879 4806 paenitens

249 4839 394 4889 infirmatur
411 4838 443 4888 sd
461 4838 495 4888 id.
586 4841 613 4903 ql
632 4837 777 4904 pertinebat
796 4833 869 4886 1-3.
889 4833 913 4886 5.
1001 4831 1133 4892 ridebant
1151 4829 1253 4880 Monac.
1343 4827 1366 4888 s)
1385 4827 1446 4892 quia
1531 4833 1557 4876 et
1575 4843 1621 4875 can
1642 4826 1675 4876 id.

206 4955 231 4994 tn
353 4940 415 4992 t'n'ra
453 4941 478 5000 b)
497 4941 608 5006 incipere
629 4937 848 5006 Gecels.‚wl”mdob.
935 4935 960 4998 a)
980 4935 1105 5002 imprimis
1125 4929 1432 4998 aspectamus-012.
1514 4928 1706 4992 dlom.Bamb.
1791 4929 1878 4994 elom.

250 5026 324 5094 Ray„
352 5026 460 5091 aaran,
484 5026 581 5078 Barclr.
677 5029 698 5091 f)
717 5025 813 5077 nullam
838 5024 1020 5089 equitationem
1043 5027 1160 5072 exerceat
1177 5026 1203 5070 et
1221 5018 1313 5068 Bomb.
1404 5015 1432 5082 g)
1451 5015 1478 5065 in
1496 5015 1577 5066 laneis
1597 5016 1712 5067 vestibus
1731 5017 1765 5066 ait
1782 5017 1880 5082 absque

248 5114 427 5177 femoralibus,
445 5114 589 5165 saecularia
606 5131 676 5166 arma
695 5130 746 5164 uon
765 5114 832 5163 ferat
849 5118 875 5161 et
892 5110 955 5160 nibil
969 5125 1043 5174 perp.
1064 5107 1134 5172 Ray,
1152 5105 1257 5168 satist,
1275 5103 1385 5160 Barclr.,·
1412 5103 1528 5168 nilrilqua
1550 5103 1603 5153 Col.
1699 5101 1726 5164 b)
1744 5103 1832 5154 holera
1849 5121 1880 5155 ac

249 5201 378 5264 legumina
397 5199 451 5250 sire
469 5199 506 5250 sal
525 5206 550 5250 et
568 5199 659 5250 Baasb.
740 5197 759 5262 i)
777 5198 864 5249 christ.
883 5214 932 5247 om.
954 5197 1048 5261 (loelli,
1070 5193 1187 5252 lendnt.;
1215 5210 1266 5242 nou
1286 5192 1395 5242 retineat
1413 5191 1439 5240 in
1454 5207 1527 5256 perp.
1547 5189 1637 5240 Barth.
1722 5187 1752 5254 k)
1772 5191 1881 5242 retincat

251 5285 313 5348 cet,
334 5284 429 5352 Gaels„
449 5284 553 5335 Vineae.
643 5287 661 5348 l)
681 5285 796 5335 solvatur
815 5283 910 5349 (leals,
931 5282 1038 5334 Vindob.
1127 5279 1162 5340 m)
1182 5280 1277 5329 Verum
1296 5285 1383 5328 tamen
1404 5276 1455 5326 Col.
1540 5276 1568 5336 n)
1587 5275 1741 5326 omnimodis
1760 5293 1793 5326 ex
1811 5287 1880 5328 auct.

207 5388 232 5426 to
249 5388 339 5422 canon.
357 5371 523 5422 interdicatur
541 5379 571 5421 ut
589 5373 614 5421 in
633 5371 673 5420 his
693 5369 763 5436 Ray,
782 5369 884 5426 saiso,
904 5367 999 5418 Barcla
1088 5363 1113 5424 o)
1132 5381 1191 5415 oum
1211 5365 1283 5416 nulla
1303 5365 1399 5415 femina
1417 5363 1557 5413 rnisccatur
1575 5379 1623 5414 nec
1641 5362 1672 5412 ed
1691 5361 1755 5425 iid.,·
1779 5363 1815 5413 ad
1833 5381 1879 5412 om.

251 5457 342 5510 Bomb.
430 5459 456 5526 p)
474 5460 506 5509 ad
524 5459 718 5510 fornicationem
737 5458 786 5508 sibi
804 5462 920 5526 usurpat,
939 5463 1078 5520 antequam
1097 5453 1154 5502 illos
1175 5453 1220 5502 XL
1238 5453 1292 5503 dies
1305 5450 1439 5517 paeniteat.
1475 5449 1567 5498 Postea
1586 5465 1646 5498 uero
1665 5449 1738 5498 iuxta
1751 5465 1879 5499 caninium

251 5546 429 5596 auetrrritatcm
450 5544 588 5610 inponatur
606 5544 628 5594 ei
648 5559 664 5594 a
683 5546 814 5596 sacerdote
828 5545 875 5595 Vll
893 5559 1019 5594 arrrsorum
1039 5540 1179 5607 penitentia
1199 5539 1299 5602 Bacch,
1318 5555 1367 5588 om.
1384 5535 1442 5586 rell.
1531 5533 1559 5600 q)
1579 5534 1659 5585 ineis
1681 5535 1734 5585 Uol.

355 5731 399 5796 ao)
415 5729 537 5800 mames
549 5729 608 5788 Iao.
618 5736 723 5800 passa.
733 5731 834 5798 par-ar,
851 5747 872 5785 ι,
887 5731 911 5795 1,
931 5726 1018 5796 epa-a
1030 5727 1070 5796 rr,
1088 5728 1134 5781 ωι.
1147 5729 1171 5782 3.
1253 5724 1297 5792 31)
1314 5724 1366 5792 ca.
1386 5739 1407 5777 c.
1420 5725 1461 5778 ne.
1545 5719 1881 5788 :tererestereres

1625 5815 1680 5870 es*
