<?xml version="1.0" encoding="UTF-8"?>
<!DOCTYPE html PUBLIC "-//W3C//DTD XHTML 1.0 Transitional//EN"
    "http://www.w3.org/TR/xhtml1/DTD/xhtml1-transitional.dtd">
<html xmlns="http://www.w3.org/1999/xhtml" xml:lang="en" lang="en">
 <head>
  <title>
</title>
<meta http-equiv="Content-Type" content="text/html;charset=utf-8" />
  <meta name='ocr-system' content='tesseract 3.04.00' />
  <meta name='ocr-capabilities' content='ocr_page ocr_carea ocr_par ocr_line ocrx_word'/>
</head>
<body>
  <div class='ocr_page' id='page_1' title='image "./monumentagerman07mittgoog_0219.png"; bbox 0 0 4568 6434; ppageno 0'>
   <div class='ocr_carea' id='block_1_1' title="bbox 412 455 1917 526">
    <p class='ocr_par' dir='ltr' id='par_1_1' title="bbox 412 455 1917 526">
     <span class='ocr_line' id='line_1_1' title="bbox 412 455 1917 526; baseline 0 -12"><span class='ocrx_word' id='word_1_1' title='bbox 412 464 470 526; x_wconf 81' lang='lat'>178</span> <span class='ocrx_word' id='word_1_2' title='bbox 528 457 796 514; x_wconf 77' lang='lat' dir='ltr'>nunlvxunnun</span> <span class='ocrx_word' id='word_1_3' title='bbox 817 459 863 510; x_wconf 80' lang='lat' dir='ltr'>AD</span> <span class='ocrx_word' id='word_1_4' title='bbox 881 455 1128 514; x_wconf 79' lang='lat' dir='ltr'>CAPITULARIA</span> <span class='ocrx_word' id='word_1_5' title='bbox 1146 459 1273 513; x_wconf 82' lang='lat' dir='ltr'><strong>REGUM</strong></span> <span class='ocrx_word' id='word_1_6' title='bbox 1292 457 1476 513; x_wconf 80' lang='lat' dir='ltr'>FRANOIAE</span> <span class='ocrx_word' id='word_1_7' title='bbox 1495 458 1725 514; x_wconf 74' lang='lat' dir='ltr'>onlnuuanls.</span> <span class='ocrx_word' id='word_1_8' title='bbox 1742 487 1777 499; x_wconf 95' lang='lat'><em>-</em></span> <span class='ocrx_word' id='word_1_9' title='bbox 1794 459 1843 514; x_wconf 67' lang='grc' dir='ltr'>Νι.</span> <span class='ocrx_word' id='word_1_10' title='bbox 1857 460 1917 514; x_wconf 78' lang='grc'><strong>248.</strong></span> 
     </span>
    </p>
   </div>
   <div class='ocr_carea' id='block_1_2' title="bbox 330 629 2078 1854">
    <p class='ocr_par' dir='ltr' id='par_1_2' title="bbox 330 629 2078 1750">
     <span class='ocr_line' id='line_1_2' title="bbox 330 629 2032 717; baseline 0 -20"><span class='ocrx_word' id='word_1_11' title='bbox 330 643 390 699; x_wconf 79' lang='lat'>847.</span> <span class='ocrx_word' id='word_1_12' title='bbox 410 632 551 697; x_wconf 90' lang='lat' dir='ltr'>Domino</span> <span class='ocrx_word' id='word_1_13' title='bbox 580 631 817 697; x_wconf 81' lang='lat' dir='ltr'><strong>dominantium</strong></span> <span class='ocrx_word' id='word_1_14' title='bbox 846 631 999 710; x_wconf 89' lang='lat' dir='ltr'>traditas,</span> <span class='ocrx_word' id='word_1_15' title='bbox 1030 633 1077 696; x_wconf 91' lang='lat' dir='ltr'>ita</span> <span class='ocrx_word' id='word_1_16' title='bbox 1105 631 1164 696; x_wconf 92' lang='lat' dir='ltr'>sub</span> <span class='ocrx_word' id='word_1_17' title='bbox 1189 629 1381 696; x_wconf 85' lang='lat' dir='ltr'>defensione</span> <span class='ocrx_word' id='word_1_18' title='bbox 1405 631 1612 716; x_wconf 85' lang='lat' dir='ltr'>regiasicuti</span> <span class='ocrx_word' id='word_1_19' title='bbox 1634 631 1787 717; x_wconf 89' lang='lat' dir='ltr'>propriae</span> <span class='ocrx_word' id='word_1_20' title='bbox 1812 643 1913 698; x_wconf 54' lang='lat' dir='ltr'>suaet</span> <span class='ocrx_word' id='word_1_21' title='bbox 1936 633 2032 697; x_wconf 90' lang='lat' dir='ltr'>here-</span> 
     </span>
     <span class='ocr_line' id='line_1_3' title="bbox 408 726 2033 822; baseline 0 -22"><span class='ocrx_word' id='word_1_22' title='bbox 408 726 570 810; x_wconf 73' lang='lat' dir='ltr'>ditatis⁴⁵;</span> <span class='ocrx_word' id='word_1_23' title='bbox 600 735 705 820; x_wconf 89' lang='lat' dir='ltr'>magis</span> <span class='ocrx_word' id='word_1_24' title='bbox 729 734 895 816; x_wconf 90' lang='lat' dir='ltr'>advertat,</span> <span class='ocrx_word' id='word_1_25' title='bbox 925 736 1017 820; x_wconf 90' lang='lat' dir='ltr'>quia,</span> <span class='ocrx_word' id='word_1_26' title='bbox 1041 740 1161 820; x_wconf 90' lang='lat' dir='ltr'>quanto</span> <span class='ocrx_word' id='word_1_27' title='bbox 1184 733 1275 798; x_wconf 91' lang='lat' dir='ltr'>Deus</span> <span class='ocrx_word' id='word_1_28' title='bbox 1298 733 1515 798; x_wconf 81' lang='lat' dir='ltr'>excellentior</span> <span class='ocrx_word' id='word_1_29' title='bbox 1538 742 1587 799; x_wconf 91' lang='lat' dir='ltr'>eat</span> <span class='ocrx_word' id='word_1_30' title='bbox 1610 734 1752 816; x_wconf 88' lang='lat' dir='ltr'>homine,</span> <span class='ocrx_word' id='word_1_31' title='bbox 1776 741 1865 799; x_wconf 89' lang='lat' dir='ltr'>tanto</span> <span class='ocrx_word' id='word_1_32' title='bbox 1882 741 2033 822; x_wconf 88' lang='lat' dir='ltr'>prestan-</span> 
     </span>
     <span class='ocr_line' id='line_1_4' title="bbox 409 837 2033 925; baseline -0.001 -22"><span class='ocrx_word' id='word_1_33' title='bbox 409 841 471 904; x_wconf 91' lang='lat' dir='ltr'>tior</span> <span class='ocrx_word' id='word_1_34' title='bbox 499 845 548 904; x_wconf 90' lang='lat' dir='ltr'>est</span> <span class='ocrx_word' id='word_1_35' title='bbox 577 837 686 902; x_wconf 93' lang='lat' dir='ltr'>divina</span> <span class='ocrx_word' id='word_1_36' title='bbox 715 859 812 902; x_wconf 89' lang='lat' dir='ltr'>causa</span> <span class='ocrx_word' id='word_1_37' title='bbox 844 838 1029 902; x_wconf 75' lang='lat' dir='ltr'><strong>mortalium</strong></span> <span class='ocrx_word' id='word_1_38' title='bbox 1059 838 1275 922; x_wconf 80' lang='lat' dir='ltr'>possessione.</span> <span class='ocrx_word' id='word_1_39' title='bbox 1323 837 1485 910; x_wconf 83' lang='lat' dir='ltr'><strong>Quocirca</strong></span> <span class='ocrx_word' id='word_1_40' title='bbox 1516 837 1693 923; x_wconf 81' lang='lat' dir='ltr'>decipitur,</span> <span class='ocrx_word' id='word_1_41' title='bbox 1725 838 1871 923; x_wconf 90' lang='lat' dir='ltr'>quisquis</span> <span class='ocrx_word' id='word_1_42' title='bbox 1902 839 1976 925; x_wconf 89' lang='lat' dir='ltr'>plus</span> <span class='ocrx_word' id='word_1_43' title='bbox 2000 840 2033 902; x_wconf 93' lang='lat' dir='ltr'>in</span> 
     </span>
     <span class='ocr_line' id='line_1_5' title="bbox 409 940 2034 1030; baseline -0.001 -24"><span class='ocrx_word' id='word_1_44' title='bbox 409 942 564 1028; x_wconf 92' lang='lat' dir='ltr'>propriis,</span> <span class='ocrx_word' id='word_1_45' title='bbox 593 962 690 1030; x_wconf 91' lang='lat' dir='ltr'>quam</span> <span class='ocrx_word' id='word_1_46' title='bbox 717 942 750 1004; x_wconf 93' lang='lat' dir='ltr'>in</span> <span class='ocrx_word' id='word_1_47' title='bbox 781 941 952 1005; x_wconf 85' lang='lat' dir='ltr'>dominicis</span> <span class='ocrx_word' id='word_1_48' title='bbox 981 941 1079 1005; x_wconf 89' lang='lat' dir='ltr'>rebus</span> <span class='ocrx_word' id='word_1_49' title='bbox 1110 941 1281 1024; x_wconf 89' lang='lat' dir='ltr'>gloriatur;</span> <span class='ocrx_word' id='word_1_50' title='bbox 1311 961 1447 1025; x_wconf 91' lang='lat' dir='ltr'>quarum</span> <span class='ocrx_word' id='word_1_51' title='bbox 1478 940 1660 1005; x_wconf 90' lang='lat' dir='ltr'>divinarum</span> <span class='ocrx_word' id='word_1_52' title='bbox 1690 962 1798 1005; x_wconf 89' lang='lat' dir='ltr'>rerum</span> <span class='ocrx_word' id='word_1_53' title='bbox 1822 941 2034 1006; x_wconf 82' lang='lat' dir='ltr'>defensaret</span> 
     </span>
     <span class='ocr_line' id='line_1_6' title="bbox 409 1043 2077 1129; baseline -0.001 -21"><span class='ocrx_word' id='word_1_54' title='bbox 409 1053 520 1109; x_wconf 90' lang='lat' dir='ltr'>custos</span> <span class='ocrx_word' id='word_1_55' title='bbox 543 1044 718 1108; x_wconf 88' lang='lat' dir='ltr'>divinitusq</span> <span class='ocrx_word' id='word_1_56' title='bbox 748 1050 889 1108; x_wconf 91' lang='lat' dir='ltr'>statutus</span> <span class='ocrx_word' id='word_1_57' title='bbox 913 1044 1063 1128; x_wconf 86' lang='lat' dir='ltr'>diligenti</span> <span class='ocrx_word' id='word_1_58' title='bbox 1088 1065 1166 1107; x_wconf 88' lang='lat' dir='ltr'>cura</span> <span class='ocrx_word' id='word_1_59' title='bbox 1189 1063 1252 1106; x_wconf 92' lang='lat' dir='ltr'>non</span> <span class='ocrx_word' id='word_1_60' title='bbox 1276 1043 1379 1106; x_wconf 92' lang='lat' dir='ltr'>solum</span> <span class='ocrx_word' id='word_1_61' title='bbox 1404 1054 1479 1107; x_wconf 90' lang='lat' dir='ltr'>eas⁰</span> <span class='ocrx_word' id='word_1_62' title='bbox 1505 1065 1648 1124; x_wconf 89' lang='lat' dir='ltr'>servare,</span> <span class='ocrx_word' id='word_1_63' title='bbox 1672 1044 1729 1108; x_wconf 89' lang='lat' dir='ltr'>sed</span> <span class='ocrx_word' id='word_1_64' title='bbox 1754 1043 1852 1108; x_wconf 90' lang='lat' dir='ltr'>etiam</span> <span class='ocrx_word' id='word_1_65' title='bbox 1875 1044 2032 1129; x_wconf 92' lang='lat' dir='ltr'>multipli-</span> <span class='ocrx_word' id='word_1_66' title='bbox 2065 1068 2077 1106; x_wconf 80' lang='lat' dir='ltr'>a</span> 
     </span>
     <span class='ocr_line' id='line_1_7' title="bbox 409 1145 2033 1232; baseline -0.001 -20"><span class='ocrx_word' id='word_1_67' title='bbox 409 1169 484 1212; x_wconf 90' lang='lat' dir='ltr'>care</span> <span class='ocrx_word' id='word_1_68' title='bbox 514 1148 630 1222; x_wconf 88' lang='lat' dir='ltr'>debet;</span> <span class='ocrx_word' id='word_1_69' title='bbox 663 1147 832 1232; x_wconf 81' lang='lat' dir='ltr'>magisque</span> <span class='ocrx_word' id='word_1_70' title='bbox 860 1148 932 1227; x_wconf 84' lang='lat' dir='ltr'>illa,</span> <span class='ocrx_word' id='word_1_71' title='bbox 965 1167 1048 1231; x_wconf 92' lang='lat' dir='ltr'>quae</span> <span class='ocrx_word' id='word_1_72' title='bbox 1071 1145 1214 1209; x_wconf 83' lang='lat' dir='ltr'>diximus</span> <span class='ocrx_word' id='word_1_73' title='bbox 1237 1146 1495 1230; x_wconf 88' lang='lat' dir='ltr'>praestantiora,</span> <span class='ocrx_word' id='word_1_74' title='bbox 1519 1168 1616 1232; x_wconf 88' lang='lat' dir='ltr'>quam</span> <span class='ocrx_word' id='word_1_75' title='bbox 1641 1168 1701 1211; x_wconf 90' lang='lat' dir='ltr'>sua</span> <span class='ocrx_word' id='word_1_76' title='bbox 1723 1146 1901 1212; x_wconf 87' lang='lat' dir='ltr'>defendere</span> <span class='ocrx_word' id='word_1_77' title='bbox 1925 1148 2033 1211; x_wconf 82' lang='lat' dir='ltr'>illurnr</span> 
     </span>
     <span class='ocr_line' id='line_1_8' title="bbox 409 1249 2032 1336; baseline -0.001 -21"><span class='ocrx_word' id='word_1_78' title='bbox 409 1256 538 1336; x_wconf 93' lang='lat' dir='ltr'>oportet</span> <span class='ocrx_word' id='word_1_79' title='bbox 562 1255 596 1314; x_wconf 93' lang='lat' dir='ltr'>et</span> <span class='ocrx_word' id='word_1_80' title='bbox 619 1255 841 1334; x_wconf 89' lang='lat' dir='ltr'>augmentare.</span> <span class='ocrx_word' id='word_1_81' title='bbox 889 1249 923 1314; x_wconf 82' lang='lat' dir='ltr'>Si</span> <span class='ocrx_word' id='word_1_82' title='bbox 947 1249 1018 1334; x_wconf 91' lang='lat' dir='ltr'>quis</span> <span class='ocrx_word' id='word_1_83' title='bbox 1042 1249 1141 1334; x_wconf 90' lang='lat' dir='ltr'>igitur</span> <span class='ocrx_word' id='word_1_84' title='bbox 1164 1249 1299 1313; x_wconf 90' lang='lat' dir='ltr'>insanus</span> <span class='ocrx_word' id='word_1_85' title='bbox 1315 1249 1560 1334; x_wconf 84' lang='lat' dir='ltr'>importunitate</span> <span class='ocrx_word' id='word_1_86' title='bbox 1576 1250 1795 1336; x_wconf 81' lang='lat' dir='ltr'>improbitatis</span> <span class='ocrx_word' id='word_1_87' title='bbox 1819 1272 1897 1315; x_wconf 89' lang='lat' dir='ltr'>suae</span> <span class='ocrx_word' id='word_1_88' title='bbox 1922 1271 2032 1335; x_wconf 89' lang='lat' dir='ltr'>regem</span> 
     </span>
     <span class='ocr_line' id='line_1_9' title="bbox 409 1352 2033 1440; baseline -0.001 -22"><span class='ocrx_word' id='word_1_89' title='bbox 409 1376 429 1418; x_wconf 91' lang='lat' dir='ltr'>a</span> <span class='ocrx_word' id='word_1_90' title='bbox 451 1360 541 1419; x_wconf 90' lang='lat' dir='ltr'>recto</span> <span class='ocrx_word' id='word_1_91' title='bbox 565 1353 731 1439; x_wconf 91' lang='lat' dir='ltr'>proposito</span> <span class='ocrx_word' id='word_1_92' title='bbox 753 1358 941 1438; x_wconf 85' lang='lat' dir='ltr'>pervertere</span> <span class='ocrx_word' id='word_1_93' title='bbox 958 1352 1169 1437; x_wconf 89' lang='lat' dir='ltr'>temptaverit</span> <span class='ocrx_word' id='word_1_94' title='bbox 1186 1352 1349 1436; x_wconf 90' lang='lat' dir='ltr'>nullisque</span> <span class='ocrx_word' id='word_1_95' title='bbox 1366 1353 1519 1416; x_wconf 86' lang='lat' dir='ltr'>remediis</span> <span class='ocrx_word' id='word_1_96' title='bbox 1542 1354 1683 1438; x_wconf 90' lang='lat' dir='ltr'>mitigari</span> <span class='ocrx_word' id='word_1_97' title='bbox 1700 1376 1797 1440; x_wconf 88' lang='lat' dir='ltr'>posse</span> <span class='ocrx_word' id='word_1_98' title='bbox 1820 1355 1909 1418; x_wconf 88' lang='lat' dir='ltr'>visus</span> <span class='ocrx_word' id='word_1_99' title='bbox 1924 1354 2033 1434; x_wconf 81' lang='lat' dir='ltr'>luerit,</span> 
     </span>
     <span class='ocr_line' id='line_1_10' title="bbox 408 1455 2032 1544; baseline -0.001 -22"><span class='ocrx_word' id='word_1_100' title='bbox 408 1459 486 1522; x_wconf 89' lang='lat' dir='ltr'>licet</span> <span class='ocrx_word' id='word_1_101' title='bbox 514 1457 679 1544; x_wconf 89' lang='lat' dir='ltr'>obsequiis</span> <span class='ocrx_word' id='word_1_102' title='bbox 708 1456 869 1542; x_wconf 91' lang='lat' dir='ltr'>aliquibus</span> <span class='ocrx_word' id='word_1_103' title='bbox 897 1456 1089 1520; x_wconf 90' lang='lat' dir='ltr'>transitoriis</span> <span class='ocrx_word' id='word_1_104' title='bbox 1119 1455 1162 1518; x_wconf 94' lang='lat' dir='ltr'>sit</span> <span class='ocrx_word' id='word_1_105' title='bbox 1183 1455 1405 1536; x_wconf 88' lang='lat' dir='ltr'>necessarius,</span> <span class='ocrx_word' id='word_1_106' title='bbox 1438 1455 1657 1520; x_wconf 75' lang='lat' dir='ltr'>abscidendus</span> <span class='ocrx_word' id='word_1_107' title='bbox 1681 1457 1721 1521; x_wconf 91' lang='lat' dir='ltr'>ab</span> <span class='ocrx_word' id='word_1_108' title='bbox 1745 1478 1785 1521; x_wconf 91' lang='lat' dir='ltr'>eo</span> <span class='ocrx_word' id='word_1_109' title='bbox 1809 1456 2032 1543; x_wconf 90' lang='lat' dir='ltr'>proiciendus-</span> 
     </span>
     <span class='ocr_line' id='line_1_11' title="bbox 409 1549 2078 1648; baseline -0.001 -22"><span class='ocrx_word' id='word_1_110' title='bbox 409 1583 472 1648; x_wconf 92' lang='lat' dir='ltr'>que</span> <span class='ocrx_word' id='word_1_111' title='bbox 503 1567 569 1641; x_wconf 90' lang='lat' dir='ltr'>est,</span> <span class='ocrx_word' id='word_1_112' title='bbox 599 1562 692 1624; x_wconf 89' lang='lat' dir='ltr'>iuxta</span> <span class='ocrx_word' id='word_1_113' title='bbox 719 1559 798 1623; x_wconf 95' lang='lat' dir='ltr'>illud</span> <span class='ocrx_word' id='word_1_114' title='bbox 829 1561 1071 1645; x_wconf 88' lang='lat' dir='ltr'>evangelicum:</span> <span class='ocrx_word' id='word_1_115' title='bbox 1101 1549 1181 1624; x_wconf 63' lang='lat' dir='ltr'>‘Si⁴6</span> <span class='ocrx_word' id='word_1_116' title='bbox 1212 1580 1286 1644; x_wconf 93' lang='lat' dir='ltr'>pes,</span> <span class='ocrx_word' id='word_1_117' title='bbox 1318 1580 1432 1624; x_wconf 89' lang='lat' dir='ltr'>manus</span> <span class='ocrx_word' id='word_1_118' title='bbox 1464 1561 1619 1625; x_wconf 92' lang='lat' dir='ltr'>oculusve</span> <span class='ocrx_word' id='word_1_119' title='bbox 1652 1566 1725 1625; x_wconf 90' lang='lat' dir='ltr'>tuus</span> <span class='ocrx_word' id='word_1_120' title='bbox 1756 1560 1955 1625; x_wconf 79' lang='lat' dir='ltr'>scandalizet</span> <span class='ocrx_word' id='word_1_121' title='bbox 1990 1567 2033 1640; x_wconf 90' lang='lat' dir='ltr'>te,</span> <span class='ocrx_word' id='word_1_122' title='bbox 2053 1588 2078 1625; x_wconf 84' lang='lat' dir='ltr'>ro</span> 
     </span>
     <span class='ocr_line' id='line_1_12' title="bbox 410 1662 915 1750; baseline -0.006 -20"><span class='ocrx_word' id='word_1_123' title='bbox 410 1686 488 1731; x_wconf 91' lang='lat' dir='ltr'>erue</span> <span class='ocrx_word' id='word_1_124' title='bbox 511 1666 568 1729; x_wconf 91' lang='lat' dir='ltr'>illa</span> <span class='ocrx_word' id='word_1_125' title='bbox 591 1672 625 1729; x_wconf 91' lang='lat' dir='ltr'>et</span> <span class='ocrx_word' id='word_1_126' title='bbox 647 1666 757 1750; x_wconf 89' lang='lat' dir='ltr'>proice</span> <span class='ocrx_word' id='word_1_127' title='bbox 781 1663 839 1728; x_wconf 89' lang='lat' dir='ltr'>abs</span> <span class='ocrx_word' id='word_1_128' title='bbox 863 1662 915 1728; x_wconf 86' lang='lat' dir='ltr'>tc’.</span> 
     </span>
    </p>

    <p class='ocr_par' dir='ltr' id='par_1_3' title="bbox 519 1767 2033 1854">
     <span class='ocr_line' id='line_1_13' title="bbox 519 1767 2033 1854; baseline 0.001 -22"><span class='ocrx_word' id='word_1_129' title='bbox 519 1772 548 1832; x_wconf 82' lang='lat'>7.</span> <span class='ocrx_word' id='word_1_130' title='bbox 582 1767 638 1831; x_wconf 92' lang='lat' dir='ltr'>De</span> <span class='ocrx_word' id='word_1_131' title='bbox 668 1773 874 1853; x_wconf 89' lang='lat' dir='ltr'>potestate</span> <span class='ocrx_word' id='word_1_132' title='bbox 903 1768 1193 1853; x_wconf 87' lang='lat' dir='ltr'>episcoporum</span> <span class='ocrx_word' id='word_1_133' title='bbox 1228 1788 1346 1852; x_wconf 91' lang='lat' dir='ltr'>super</span> <span class='ocrx_word' id='word_1_134' title='bbox 1382 1788 1446 1830; x_wconf 88' lang='lat' dir='ltr'>ras</span> <span class='ocrx_word' id='word_1_135' title='bbox 1476 1767 1792 1833; x_wconf 89' lang='lat' dir='ltr'>ecclesiasticas</span> <span class='ocrx_word' id='word_1_136' title='bbox 1821 1788 2033 1854; x_wconf 91' lang='lat' dir='ltr'>eorumque</span> 
     </span>
    </p>
   </div>
   <div class='ocr_carea' id='block_1_3' title="bbox 409 1862 2034 1956">
    <p class='ocr_par' dir='ltr' id='par_1_4' title="bbox 409 1862 2034 1956">
     <span class='ocr_line' id='line_1_14' title="bbox 409 1862 2034 1956; baseline -0.001 -19"><span class='ocrx_word' id='word_1_137' title='bbox 409 1870 697 1937; x_wconf 89' lang='lat' dir='ltr'>convenientia</span> <span class='ocrx_word' id='word_1_138' title='bbox 725 1891 807 1934; x_wconf 87' lang='lat' dir='ltr'>curn</span> <span class='ocrx_word' id='word_1_139' title='bbox 839 1871 971 1950; x_wconf 92' lang='lat' dir='ltr'>laicis,</span> <span class='ocrx_word' id='word_1_140' title='bbox 1003 1870 1129 1954; x_wconf 91' lang='lat' dir='ltr'>deque</span> <span class='ocrx_word' id='word_1_141' title='bbox 1158 1869 1469 1934; x_wconf 90' lang='lat' dir='ltr'>abhominandis</span> <span class='ocrx_word' id='word_1_142' title='bbox 1495 1872 1719 1956; x_wconf 86' lang='lat' dir='ltr'>perversis·</span> <span class='ocrx_word' id='word_1_143' title='bbox 1741 1871 1914 1955; x_wconf 89' lang='lat' dir='ltr'>premiis.</span> <span class='ocrx_word' id='word_1_144' title='bbox 1960 1862 2034 1935; x_wconf 79' lang='lat' dir='ltr'>Ut⁴⁷</span> 
     </span>
    </p>
   </div>
   <div class='ocr_carea' id='block_1_4' title="bbox 409 1974 2077 2474">
    <p class='ocr_par' dir='ltr' id='par_1_5' title="bbox 409 1974 2077 2474">
     <span class='ocr_line' id='line_1_15' title="bbox 410 1974 2034 2047; baseline -0.001 -15"><span class='ocrx_word' id='word_1_145' title='bbox 410 1976 536 2047; x_wconf 88' lang='lat' dir='ltr'>episcopi</span> <span class='ocrx_word' id='word_1_146' title='bbox 563 1978 736 2046; x_wconf 87' lang='lat' dir='ltr'>potestatem</span> <span class='ocrx_word' id='word_1_147' title='bbox 763 1975 888 2030; x_wconf 87' lang='lat' dir='ltr'>habeant</span> <span class='ocrx_word' id='word_1_148' title='bbox 917 1991 961 2030; x_wconf 89' lang='lat' dir='ltr'>res</span> <span class='ocrx_word' id='word_1_149' title='bbox 984 1975 1188 2030; x_wconf 79' lang='lat' dir='ltr'>ecclesiasticas</span> <span class='ocrx_word' id='word_1_150' title='bbox 1211 1974 1389 2045; x_wconf 89' lang='lat' dir='ltr'>praevidere,</span> <span class='ocrx_word' id='word_1_151' title='bbox 1412 1991 1509 2045; x_wconf 83' lang='lat' dir='ltr'>regere</span> <span class='ocrx_word' id='word_1_152' title='bbox 1532 1979 1562 2030; x_wconf 90' lang='lat' dir='ltr'>et</span> <span class='ocrx_word' id='word_1_153' title='bbox 1583 1976 1741 2046; x_wconf 79' lang='lat' dir='ltr'>gubernare</span> <span class='ocrx_word' id='word_1_154' title='bbox 1763 1978 1850 2044; x_wconf 84' lang='lat' dir='ltr'>atque</span> <span class='ocrx_word' id='word_1_155' title='bbox 1871 1975 2034 2046; x_wconf 87' lang='lat' dir='ltr'>dispensare</span> 
     </span>
     <span class='ocr_line' id='line_1_16' title="bbox 409 2057 2077 2130; baseline -0.001 -14"><span class='ocrx_word' id='word_1_156' title='bbox 409 2060 560 2116; x_wconf 87' lang='lat' dir='ltr'>secuudum</span> <span class='ocrx_word' id='word_1_157' title='bbox 584 2076 722 2114; x_wconf 90' lang='lat' dir='ltr'>canonum</span> <span class='ocrx_word' id='word_1_158' title='bbox 743 2058 954 2124; x_wconf 88' lang='lat' dir='ltr'>auctoritatem,</span> <span class='ocrx_word' id='word_1_159' title='bbox 979 2058 1117 2123; x_wconf 89' lang='lat' dir='ltr'>volumus;</span> <span class='ocrx_word' id='word_1_160' title='bbox 1147 2062 1177 2113; x_wconf 89' lang='lat' dir='ltr'>et</span> <span class='ocrx_word' id='word_1_161' title='bbox 1199 2062 1232 2113; x_wconf 91' lang='lat' dir='ltr'>ut</span> <span class='ocrx_word' id='word_1_162' title='bbox 1248 2058 1315 2113; x_wconf 91' lang='lat' dir='ltr'>laici</span> <span class='ocrx_word' id='word_1_163' title='bbox 1332 2057 1362 2111; x_wconf 92' lang='lat' dir='ltr'>in</span> <span class='ocrx_word' id='word_1_164' title='bbox 1381 2075 1474 2113; x_wconf 89' lang='lat' dir='ltr'>eorum</span> <span class='ocrx_word' id='word_1_165' title='bbox 1492 2058 1646 2114; x_wconf 88' lang='lat' dir='ltr'>ministerio</span> <span class='ocrx_word' id='word_1_166' title='bbox 1664 2058 1816 2114; x_wconf 90' lang='lat' dir='ltr'>oboediant</span> <span class='ocrx_word' id='word_1_167' title='bbox 1838 2058 1976 2130; x_wconf 88' lang='lat' dir='ltr'>episcopis</span> <span class='ocrx_word' id='word_1_168' title='bbox 1997 2061 2035 2115; x_wconf 87' lang='lat' dir='ltr'>ad</span> <span class='ocrx_word' id='word_1_169' title='bbox 2053 2083 2077 2121; x_wconf 67' lang='grc' dir='ltr'>ιι,</span> 
     </span>
     <span class='ocr_line' id='line_1_17' title="bbox 409 2144 2034 2218; baseline -0.002 -15"><span class='ocrx_word' id='word_1_170' title='bbox 409 2147 545 2218; x_wconf 83' lang='lat' dir='ltr'>regendas</span> <span class='ocrx_word' id='word_1_171' title='bbox 568 2145 710 2210; x_wconf 88' lang='lat' dir='ltr'>ecclesias,</span> <span class='ocrx_word' id='word_1_172' title='bbox 734 2145 832 2200; x_wconf 89' lang='lat' dir='ltr'>viduas</span> <span class='ocrx_word' id='word_1_173' title='bbox 857 2148 886 2201; x_wconf 93' lang='lat' dir='ltr'>et</span> <span class='ocrx_word' id='word_1_174' title='bbox 909 2145 1019 2201; x_wconf 78' lang='lat' dir='ltr'>orfanos</span> <span class='ocrx_word' id='word_1_175' title='bbox 1038 2145 1233 2210; x_wconf 87' lang='lat' dir='ltr'>defensandos,</span> <span class='ocrx_word' id='word_1_176' title='bbox 1257 2149 1286 2200; x_wconf 88' lang='lat' dir='ltr'>et</span> <span class='ocrx_word' id='word_1_177' title='bbox 1305 2148 1336 2199; x_wconf 91' lang='lat' dir='ltr'>ut</span> <span class='ocrx_word' id='word_1_178' title='bbox 1353 2144 1533 2200; x_wconf 88' lang='lat' dir='ltr'>oboedientes</span> <span class='ocrx_word' id='word_1_179' title='bbox 1556 2144 1613 2199; x_wconf 94' lang='lat' dir='ltr'>sint</span> <span class='ocrx_word' id='word_1_180' title='bbox 1630 2145 1667 2198; x_wconf 88' lang='lat' dir='ltr'>ad</span> <span class='ocrx_word' id='word_1_181' title='bbox 1685 2163 1779 2200; x_wconf 90' lang='lat' dir='ltr'>eorum</span> <span class='ocrx_word' id='word_1_182' title='bbox 1799 2145 2034 2202; x_wconf 84' lang='lat' dir='ltr'>christianitatem</span> 
     </span>
     <span class='ocr_line' id='line_1_18' title="bbox 409 2216 2033 2300; baseline -0.001 -11"><span class='ocrx_word' id='word_1_183' title='bbox 409 2233 582 2289; x_wconf 86' lang='lat' dir='ltr'>servandam.</span> <span class='ocrx_word' id='word_1_184' title='bbox 617 2216 678 2287; x_wconf 79' lang='lat' dir='ltr'>ut*</span> <span class='ocrx_word' id='word_1_185' title='bbox 697 2231 822 2300; x_wconf 88' lang='lat' dir='ltr'>episcopi</span> <span class='ocrx_word' id='word_1_186' title='bbox 841 2231 1047 2286; x_wconf 89' lang='lat' dir='ltr'>consentientes</span> <span class='ocrx_word' id='word_1_187' title='bbox 1068 2231 1126 2286; x_wconf 91' lang='lat' dir='ltr'>siut</span> <span class='ocrx_word' id='word_1_188' title='bbox 1148 2231 1297 2286; x_wconf 86' lang='lat' dir='ltr'>comitibus</span> <span class='ocrx_word' id='word_1_189' title='bbox 1319 2232 1348 2285; x_wconf 93' lang='lat' dir='ltr'>et</span> <span class='ocrx_word' id='word_1_190' title='bbox 1366 2230 1504 2285; x_wconf 91' lang='lat' dir='ltr'>iudicibus</span> <span class='ocrx_word' id='word_1_191' title='bbox 1522 2231 1559 2284; x_wconf 88' lang='lat' dir='ltr'>ad</span> <span class='ocrx_word' id='word_1_192' title='bbox 1576 2231 1698 2286; x_wconf 87' lang='lat' dir='ltr'>iustitias</span> <span class='ocrx_word' id='word_1_193' title='bbox 1716 2231 1870 2298; x_wconf 72' lang='lat' dir='ltr'>faciendas,</span> <span class='ocrx_word' id='word_1_194' title='bbox 1896 2236 1926 2287; x_wconf 89' lang='lat' dir='ltr'>et</span> <span class='ocrx_word' id='word_1_195' title='bbox 1943 2233 2033 2288; x_wconf 91' lang='lat' dir='ltr'>nulla·</span> 
     </span>
     <span class='ocr_line' id='line_1_19' title="bbox 410 2317 2035 2389; baseline -0.001 -14"><span class='ocrx_word' id='word_1_196' title='bbox 410 2323 491 2375; x_wconf 91' lang='lat' dir='ltr'>tenus</span> <span class='ocrx_word' id='word_1_197' title='bbox 513 2337 565 2389; x_wconf 91' lang='lat' dir='ltr'>per</span> <span class='ocrx_word' id='word_1_198' title='bbox 586 2318 743 2388; x_wconf 88' lang='lat' dir='ltr'>aliquomm</span> <span class='ocrx_word' id='word_1_199' title='bbox 765 2318 942 2373; x_wconf 84' lang='lat' dir='ltr'>mendacium</span> <span class='ocrx_word' id='word_1_200' title='bbox 966 2318 1011 2373; x_wconf 87' lang='lat' dir='ltr'>vel</span> <span class='ocrx_word' id='word_1_201' title='bbox 1033 2317 1135 2372; x_wconf 83' lang='lat' dir='ltr'>falsum</span> <span class='ocrx_word' id='word_1_202' title='bbox 1156 2317 1347 2373; x_wconf 90' lang='lat' dir='ltr'>testimonium</span> <span class='ocrx_word' id='word_1_203' title='bbox 1374 2334 1464 2386; x_wconf 91' lang='lat' dir='ltr'>neque</span> <span class='ocrx_word' id='word_1_204' title='bbox 1487 2335 1537 2386; x_wconf 91' lang='lat' dir='ltr'>per</span> <span class='ocrx_word' id='word_1_205' title='bbox 1559 2317 1712 2388; x_wconf 88' lang='lat' dir='ltr'>periurium</span> <span class='ocrx_word' id='word_1_206' title='bbox 1734 2321 1784 2372; x_wconf 88' lang='lat' dir='ltr'>aut</span> <span class='ocrx_word' id='word_1_207' title='bbox 1806 2335 1856 2388; x_wconf 90' lang='lat' dir='ltr'>per</span> <span class='ocrx_word' id='word_1_208' title='bbox 1879 2318 2035 2388; x_wconf 87' lang='lat' dir='ltr'>praemium</span> 
     </span>
     <span class='ocr_line' id='line_1_20' title="bbox 411 2404 918 2474; baseline -0.004 -14"><span class='ocrx_word' id='word_1_209' title='bbox 411 2407 457 2462; x_wconf 88' lang='lat' dir='ltr'>lex</span> <span class='ocrx_word' id='word_1_210' title='bbox 475 2406 564 2461; x_wconf 65' lang='lat' dir='ltr'>iustal</span> <span class='ocrx_word' id='word_1_211' title='bbox 581 2405 611 2460; x_wconf 91' lang='lat' dir='ltr'>in</span> <span class='ocrx_word' id='word_1_212' title='bbox 629 2404 724 2474; x_wconf 92' lang='lat' dir='ltr'>aliquo</span> <span class='ocrx_word' id='word_1_213' title='bbox 743 2404 918 2474; x_wconf 85' lang='lat' dir='ltr'>depravetur.</span> 
     </span>
    </p>
   </div>
   <div class='ocr_carea' id='block_1_5' title="bbox 410 2499 2079 3721">
    <p class='ocr_par' dir='ltr' id='par_1_6' title="bbox 410 2499 2079 3721">
     <span class='ocr_line' id='line_1_21' title="bbox 519 2499 2079 2587; baseline -0.001 -19"><span class='ocrx_word' id='word_1_214' title='bbox 519 2507 549 2568; x_wconf 80' lang='lat'>8.</span> <span class='ocrx_word' id='word_1_215' title='bbox 579 2502 637 2567; x_wconf 91' lang='lat' dir='ltr'>De</span> <span class='ocrx_word' id='word_1_216' title='bbox 669 2501 999 2587; x_wconf 90' lang='lat' dir='ltr'>proprietatibus</span> <span class='ocrx_word' id='word_1_217' title='bbox 1034 2501 1084 2564; x_wconf 89' lang='lat' dir='ltr'>ab</span> <span class='ocrx_word' id='word_1_218' title='bbox 1118 2500 1323 2585; x_wconf 91' lang='lat' dir='ltr'>episcopis</span> <span class='ocrx_word' id='word_1_219' title='bbox 1365 2499 1427 2563; x_wconf 93' lang='lat' dir='ltr'>vel</span> <span class='ocrx_word' id='word_1_220' title='bbox 1462 2499 1718 2586; x_wconf 84' lang='lat' dir='ltr'>presbyteris</span> <span class='ocrx_word' id='word_1_221' title='bbox 1749 2507 1840 2584; x_wconf 92' lang='lat' dir='ltr'>post</span> <span class='ocrx_word' id='word_1_222' title='bbox 1867 2500 2079 2568; x_wconf 84' lang='lat' dir='ltr'>ordine-ro</span> 
     </span>
     <span class='ocr_line' id='line_1_22' title="bbox 410 2593 2034 2691; baseline -0.002 -19"><span class='ocrx_word' id='word_1_223' title='bbox 410 2609 559 2672; x_wconf 90' lang='lat' dir='ltr'>tionem</span> <span class='ocrx_word' id='word_1_224' title='bbox 591 2605 814 2691; x_wconf 88' lang='lat' dir='ltr'>adquisitis.</span> <span class='ocrx_word' id='word_1_225' title='bbox 870 2603 909 2667; x_wconf 91' lang='lat' dir='ltr'>Iu</span> <span class='ocrx_word' id='word_1_226' title='bbox 936 2602 1072 2667; x_wconf 90' lang='lat' dir='ltr'>concilio</span> <span class='ocrx_word' id='word_1_227' title='bbox 1096 2601 1324 2686; x_wconf 82' lang='lat' dir='ltr'>Cartaginensi</span> <span class='ocrx_word' id='word_1_228' title='bbox 1348 2602 1502 2686; x_wconf 88' lang='lat' dir='ltr'>scriptum</span> <span class='ocrx_word' id='word_1_229' title='bbox 1532 2609 1597 2666; x_wconf 89' lang='lat' dir='ltr'>cst:</span> <span class='ocrx_word' id='word_1_230' title='bbox 1626 2593 1715 2666; x_wconf 70' lang='lat' dir='ltr'>‘Ut48</span> <span class='ocrx_word' id='word_1_231' title='bbox 1743 2603 1920 2688; x_wconf 64' lang='lat' dir='ltr'>episcopie,</span> <span class='ocrx_word' id='word_1_232' title='bbox 1942 2625 2034 2690; x_wconf 91' lang='lat' dir='ltr'>pres-</span> 
     </span>
     <span class='ocr_line' id='line_1_23' title="bbox 410 2705 2035 2796; baseline -0.002 -21"><span class='ocrx_word' id='word_1_233' title='bbox 410 2711 528 2796; x_wconf 91' lang='lat' dir='ltr'>byteri,</span> <span class='ocrx_word' id='word_1_234' title='bbox 557 2709 686 2773; x_wconf 91' lang='lat' dir='ltr'>diaconi</span> <span class='ocrx_word' id='word_1_235' title='bbox 710 2706 762 2772; x_wconf 93' lang='lat' dir='ltr'>vel</span> <span class='ocrx_word' id='word_1_236' title='bbox 785 2707 980 2792; x_wconf 89' lang='lat' dir='ltr'>quicumque</span> <span class='ocrx_word' id='word_1_237' title='bbox 1004 2706 1123 2785; x_wconf 89' lang='lat' dir='ltr'>clerici,</span> <span class='ocrx_word' id='word_1_238' title='bbox 1152 2706 1205 2790; x_wconf 94' lang='lat' dir='ltr'>qui</span> <span class='ocrx_word' id='word_1_239' title='bbox 1228 2705 1308 2770; x_wconf 90' lang='lat' dir='ltr'>nihil</span> <span class='ocrx_word' id='word_1_240' title='bbox 1333 2705 1492 2771; x_wconf 89' lang='lat' dir='ltr'>habentes</span> <span class='ocrx_word' id='word_1_241' title='bbox 1515 2707 1704 2770; x_wconf 87' lang='lat' dir='ltr'>ordinantur</span> <span class='ocrx_word' id='word_1_242' title='bbox 1727 2712 1760 2770; x_wconf 91' lang='lat' dir='ltr'>et</span> <span class='ocrx_word' id='word_1_243' title='bbox 1779 2712 1927 2792; x_wconf 90' lang='lat' dir='ltr'>tempore</span> <span class='ocrx_word' id='word_1_244' title='bbox 1950 2709 2035 2794; x_wconf 90' lang='lat' dir='ltr'>epis-</span> 
     </span>
     <span class='ocr_line' id='line_1_24' title="bbox 412 2809 2036 2898; baseline -0.001 -21"><span class='ocrx_word' id='word_1_245' title='bbox 412 2818 547 2898; x_wconf 88' lang='lat' dir='ltr'>copatus</span> <span class='ocrx_word' id='word_1_246' title='bbox 562 2809 615 2876; x_wconf 84' lang='lat' dir='ltr'>vel</span> <span class='ocrx_word' id='word_1_247' title='bbox 625 2811 796 2875; x_wconf 90' lang='lat' dir='ltr'>clericatus</span> <span class='ocrx_word' id='word_1_248' title='bbox 810 2811 860 2873; x_wconf 91' lang='lat' dir='ltr'>sui</span> <span class='ocrx_word' id='word_1_249' title='bbox 872 2830 969 2894; x_wconf 91' lang='lat' dir='ltr'>agros</span> <span class='ocrx_word' id='word_1_250' title='bbox 985 2810 1038 2874; x_wconf 91' lang='lat' dir='ltr'>vel</span> <span class='ocrx_word' id='word_1_251' title='bbox 1050 2830 1274 2894; x_wconf 91' lang='lat' dir='ltr'>quaecumque</span> <span class='ocrx_word' id='word_1_252' title='bbox 1299 2809 1412 2895; x_wconf 88' lang='lat' dir='ltr'>predia</span> <span class='ocrx_word' id='word_1_253' title='bbox 1434 2832 1491 2874; x_wconf 91' lang='lat' dir='ltr'>suo</span> <span class='ocrx_word' id='word_1_254' title='bbox 1512 2811 1644 2875; x_wconf 89' lang='lat' dir='ltr'>nornine</span> <span class='ocrx_word' id='word_1_255' title='bbox 1658 2817 1859 2895; x_wconf 88' lang='lat' dir='ltr'>comparent,</span> <span class='ocrx_word' id='word_1_256' title='bbox 1871 2818 2036 2897; x_wconf 90' lang='lat' dir='ltr'>tamquam</span> 
     </span>
     <span class='ocr_line' id='line_1_25' title="bbox 411 2913 2035 2992; baseline -0.001 -11"><span class='ocrx_word' id='word_1_257' title='bbox 411 2937 518 2981; x_wconf 89' lang='lat' dir='ltr'>rerum</span> <span class='ocrx_word' id='word_1_258' title='bbox 551 2914 784 2979; x_wconf 90' lang='lat' dir='ltr'>dominicarum</span> <span class='ocrx_word' id='word_1_259' title='bbox 821 2914 997 2977; x_wconf 82' lang='lat' dir='ltr'>invasionis</span> <span class='ocrx_word' id='word_1_260' title='bbox 1026 2913 1159 2978; x_wconf 91' lang='lat' dir='ltr'>crimine</span> <span class='ocrx_word' id='word_1_261' title='bbox 1187 2921 1376 2992; x_wconf 89' lang='lat' dir='ltr'>teneantur,</span> <span class='ocrx_word' id='word_1_262' title='bbox 1400 2915 1462 2978; x_wconf 89' lang='lat' dir='ltr'>nisi</span> <span class='ocrx_word' id='word_1_263' title='bbox 1486 2913 1643 2978; x_wconf 88' lang='lat' dir='ltr'>admoniti</span> <span class='ocrx_word' id='word_1_264' title='bbox 1666 2914 1896 2979; x_wconf 87' lang='lat' dir='ltr'>in-ccclesiam</span> <span class='ocrx_word' id='word_1_265' title='bbox 1921 2915 2035 2980; x_wconf 90' lang='lat' dir='ltr'>eadem</span> 
     </span>
     <span class='ocr_line' id='line_1_26' title="bbox 411 3016 2079 3105; baseline 0.001 -23"><span class='ocrx_word' id='word_1_266' title='bbox 411 3020 484 3105; x_wconf 90' lang='lat' dir='ltr'>ipsa</span> <span class='ocrx_word' id='word_1_267' title='bbox 506 3017 711 3082; x_wconf 91' lang='lat' dir='ltr'>contulerint.</span> <span class='ocrx_word' id='word_1_268' title='bbox 757 3016 792 3080; x_wconf 81' lang='lat' dir='ltr'>Si</span> <span class='ocrx_word' id='word_1_269' title='bbox 815 3022 923 3080; x_wconf 89' lang='lat' dir='ltr'>autem</span> <span class='ocrx_word' id='word_1_270' title='bbox 947 3017 1027 3103; x_wconf 92' lang='lat' dir='ltr'>ipsis</span> <span class='ocrx_word' id='word_1_271' title='bbox 1051 3019 1202 3103; x_wconf 78' lang='lat' dir='ltr'>propriev</span> <span class='ocrx_word' id='word_1_272' title='bbox 1224 3018 1346 3103; x_wconf 91' lang='lat' dir='ltr'>aliquid</span> <span class='ocrx_word' id='word_1_273' title='bbox 1370 3019 1567 3083; x_wconf 86' lang='lat' dir='ltr'>liberalitate</span> <span class='ocrx_word' id='word_1_274' title='bbox 1592 3018 1729 3082; x_wconf 91' lang='lat' dir='ltr'>alicuius</span> <span class='ocrx_word' id='word_1_275' title='bbox 1753 3019 1806 3083; x_wconf 92' lang='lat' dir='ltr'>vel</span> <span class='ocrx_word' id='word_1_276' title='bbox 1830 3019 2036 3084; x_wconf 91' lang='lat' dir='ltr'>successione</span> <span class='ocrx_word' id='word_1_277' title='bbox 2054 3045 2079 3084; x_wconf 79' lang='lat' dir='ltr'>aa</span> 
     </span>
     <span class='ocr_line' id='line_1_27' title="bbox 413 3120 2037 3207; baseline 0.001 -21"><span class='ocrx_word' id='word_1_278' title='bbox 413 3121 643 3205; x_wconf 74' lang='lat' dir='ltr'>cognationisW</span> <span class='ocrx_word' id='word_1_279' title='bbox 674 3120 858 3200; x_wconf 87' lang='lat' dir='ltr'>obvenerit,</span> <span class='ocrx_word' id='word_1_280' title='bbox 887 3120 1009 3184; x_wconf 83' lang='lat' dir='ltr'>faciant</span> <span class='ocrx_word' id='word_1_281' title='bbox 1038 3121 1128 3198; x_wconf 92' lang='lat' dir='ltr'>inde,</span> <span class='ocrx_word' id='word_1_282' title='bbox 1156 3122 1242 3207; x_wconf 92' lang='lat' dir='ltr'>quod</span> <span class='ocrx_word' id='word_1_283' title='bbox 1274 3142 1387 3186; x_wconf 89' lang='lat' dir='ltr'>corum</span> <span class='ocrx_word' id='word_1_284' title='bbox 1418 3122 1627 3207; x_wconf 90' lang='lat' dir='ltr'>propopcsito</span> <span class='ocrx_word' id='word_1_285' title='bbox 1657 3122 1815 3206; x_wconf 89' lang='lat' dir='ltr'>congruit.</span> <span class='ocrx_word' id='word_1_286' title='bbox 1870 3121 2037 3197; x_wconf 86' lang='lat' dir='ltr'>Quodsia</span> 
     </span>
     <span class='ocr_line' id='line_1_28' title="bbox 412 3222 2037 3312; baseline 0.001 -23"><span class='ocrx_word' id='word_1_287' title='bbox 412 3246 471 3289; x_wconf 92' lang='lat' dir='ltr'>suo</span> <span class='ocrx_word' id='word_1_288' title='bbox 494 3225 663 3310; x_wconf 92' lang='lat' dir='ltr'>proposito</span> <span class='ocrx_word' id='word_1_289' title='bbox 681 3231 857 3289; x_wconf 88' lang='lat' dir='ltr'>retrorsum</span> <span class='ocrx_word' id='word_1_290' title='bbox 881 3223 1151 3304; x_wconf 80' lang='lat' dir='ltr'>exorbitaverint,</span> <span class='ocrx_word' id='word_1_291' title='bbox 1176 3224 1297 3288; x_wconf 86' lang='lat' dir='ltr'>honore</span> <span class='ocrx_word' id='word_1_292' title='bbox 1321 3224 1544 3288; x_wconf 87' lang='lat' dir='ltr'>ecclesiastico</span> <span class='ocrx_word' id='word_1_293' title='bbox 1568 3222 1693 3308; x_wconf 90' lang='lat' dir='ltr'>indigni</span> <span class='ocrx_word' id='word_1_294' title='bbox 1717 3230 1881 3308; x_wconf 89' lang='lat' dir='ltr'>tamquam</span> <span class='ocrx_word' id='word_1_295' title='bbox 1904 3226 2037 3312; x_wconf 91' lang='lat' dir='ltr'>reprobi</span> 
     </span>
     <span class='ocr_line' id='line_1_29' title="bbox 411 3317 2035 3411; baseline -0.001 -17"><span class='ocrx_word' id='word_1_296' title='bbox 411 3328 605 3394; x_wconf 89' lang='lat' dir='ltr'>iudicentur.</span> <span class='ocrx_word' id='word_1_297' title='bbox 650 3317 876 3411; x_wconf 77' lang='lat' dir='ltr'>Presbyteri49</span> <span class='ocrx_word' id='word_1_298' title='bbox 893 3347 968 3391; x_wconf 89' lang='lat' dir='ltr'>vero</span> <span class='ocrx_word' id='word_1_299' title='bbox 984 3348 1049 3390; x_wconf 92' lang='lat' dir='ltr'>uon</span> <span class='ocrx_word' id='word_1_300' title='bbox 1066 3326 1209 3391; x_wconf 88' lang='lat' dir='ltr'>vendant</span> <span class='ocrx_word' id='word_1_301' title='bbox 1225 3348 1294 3391; x_wconf 91' lang='lat' dir='ltr'>rem</span> <span class='ocrx_word' id='word_1_302' title='bbox 1314 3327 1486 3404; x_wconf 90' lang='lat' dir='ltr'>ecclesiae,</span> <span class='ocrx_word' id='word_1_303' title='bbox 1510 3328 1566 3391; x_wconf 92' lang='lat' dir='ltr'>ubi</span> <span class='ocrx_word' id='word_1_304' title='bbox 1591 3333 1666 3391; x_wconf 91' lang='lat' dir='ltr'>sunt</span> <span class='ocrx_word' id='word_1_305' title='bbox 1682 3328 1861 3404; x_wconf 90' lang='lat' dir='ltr'>constituti,</span> <span class='ocrx_word' id='word_1_306' title='bbox 1884 3328 2035 3394; x_wconf 90' lang='lat' dir='ltr'>nescien-</span> 
     </span>
     <span class='ocr_line' id='line_1_30' title="bbox 411 3428 2035 3516; baseline -0.001 -19"><span class='ocrx_word' id='word_1_307' title='bbox 411 3433 498 3497; x_wconf 88' lang='lat' dir='ltr'>tibus</span> <span class='ocrx_word' id='word_1_308' title='bbox 522 3430 686 3515; x_wconf 89' lang='lat' dir='ltr'>cpiscopis</span> <span class='ocrx_word' id='word_1_309' title='bbox 710 3431 789 3510; x_wconf 90' lang='lat' dir='ltr'>auis,</span> <span class='ocrx_word' id='word_1_310' title='bbox 813 3428 1000 3514; x_wconf 84' lang='lat' dir='ltr'>quomodc¹</span> <span class='ocrx_word' id='word_1_311' title='bbox 1023 3435 1056 3494; x_wconf 94' lang='lat' dir='ltr'>et</span> <span class='ocrx_word' id='word_1_312' title='bbox 1079 3432 1235 3515; x_wconf 89' lang='lat' dir='ltr'>episcopo</span> <span class='ocrx_word' id='word_1_313' title='bbox 1259 3450 1323 3493; x_wconf 91' lang='lat' dir='ltr'>non</span> <span class='ocrx_word' id='word_1_314' title='bbox 1353 3429 1432 3494; x_wconf 90' lang='lat' dir='ltr'>licet</span> <span class='ocrx_word' id='word_1_315' title='bbox 1454 3429 1597 3495; x_wconf 88' lang='lat' dir='ltr'>vendere</span> <span class='ocrx_word' id='word_1_316' title='bbox 1621 3429 1737 3515; x_wconf 89' lang='lat' dir='ltr'>predia</span> <span class='ocrx_word' id='word_1_317' title='bbox 1760 3430 1920 3495; x_wconf 90' lang='lat' dir='ltr'>ecclesiae</span> <span class='ocrx_word' id='word_1_318' title='bbox 1944 3432 2035 3516; x_wconf 91' lang='lat' dir='ltr'>igno-</span> 
     </span>
     <span class='ocr_line' id='line_1_31' title="bbox 410 3531 2079 3620; baseline 0.002 -22"><span class='ocrx_word' id='word_1_319' title='bbox 410 3541 504 3600; x_wconf 89' lang='lat' dir='ltr'>rante</span> <span class='ocrx_word' id='word_1_320' title='bbox 529 3533 665 3598; x_wconf 91' lang='lat' dir='ltr'>concilio</span> <span class='ocrx_word' id='word_1_321' title='bbox 689 3533 742 3596; x_wconf 94' lang='lat' dir='ltr'>vel</span> <span class='ocrx_word' id='word_1_322' title='bbox 764 3533 964 3619; x_wconf 84' lang='lat' dir='ltr'>presbyteris</span> <span class='ocrx_word' id='word_1_323' title='bbox 988 3533 1087 3596; x_wconf 87' lang='lat' dir='ltr'>suis¹.</span> <span class='ocrx_word' id='word_1_324' title='bbox 1140 3531 1215 3596; x_wconf 87' lang='lat' dir='ltr'>Non</span> <span class='ocrx_word' id='word_1_325' title='bbox 1239 3533 1396 3597; x_wconf 77' lang='lat' dir='ltr'>habentiy</span> <span class='ocrx_word' id='word_1_326' title='bbox 1420 3534 1650 3598; x_wconf 88' lang='lat' dir='ltr'>necessitatem</span> <span class='ocrx_word' id='word_1_327' title='bbox 1674 3554 1734 3597; x_wconf 91' lang='lat' dir='ltr'>nec</span> <span class='ocrx_word' id='word_1_328' title='bbox 1759 3534 1914 3620; x_wconf 90' lang='lat' dir='ltr'>episcopo</span> <span class='ocrx_word' id='word_1_329' title='bbox 1938 3535 2036 3600; x_wconf 89' lang='lat' dir='ltr'>liceat</span> <span class='ocrx_word' id='word_1_330' title='bbox 2053 3563 2079 3602; x_wconf 82' lang='lat' dir='ltr'>ao</span> 
     </span>
     <span class='ocr_line' id='line_1_32' title="bbox 411 3633 1376 3721; baseline -0.002 -19"><span class='ocrx_word' id='word_1_331' title='bbox 411 3637 555 3702; x_wconf 88' lang='lat' dir='ltr'>matricis</span> <span class='ocrx_word' id='word_1_332' title='bbox 579 3635 742 3701; x_wconf 89' lang='lat' dir='ltr'>ecclesiae</span> <span class='ocrx_word' id='word_1_333' title='bbox 765 3656 834 3700; x_wconf 91' lang='lat' dir='ltr'>rem</span> <span class='ocrx_word' id='word_1_334' title='bbox 859 3636 944 3699; x_wconf 91' lang='lat' dir='ltr'>tituli</span> <span class='ocrx_word' id='word_1_335' title='bbox 969 3635 1018 3698; x_wconf 91' lang='lat' dir='ltr'>sui</span> <span class='ocrx_word' id='word_1_336' title='bbox 1042 3636 1174 3700; x_wconf 92' lang='lat' dir='ltr'>nomine</span> <span class='ocrx_word' id='word_1_337' title='bbox 1197 3633 1376 3721; x_wconf 87' lang='lat' dir='ltr'>usurpare‘.</span> 
     </span>
    </p>
   </div>
   <div class='ocr_carea' id='block_1_6' title="bbox 410 3741 2080 4247">
    <p class='ocr_par' dir='ltr' id='par_1_7' title="bbox 410 3741 2080 4247">
     <span class='ocr_line' id='line_1_33' title="bbox 518 3741 2039 3833; baseline 0 -20"><span class='ocrx_word' id='word_1_338' title='bbox 518 3751 549 3816; x_wconf 85' lang='lat'>9.</span> <span class='ocrx_word' id='word_1_339' title='bbox 579 3747 638 3811; x_wconf 91' lang='lat' dir='ltr'>De</span> <span class='ocrx_word' id='word_1_340' title='bbox 671 3747 1076 3812; x_wconf 89' lang='lat' dir='ltr'>manumissionibus.</span> <span class='ocrx_word' id='word_1_341' title='bbox 1128 3747 1167 3811; x_wconf 93' lang='lat' dir='ltr'>In</span> <span class='ocrx_word' id='word_1_342' title='bbox 1201 3748 1336 3812; x_wconf 91' lang='lat' dir='ltr'>concilio</span> <span class='ocrx_word' id='word_1_343' title='bbox 1368 3746 1599 3833; x_wconf 79' lang='lat' dir='ltr'>Cartaginensi</span> <span class='ocrx_word' id='word_1_344' title='bbox 1630 3749 1676 3812; x_wconf 93' lang='lat' dir='ltr'>ita</span> <span class='ocrx_word' id='word_1_345' title='bbox 1706 3748 1907 3814; x_wconf 90' lang='lat' dir='ltr'>continetur:</span> <span class='ocrx_word' id='word_1_346' title='bbox 1939 3741 2039 3814; x_wconf 71' lang='lat' dir='ltr'>‘Dc50</span> 
     </span>
     <span class='ocr_line' id='line_1_34' title="bbox 411 3851 2039 3939; baseline -0.001 -21"><span class='ocrx_word' id='word_1_347' title='bbox 411 3852 722 3919; x_wconf 89' lang='lat' dir='ltr'>manumissionibus</span> <span class='ocrx_word' id='word_1_348' title='bbox 758 3852 791 3915; x_wconf 91' lang='lat' dir='ltr'>in</span> <span class='ocrx_word' id='word_1_349' title='bbox 827 3852 968 3916; x_wconf 88' lang='lat' dir='ltr'>ecclesia</span> <span class='ocrx_word' id='word_1_350' title='bbox 1003 3851 1218 3916; x_wconf 90' lang='lat' dir='ltr'>celebrandis.</span> <span class='ocrx_word' id='word_1_351' title='bbox 1277 3851 1312 3916; x_wconf 79' lang='lat' dir='ltr'>ai</span> <span class='ocrx_word' id='word_1_352' title='bbox 1339 3852 1371 3916; x_wconf 93' lang='lat' dir='ltr'>id</span> <span class='ocrx_word' id='word_1_353' title='bbox 1402 3853 1505 3916; x_wconf 90' lang='lat' dir='ltr'>nostri</span> <span class='ocrx_word' id='word_1_354' title='bbox 1537 3852 1790 3918; x_wconf 90' lang='lat' dir='ltr'>consacerdotes</span> <span class='ocrx_word' id='word_1_355' title='bbox 1822 3875 1881 3939; x_wconf 90' lang='lat' dir='ltr'>per</span> <span class='ocrx_word' id='word_1_356' title='bbox 1909 3853 2039 3917; x_wconf 88' lang='lat' dir='ltr'>Italiam</span> 
     </span>
     <span class='ocr_line' id='line_1_35' title="bbox 410 3954 2037 4042; baseline 0 -22"><span class='ocrx_word' id='word_1_357' title='bbox 410 3957 520 4022; x_wconf 83' lang='lat' dir='ltr'>facere</span> <span class='ocrx_word' id='word_1_358' title='bbox 551 3954 777 4040; x_wconf 89' lang='lat' dir='ltr'>reperiuntur,</span> <span class='ocrx_word' id='word_1_359' title='bbox 807 3960 938 4019; x_wconf 89' lang='lat' dir='ltr'>nostrae</span> <span class='ocrx_word' id='word_1_360' title='bbox 969 3955 1068 4019; x_wconf 92' lang='lat' dir='ltr'>etiam</span> <span class='ocrx_word' id='word_1_361' title='bbox 1104 3955 1165 4018; x_wconf 92' lang='lat' dir='ltr'>erit</span> <span class='ocrx_word' id='word_1_362' title='bbox 1195 3954 1333 4020; x_wconf 89' lang='lat' dir='ltr'>fiduciae</span> <span class='ocrx_word' id='word_1_363' title='bbox 1364 3956 1498 4019; x_wconf 91' lang='lat' dir='ltr'>istorum</span> <span class='ocrx_word' id='word_1_364' title='bbox 1531 3954 1678 4019; x_wconf 87' lang='lat' dir='ltr'>ordinem</span> <span class='ocrx_word' id='word_1_365' title='bbox 1709 3955 1801 4040; x_wconf 90' lang='lat' dir='ltr'>sequi</span> <span class='ocrx_word' id='word_1_366' title='bbox 1832 3955 1909 4020; x_wconf 88' lang='lat' dir='ltr'>data</span> <span class='ocrx_word' id='word_1_367' title='bbox 1939 3956 2037 4042; x_wconf 91' lang='lat' dir='ltr'>plane</span> 
     </span>
     <span class='ocr_line' id='line_1_36' title="bbox 411 4056 2080 4144; baseline 0.001 -19"><span class='ocrx_word' id='word_1_368' title='bbox 411 4060 543 4125; x_wconf 91' lang='lat' dir='ltr'>licentia</span> <span class='ocrx_word' id='word_1_369' title='bbox 566 4058 665 4121; x_wconf 91' lang='lat' dir='ltr'>misso</span> <span class='ocrx_word' id='word_1_370' title='bbox 687 4057 816 4141; x_wconf 89' lang='lat' dir='ltr'>legato,</span> <span class='ocrx_word' id='word_1_371' title='bbox 838 4064 886 4136; x_wconf 89' lang='lat' dir='ltr'>ut,</span> <span class='ocrx_word' id='word_1_372' title='bbox 910 4078 1115 4142; x_wconf 89' lang='lat' dir='ltr'>quecumque</span> <span class='ocrx_word' id='word_1_373' title='bbox 1138 4057 1237 4142; x_wconf 89' lang='lat' dir='ltr'>digna</span> <span class='ocrx_word' id='word_1_374' title='bbox 1261 4057 1324 4122; x_wconf 82' lang='lat' dir='ltr'>hde</span> <span class='ocrx_word' id='word_1_375' title='bbox 1349 4079 1406 4144; x_wconf 90' lang='lat' dir='ltr'>pro</span> <span class='ocrx_word' id='word_1_376' title='bbox 1431 4063 1517 4121; x_wconf 92' lang='lat' dir='ltr'>statu</span> <span class='ocrx_word' id='word_1_377' title='bbox 1540 4056 1703 4122; x_wconf 90' lang='lat' dir='ltr'>ecclesiae</span> <span class='ocrx_word' id='word_1_378' title='bbox 1727 4063 1760 4122; x_wconf 92' lang='lat' dir='ltr'>et</span> <span class='ocrx_word' id='word_1_379' title='bbox 1783 4058 1890 4124; x_wconf 88' lang='lat' dir='ltr'>salute</span> <span class='ocrx_word' id='word_1_380' title='bbox 1913 4059 2036 4123; x_wconf 87' lang='lat' dir='ltr'>anima·</span> <span class='ocrx_word' id='word_1_381' title='bbox 2055 4087 2080 4126; x_wconf 83' lang='lat' dir='ltr'>a</span> 
     </span>
     <span class='ocr_line' id='line_1_37' title="bbox 411 4160 1923 4247; baseline -0.001 -19"><span class='ocrx_word' id='word_1_382' title='bbox 411 4184 481 4228; x_wconf 90' lang='lat' dir='ltr'>rum</span> <span class='ocrx_word' id='word_1_383' title='bbox 506 4181 605 4247; x_wconf 89' lang='lat' dir='ltr'>agere</span> <span class='ocrx_word' id='word_1_384' title='bbox 629 4161 804 4246; x_wconf 89' lang='lat' dir='ltr'>potuerint,</span> <span class='ocrx_word' id='word_1_385' title='bbox 828 4181 888 4223; x_wconf 91' lang='lat' dir='ltr'>nos</span> <span class='ocrx_word' id='word_1_386' title='bbox 913 4161 1017 4224; x_wconf 88' lang='lat' dir='ltr'>sciant</span> <span class='ocrx_word' id='word_1_387' title='bbox 1039 4160 1248 4226; x_wconf 89' lang='lat' dir='ltr'>laudabiliter</span> <span class='ocrx_word' id='word_1_388' title='bbox 1272 4162 1305 4224; x_wconf 95' lang='lat' dir='ltr'>in</span> <span class='ocrx_word' id='word_1_389' title='bbox 1329 4169 1508 4246; x_wconf 91' lang='lat' dir='ltr'>conspectu</span> <span class='ocrx_word' id='word_1_390' title='bbox 1531 4160 1685 4226; x_wconf 84' lang='lat' dir='ltr'>Domini·</span> <span class='ocrx_word' id='word_1_391' title='bbox 1708 4161 1923 4247; x_wconf 82' lang='lat' dir='ltr'>accepturos&#39;</span> 
     </span>
    </p>
   </div>
   <div class='ocr_carea' id='block_1_7' title="bbox 392 4270 2037 4463">
    <p class='ocr_par' dir='ltr' id='par_1_8' title="bbox 392 4270 2037 4463">
     <span class='ocr_line' id='line_1_38' title="bbox 522 4270 2037 4358; baseline -0.001 -19"><span class='ocrx_word' id='word_1_392' title='bbox 522 4279 571 4339; x_wconf 87' lang='grc'>10.</span> <span class='ocrx_word' id='word_1_393' title='bbox 606 4271 664 4335; x_wconf 92' lang='lat' dir='ltr'>De</span> <span class='ocrx_word' id='word_1_394' title='bbox 687 4270 879 4336; x_wconf 76' lang='lat' dir='ltr'>decimis·</span> <span class='ocrx_word' id='word_1_395' title='bbox 902 4271 1064 4336; x_wconf 85' lang='lat' dir='ltr'>dandis·</span> <span class='ocrx_word' id='word_1_396' title='bbox 1087 4279 1126 4337; x_wconf 90' lang='lat' dir='ltr'>et</span> <span class='ocrx_word' id='word_1_397' title='bbox 1149 4273 1187 4336; x_wconf 91' lang='lat' dir='ltr'>in</span> <span class='ocrx_word' id='word_1_398' title='bbox 1211 4278 1398 4357; x_wconf 89' lang='lat' dir='ltr'>quattuor</span> <span class='ocrx_word' id='word_1_399' title='bbox 1427 4273 1636 4358; x_wconf 90' lang='lat' dir='ltr'>portiones</span> <span class='ocrx_word' id='word_1_400' title='bbox 1660 4272 1922 4339; x_wconf 69' lang='lat' dir='ltr'>dividendial‘.</span> <span class='ocrx_word' id='word_1_401' title='bbox 1969 4273 2037 4338; x_wconf 90' lang='lat' dir='ltr'>Vc-</span> 
     </span>
     <span class='ocr_line' id='line_1_39' title="bbox 392 4373 2037 4463; baseline -0.002 -17"><span class='ocrx_word' id='word_1_402' title='bbox 392 4379 530 4457; x_wconf 72' lang='lat' dir='ltr'>,lumus,</span> <span class='ocrx_word' id='word_1_403' title='bbox 552 4383 589 4440; x_wconf 93' lang='lat' dir='ltr'>ut</span> <span class='ocrx_word' id='word_1_404' title='bbox 612 4376 771 4456; x_wconf 90' lang='lat' dir='ltr'>decimae,</span> <span class='ocrx_word' id='word_1_405' title='bbox 795 4395 878 4459; x_wconf 91' lang='lat' dir='ltr'>quae</span> <span class='ocrx_word' id='word_1_406' title='bbox 904 4375 1040 4459; x_wconf 89' lang='lat' dir='ltr'>singulis</span> <span class='ocrx_word' id='word_1_407' title='bbox 1064 4373 1182 4440; x_wconf 89' lang='lat' dir='ltr'>dautur</span> <span class='ocrx_word' id='word_1_408' title='bbox 1206 4377 1366 4456; x_wconf 90' lang='lat' dir='ltr'>ecclesiis,</span> <span class='ocrx_word' id='word_1_409' title='bbox 1389 4386 1467 4461; x_wconf 86' lang='lat' dir='ltr'>per⁰</span> <span class='ocrx_word' id='word_1_410' title='bbox 1490 4376 1637 4440; x_wconf 91' lang='lat' dir='ltr'>consulta</span> <span class='ocrx_word' id='word_1_411' title='bbox 1653 4377 1878 4462; x_wconf 89' lang='lat' dir='ltr'>episcopcrum</span> <span class='ocrx_word' id='word_1_412' title='bbox 1902 4398 1922 4440; x_wconf 93' lang='lat' dir='ltr'>a</span> <span class='ocrx_word' id='word_1_413' title='bbox 1944 4399 2037 4463; x_wconf 90' lang='lat' dir='ltr'>pres-</span> 
     </span>
    </p>
   </div>
   <div class='ocr_carea' id='block_1_8' title="bbox 412 4471 2035 4565">
    <p class='ocr_par' dir='ltr' id='par_1_9' title="bbox 412 4471 2035 4565">
     <span class='ocr_line' id='line_1_40' title="bbox 412 4471 2035 4565; baseline -0.001 -19"><span class='ocrx_word' id='word_1_414' title='bbox 412 4482 526 4546; x_wconf 89' lang='lat' dir='ltr'>biteris</span> <span class='ocrx_word' id='word_1_415' title='bbox 554 4478 595 4543; x_wconf 90' lang='lat' dir='ltr'>ad</span> <span class='ocrx_word' id='word_1_416' title='bbox 626 4498 704 4541; x_wconf 94' lang='lat' dir='ltr'>usus</span> <span class='ocrx_word' id='word_1_417' title='bbox 734 4471 916 4542; x_wconf 89' lang='lat' dir='ltr'>aecclesiae</span> <span class='ocrx_word' id='word_1_418' title='bbox 948 4485 981 4542; x_wconf 90' lang='lat' dir='ltr'>et</span> <span class='ocrx_word' id='word_1_419' title='bbox 1010 4500 1191 4565; x_wconf 90' lang='lat' dir='ltr'>pauperum</span> <span class='ocrx_word' id='word_1_420' title='bbox 1223 4499 1351 4544; x_wconf 89' lang='lat' dir='ltr'>summa</span> <span class='ocrx_word' id='word_1_421' title='bbox 1381 4479 1551 4563; x_wconf 91' lang='lat' dir='ltr'>diligentia</span> <span class='ocrx_word' id='word_1_422' title='bbox 1574 4479 1814 4565; x_wconf 90' lang='lat' dir='ltr'>dispensentur.</span> <span class='ocrx_word' id='word_1_423' title='bbox 1861 4471 2035 4554; x_wconf 74' lang='lat' dir='ltr'>Quattuor⁶¹</span> 
     </span>
    </p>
   </div>
   <div class='ocr_carea' id='block_1_9' title="bbox 410 4579 2081 4738">
    <p class='ocr_par' dir='ltr' id='par_1_10' title="bbox 410 4579 2081 4738">
     <span class='ocr_line' id='line_1_41' title="bbox 410 4579 2081 4651; baseline -0.001 -12"><span class='ocrx_word' id='word_1_424' title='bbox 410 4587 506 4639; x_wconf 89' lang='lat' dir='ltr'>autem</span> <span class='ocrx_word' id='word_1_425' title='bbox 529 4585 589 4636; x_wconf 88' lang='lat' dir='ltr'>tam</span> <span class='ocrx_word' id='word_1_426' title='bbox 612 4581 647 4635; x_wconf 91' lang='lat' dir='ltr'>da</span> <span class='ocrx_word' id='word_1_427' title='bbox 665 4579 813 4644; x_wconf 86' lang='lat' dir='ltr'>reditibus,</span> <span class='ocrx_word' id='word_1_428' title='bbox 838 4596 922 4647; x_wconf 88' lang='lat' dir='ltr'>quam</span> <span class='ocrx_word' id='word_1_429' title='bbox 947 4579 981 4634; x_wconf 93' lang='lat' dir='ltr'>de</span> <span class='ocrx_word' id='word_1_430' title='bbox 1005 4580 1148 4636; x_wconf 88' lang='lat' dir='ltr'>oblatione</span> <span class='ocrx_word' id='word_1_431' title='bbox 1167 4579 1301 4646; x_wconf 88' lang='lat' dir='ltr'>fidelium,</span> <span class='ocrx_word' id='word_1_432' title='bbox 1326 4584 1410 4651; x_wconf 92' lang='lat' dir='ltr'>prout</span> <span class='ocrx_word' id='word_1_433' title='bbox 1428 4579 1579 4636; x_wconf 88' lang='lat' dir='ltr'>cuiuslibet</span> <span class='ocrx_word' id='word_1_434' title='bbox 1595 4581 1746 4636; x_wconf 89' lang='lat' dir='ltr'>aecclesiae</span> <span class='ocrx_word' id='word_1_435' title='bbox 1764 4581 1884 4636; x_wconf 84' lang='lat' dir='ltr'>facultas</span> <span class='ocrx_word' id='word_1_436' title='bbox 1903 4581 2037 4648; x_wconf 86' lang='lat' dir='ltr'>admittit,</span> <span class='ocrx_word' id='word_1_437' title='bbox 2056 4599 2081 4638; x_wconf 76' lang='lat' dir='ltr'>so</span> 
     </span>
     <span class='ocr_line' id='line_1_42' title="bbox 410 4663 2038 4738; baseline 0.001 -14"><span class='ocrx_word' id='word_1_438' title='bbox 410 4669 483 4725; x_wconf 91' lang='lat' dir='ltr'>sicut</span> <span class='ocrx_word' id='word_1_439' title='bbox 501 4668 605 4723; x_wconf 88' lang='lat' dir='ltr'>dudum</span> <span class='ocrx_word' id='word_1_440' title='bbox 622 4663 830 4722; x_wconf 86' lang='lat' dir='ltr'>rationabiliter</span> <span class='ocrx_word' id='word_1_441' title='bbox 848 4667 891 4720; x_wconf 88' lang='lat' dir='ltr'>est</span> <span class='ocrx_word' id='word_1_442' title='bbox 908 4665 1062 4732; x_wconf 88' lang='lat' dir='ltr'>decretum,</span> <span class='ocrx_word' id='word_1_443' title='bbox 1086 4666 1218 4722; x_wconf 87' lang='lat' dir='ltr'>convenit</span> <span class='ocrx_word' id='word_1_444' title='bbox 1238 4667 1297 4722; x_wconf 88' lang='lat' dir='ltr'>fieri</span> <span class='ocrx_word' id='word_1_445' title='bbox 1315 4668 1472 4738; x_wconf 83' lang='lat' dir='ltr'>portiones:</span> <span class='ocrx_word' id='word_1_446' title='bbox 1498 4685 1617 4737; x_wconf 90' lang='lat' dir='ltr'>quarum</span> <span class='ocrx_word' id='word_1_447' title='bbox 1640 4668 1677 4722; x_wconf 90' lang='lat' dir='ltr'>sit</span> <span class='ocrx_word' id='word_1_448' title='bbox 1698 4685 1754 4723; x_wconf 91' lang='lat' dir='ltr'>una</span> <span class='ocrx_word' id='word_1_449' title='bbox 1771 4668 1924 4738; x_wconf 84' lang='lat' dir='ltr'>pontificis,</span> <span class='ocrx_word' id='word_1_450' title='bbox 1948 4670 2038 4725; x_wconf 86' lang='lat' dir='ltr'>altera</span> 
     </span>
    </p>
   </div>
   <div class='ocr_carea' id='block_1_10' title="bbox 410 4836 2038 4994">
    <p class='ocr_par' dir='ltr' id='par_1_11' title="bbox 410 4836 2038 4994">
     <span class='ocr_line' id='line_1_43' title="bbox 514 4836 2038 4910; baseline 0.003 -18"><span class='ocrx_word' id='word_1_451' title='bbox 514 4839 539 4903; x_wconf 66' lang='lat'>⁸)</span> <span class='ocrx_word' id='word_1_452' title='bbox 559 4836 641 4892; x_wconf 82' lang='lat' dir='ltr'>Ccdd.</span> <span class='ocrx_word' id='word_1_453' title='bbox 659 4837 742 4891; x_wconf 80' lang='lat'>2-6:</span> <span class='ocrx_word' id='word_1_454' title='bbox 766 4836 1027 4906; x_wconf 88' lang='lat' dir='ltr'>consentientesque</span> <span class='ocrx_word' id='word_1_455' title='bbox 1050 4837 1107 4892; x_wconf 89' lang='lat' dir='ltr'>sint</span> <span class='ocrx_word' id='word_1_456' title='bbox 1129 4838 1245 4894; x_wconf 87' lang='lat' dir='ltr'>comites</span> <span class='ocrx_word' id='word_1_457' title='bbox 1264 4841 1293 4894; x_wconf 91' lang='lat' dir='ltr'>et</span> <span class='ocrx_word' id='word_1_458' title='bbox 1310 4839 1416 4894; x_wconf 87' lang='lat' dir='ltr'>iudices</span> <span class='ocrx_word' id='word_1_459' title='bbox 1435 4841 1609 4910; x_wconf 83' lang='lat' dir='ltr'>praesulibus</span> <span class='ocrx_word' id='word_1_460' title='bbox 1627 4841 1684 4894; x_wconf 91' lang='lat' dir='ltr'>suis</span> <span class='ocrx_word' id='word_1_461' title='bbox 1702 4840 1738 4895; x_wconf 90' lang='lat' dir='ltr'>ad</span> <span class='ocrx_word' id='word_1_462' title='bbox 1755 4841 1879 4896; x_wconf 88' lang='lat' dir='ltr'>iustitias</span> <span class='ocrx_word' id='word_1_463' title='bbox 1897 4841 2038 4897; x_wconf 85' lang='lat' dir='ltr'>faciendas</span> 
     </span>
     <span class='ocr_line' id='line_1_44' title="bbox 410 4923 1126 4994; baseline -0.003 -14"><span class='ocrx_word' id='word_1_464' title='bbox 410 4926 491 4980; x_wconf 88' lang='lat' dir='ltr'>iuxta</span> <span class='ocrx_word' id='word_1_465' title='bbox 509 4927 659 4994; x_wconf 87' lang='lat' dir='ltr'>praecepta</span> <span class='ocrx_word' id='word_1_466' title='bbox 676 4923 747 4993; x_wconf 84' lang='lat' dir='ltr'>legis</span> <span class='ocrx_word' id='word_1_467' title='bbox 765 4923 891 4988; x_wconf 69' lang='lat' dir='ltr'>divinae,</span> <span class='ocrx_word' id='word_1_468' title='bbox 910 4927 939 4978; x_wconf 87' lang='lat' dir='ltr'>et</span> <span class='ocrx_word' id='word_1_469' title='bbox 957 4924 1126 4979; x_wconf 88' lang='lat' dir='ltr'>nullatenus.</span> 
     </span>
    </p>
   </div>
   <div class='ocr_carea' id='block_1_11' title="bbox 410 5114 2079 5442">
    <p class='ocr_par' dir='ltr' id='par_1_12' title="bbox 410 5114 2079 5442">
     <span class='ocr_line' id='line_1_45' title="bbox 513 5114 2038 5185; baseline 0.003 -17"><span class='ocrx_word' id='word_1_470' title='bbox 513 5115 540 5184; x_wconf 90' lang='lat' dir='ltr'>p)</span> <span class='ocrx_word' id='word_1_471' title='bbox 560 5133 623 5168; x_wconf 86' lang='lat' dir='ltr'>suae</span> <span class='ocrx_word' id='word_1_472' title='bbox 640 5121 703 5167; x_wconf 87' lang='lat' dir='ltr'>sunt</span> <span class='ocrx_word' id='word_1_473' title='bbox 719 5117 872 5168; x_wconf 79' lang='lat' dir='ltr'>hereditates</span> <span class='ocrx_word' id='word_1_474' title='bbox 890 5114 915 5167; x_wconf 86' lang='lat' dir='ltr'>a</span> <span class='ocrx_word' id='word_1_475' title='bbox 985 5115 1012 5181; x_wconf 78' lang='lat' dir='ltr'>ql</span> <span class='ocrx_word' id='word_1_476' title='bbox 1032 5117 1175 5169; x_wconf 80' lang='lat' dir='ltr'>divinitatis</span> <span class='ocrx_word' id='word_1_477' title='bbox 1192 5114 1270 5168; x_wconf 81' lang='lat'>2-4.</span> <span class='ocrx_word' id='word_1_478' title='bbox 1341 5117 1365 5182; x_wconf 89' lang='lat' dir='ltr'>r)</span> <span class='ocrx_word' id='word_1_479' title='bbox 1383 5136 1432 5170; x_wconf 79' lang='lat' dir='ltr'>ons.</span> <span class='ocrx_word' id='word_1_480' title='bbox 1451 5115 1528 5169; x_wconf 82' lang='lat'>2-4.</span> <span class='ocrx_word' id='word_1_481' title='bbox 1600 5116 1623 5182; x_wconf 84' lang='lat' dir='ltr'>s)</span> <span class='ocrx_word' id='word_1_482' title='bbox 1642 5120 1755 5185; x_wconf 85' lang='lat' dir='ltr'>perversi</span> <span class='ocrx_word' id='word_1_483' title='bbox 1772 5117 1849 5171; x_wconf 79' lang='lat'>2-5.</span> <span class='ocrx_word' id='word_1_484' title='bbox 1924 5119 1945 5184; x_wconf 89' lang='lat' dir='ltr'>t)</span> <span class='ocrx_word' id='word_1_485' title='bbox 1964 5121 2038 5172; x_wconf 83' lang='lat' dir='ltr'>iuxta</span> 
     </span>
     <span class='ocr_line' id='line_1_46' title="bbox 411 5198 2079 5271; baseline 0.004 -16"><span class='ocrx_word' id='word_1_486' title='bbox 411 5202 478 5266; x_wconf 74' lang='lat'>253</span> <span class='ocrx_word' id='word_1_487' title='bbox 496 5219 509 5253; x_wconf 83' lang='lat' dir='ltr'>c</span> <span class='ocrx_word' id='word_1_488' title='bbox 527 5219 594 5253; x_wconf 77' lang='lat' dir='ltr'>corr.</span> <span class='ocrx_word' id='word_1_489' title='bbox 612 5200 637 5252; x_wconf 80' lang='lat'>2.</span> <span class='ocrx_word' id='word_1_490' title='bbox 750 5198 780 5266; x_wconf 85' lang='lat' dir='ltr'>u)</span> <span class='ocrx_word' id='word_1_491' title='bbox 798 5219 845 5252; x_wconf 79' lang='lat' dir='ltr'>aaa.</span> <span class='ocrx_word' id='word_1_492' title='bbox 866 5200 890 5253; x_wconf 88' lang='grc'>6.</span> <span class='ocrx_word' id='word_1_493' title='bbox 1007 5201 1035 5265; x_wconf 89' lang='lat' dir='ltr'>v)</span> <span class='ocrx_word' id='word_1_494' title='bbox 1054 5203 1157 5268; x_wconf 88' lang='lat' dir='ltr'>propria</span> <span class='ocrx_word' id='word_1_495' title='bbox 1182 5200 1241 5253; x_wconf 85' lang='lat' dir='ltr'>l.4.</span> <span class='ocrx_word' id='word_1_496' title='bbox 1254 5201 1295 5253; x_wconf 83' lang='grc'>5.-</span> <span class='ocrx_word' id='word_1_497' title='bbox 1393 5203 1428 5266; x_wconf 85' lang='lat' dir='ltr'>w)</span> <span class='ocrx_word' id='word_1_498' title='bbox 1448 5204 1601 5270; x_wconf 79' lang='lat' dir='ltr'>cognitionis</span> <span class='ocrx_word' id='word_1_499' title='bbox 1618 5202 1680 5256; x_wconf 63' lang='lat' dir='ltr'>hb.</span> <span class='ocrx_word' id='word_1_500' title='bbox 1798 5202 1826 5271; x_wconf 88' lang='lat' dir='ltr'>x)</span> <span class='ocrx_word' id='word_1_501' title='bbox 1844 5205 1970 5270; x_wconf 90' lang='lat' dir='ltr'>quomodo</span> <span class='ocrx_word' id='word_1_502' title='bbox 1990 5222 2079 5261; x_wconf 76' lang='lat' dir='ltr'>...tt</span> 
     </span>
     <span class='ocr_line' id='line_1_47' title="bbox 410 5285 2038 5358; baseline 0.001 -16"><span class='ocrx_word' id='word_1_503' title='bbox 410 5291 464 5342; x_wconf 86' lang='lat' dir='ltr'>suis</span> <span class='ocrx_word' id='word_1_504' title='bbox 482 5306 530 5339; x_wconf 79' lang='lat' dir='ltr'>ons.</span> <span class='ocrx_word' id='word_1_505' title='bbox 548 5286 625 5340; x_wconf 79' lang='lat'>2-6.</span> <span class='ocrx_word' id='word_1_506' title='bbox 729 5285 1016 5354; x_wconf 57' lang='lat' dir='ltr'>praeuenerent.</span> <span class='ocrx_word' id='word_1_507' title='bbox 1121 5287 1146 5350; x_wconf 87' lang='lat' dir='ltr'>z)</span> <span class='ocrx_word' id='word_1_508' title='bbox 1164 5289 1212 5340; x_wconf 88' lang='lat' dir='ltr'>Dei</span> <span class='ocrx_word' id='word_1_509' title='bbox 1230 5286 1307 5340; x_wconf 79' lang='lat'>2-5.</span> <span class='ocrx_word' id='word_1_510' title='bbox 1401 5290 1427 5353; x_wconf 78' lang='lat' dir='ltr'>a)</span> <span class='ocrx_word' id='word_1_511' title='bbox 1446 5291 1600 5342; x_wconf 87' lang='lat' dir='ltr'>decimandis</span> <span class='ocrx_word' id='word_1_512' title='bbox 1618 5289 1643 5342; x_wconf 78' lang='lat'>4.</span> <span class='ocrx_word' id='word_1_513' title='bbox 1655 5291 1678 5342; x_wconf 86' lang='lat'>5.</span> <span class='ocrx_word' id='word_1_514' title='bbox 1771 5293 1799 5352; x_wconf 88' lang='lat' dir='ltr'>b)</span> <span class='ocrx_word' id='word_1_515' title='bbox 1818 5293 1851 5342; x_wconf 86' lang='lat' dir='ltr'>Et</span> <span class='ocrx_word' id='word_1_516' title='bbox 1868 5299 1898 5344; x_wconf 88' lang='lat' dir='ltr'>ut</span> <span class='ocrx_word' id='word_1_517' title='bbox 1915 5294 2038 5358; x_wconf 84' lang='lat' dir='ltr'>antiquas</span> 
     </span>
     <span class='ocr_line' id='line_1_48' title="bbox 410 5370 1659 5442; baseline 0.002 -15"><span class='ocrx_word' id='word_1_518' title='bbox 410 5375 548 5427; x_wconf 86' lang='lat' dir='ltr'>aecclesias</span> <span class='ocrx_word' id='word_1_519' title='bbox 566 5375 679 5426; x_wconf 82' lang='lat' dir='ltr'>habeant</span> <span class='ocrx_word' id='word_1_520' title='bbox 695 5373 830 5441; x_wconf 85' lang='lat' dir='ltr'>privilegia</span> <span class='ocrx_word' id='word_1_521' title='bbox 848 5389 895 5424; x_wconf 85' lang='lat' dir='ltr'>sua</span> <span class='ocrx_word' id='word_1_522' title='bbox 913 5373 975 5424; x_wconf 80' lang='lat' dir='ltr'>add.</span> <span class='ocrx_word' id='word_1_523' title='bbox 992 5370 1017 5422; x_wconf 80' lang='lat'>2.</span> <span class='ocrx_word' id='word_1_524' title='bbox 1030 5372 1059 5432; x_wconf 88' lang='grc'>3,·</span> <span class='ocrx_word' id='word_1_525' title='bbox 1083 5374 1132 5441; x_wconf 82' lang='lat' dir='ltr'>cfr.</span> <span class='ocrx_word' id='word_1_526' title='bbox 1151 5373 1225 5439; x_wconf 81' lang='lat' dir='ltr'>infra</span> <span class='ocrx_word' id='word_1_527' title='bbox 1243 5391 1268 5424; x_wconf 79' lang='lat' dir='ltr'>a.</span> <span class='ocrx_word' id='word_1_528' title='bbox 1284 5377 1300 5426; x_wconf 86' lang='lat' dir='ltr'>s.</span> <span class='ocrx_word' id='word_1_529' title='bbox 1408 5373 1433 5440; x_wconf 90' lang='lat' dir='ltr'>c)</span> <span class='ocrx_word' id='word_1_530' title='bbox 1452 5377 1565 5442; x_wconf 85' lang='lat' dir='ltr'>persultc</span> <span class='ocrx_word' id='word_1_531' title='bbox 1582 5375 1659 5429; x_wconf 77' lang='lat'>2-5.</span> 
     </span>
    </p>
   </div>
   <div class='ocr_carea' id='block_1_12' title="bbox 410 5535 2081 5822">
    <p class='ocr_par' dir='ltr' id='par_1_13' title="bbox 410 5535 2081 5822">
     <span class='ocr_line' id='line_1_49' title="bbox 514 5535 2040 5615; baseline 0.003 -20"><span class='ocrx_word' id='word_1_532' title='bbox 514 5542 559 5610; x_wconf 80' lang='lat'>45)</span> <span class='ocrx_word' id='word_1_533' title='bbox 581 5541 637 5608; x_wconf 73' lang='lat' dir='ltr'>Osr.</span> <span class='ocrx_word' id='word_1_534' title='bbox 651 5543 790 5610; x_wconf 77' lang='lat' dir='ltr'>Bruaner,</span> <span class='ocrx_word' id='word_1_535' title='bbox 802 5542 921 5612; x_wconf 60' lang='lat' dir='ltr'>&amp;upra</span> <span class='ocrx_word' id='word_1_536' title='bbox 933 5559 960 5594; x_wconf 81' lang='lat' dir='ltr'>a.</span> <span class='ocrx_word' id='word_1_537' title='bbox 974 5541 1210 5610; x_wconf 80' lang='lat' dir='ltr'>Inquisitionabcw.</span> <span class='ocrx_word' id='word_1_538' title='bbox 1230 5543 1247 5596; x_wconf 87' lang='lat' dir='ltr'>l.</span> <span class='ocrx_word' id='word_1_539' title='bbox 1260 5558 1280 5595; x_wconf 89' lang='lat' dir='ltr'>c.</span> <span class='ocrx_word' id='word_1_540' title='bbox 1296 5560 1325 5610; x_wconf 80' lang='lat' dir='ltr'>p.</span> <span class='ocrx_word' id='word_1_541' title='bbox 1338 5543 1386 5597; x_wconf 83' lang='lat'>441</span> <span class='ocrx_word' id='word_1_542' title='bbox 1403 5559 1455 5611; x_wconf 82' lang='lat' dir='ltr'>sqq.</span> <span class='ocrx_word' id='word_1_543' title='bbox 1533 5545 1577 5610; x_wconf 79' lang='lat'>46)</span> <span class='ocrx_word' id='word_1_544' title='bbox 1597 5535 1694 5600; x_wconf 72' lang='lat' dir='ltr'>Matilo.</span> <span class='ocrx_word' id='word_1_545' title='bbox 1714 5545 1755 5612; x_wconf 86' lang='lat'>18,</span> <span class='ocrx_word' id='word_1_546' title='bbox 1767 5545 1791 5599; x_wconf 88' lang='lat'>8.</span> <span class='ocrx_word' id='word_1_547' title='bbox 1805 5547 1830 5599; x_wconf 87' lang='lat'>9.</span> <span class='ocrx_word' id='word_1_548' title='bbox 1902 5546 1949 5615; x_wconf 74' lang='lat'>47)</span> <span class='ocrx_word' id='word_1_549' title='bbox 1963 5545 2040 5600; x_wconf 80' lang='lat' dir='ltr'>Gonc.</span> 
     </span>
     <span class='ocr_line' id='line_1_50' title="bbox 411 5645 2037 5716; baseline 0.001 -16"><span class='ocrx_word' id='word_1_550' title='bbox 411 5645 484 5715; x_wconf 70' lang='lat' dir='ltr'>Moy.</span> <span class='ocrx_word' id='word_1_551' title='bbox 503 5647 570 5714; x_wconf 87' lang='lat'>813,</span> <span class='ocrx_word' id='word_1_552' title='bbox 598 5662 619 5701; x_wconf 90' lang='lat' dir='ltr'>c.</span> <span class='ocrx_word' id='word_1_553' title='bbox 637 5648 667 5716; x_wconf 87' lang='lat'>8,</span> <span class='ocrx_word' id='word_1_554' title='bbox 695 5646 792 5700; x_wconf 73' lang='lat' dir='ltr'>Monesi</span> <span class='ocrx_word' id='word_1_555' title='bbox 811 5645 894 5713; x_wconf 86' lang='lat' dir='ltr'>XIV,</span> <span class='ocrx_word' id='word_1_556' title='bbox 921 5645 967 5701; x_wconf 89' lang='lat' dir='ltr'>ool.</span> <span class='ocrx_word' id='word_1_557' title='bbox 985 5647 1027 5700; x_wconf 86' lang='grc'>67.</span> <span class='ocrx_word' id='word_1_558' title='bbox 1166 5646 1210 5713; x_wconf 85' lang='grc'>48)</span> <span class='ocrx_word' id='word_1_559' title='bbox 1235 5645 1295 5700; x_wconf 78' lang='lat' dir='ltr'>cod.</span> <span class='ocrx_word' id='word_1_560' title='bbox 1322 5663 1381 5701; x_wconf 81' lang='lat' dir='ltr'>coa.</span> <span class='ocrx_word' id='word_1_561' title='bbox 1410 5649 1469 5701; x_wconf 82' lang='lat' dir='ltr'>eccl.</span> <span class='ocrx_word' id='word_1_562' title='bbox 1491 5648 1580 5712; x_wconf 81' lang='lat' dir='ltr'>Afric.</span> <span class='ocrx_word' id='word_1_563' title='bbox 1603 5664 1624 5703; x_wconf 93' lang='lat' dir='ltr'>c.</span> <span class='ocrx_word' id='word_1_564' title='bbox 1641 5649 1688 5714; x_wconf 81' lang='lat'>32,</span> <span class='ocrx_word' id='word_1_565' title='bbox 1716 5647 1812 5700; x_wconf 70' lang='lat' dir='ltr'>Masi</span> <span class='ocrx_word' id='word_1_566' title='bbox 1829 5647 1892 5715; x_wconf 87' lang='lat' dir='ltr'>III,</span> <span class='ocrx_word' id='word_1_567' title='bbox 1917 5649 2037 5704; x_wconf 62' lang='lat' dir='ltr'>eollilss.</span> 
     </span>
     <span class='ocr_line' id='line_1_51' title="bbox 410 5748 2081 5822; baseline 0.002 -18"><span class='ocrx_word' id='word_1_568' title='bbox 410 5750 456 5816; x_wconf 79' lang='lat'>49)</span> <span class='ocrx_word' id='word_1_569' title='bbox 475 5748 672 5805; x_wconf 66' lang='lat' dir='ltr'>Intrasses.</span> <span class='ocrx_word' id='word_1_570' title='bbox 760 5751 805 5816; x_wconf 77' lang='lat'>50)</span> <span class='ocrx_word' id='word_1_571' title='bbox 825 5748 932 5802; x_wconf 67' lang='lat' dir='ltr'>Ibidem</span> <span class='ocrx_word' id='word_1_572' title='bbox 949 5749 1026 5816; x_wconf 71' lang='lat' dir='ltr'>edd,</span> <span class='ocrx_word' id='word_1_573' title='bbox 1044 5750 1095 5804; x_wconf 87' lang='lat' dir='ltr'>l.c.</span> <span class='ocrx_word' id='word_1_574' title='bbox 1115 5748 1235 5803; x_wconf 79' lang='lat' dir='ltr'>colllO.</span> <span class='ocrx_word' id='word_1_575' title='bbox 1317 5751 1363 5820; x_wconf 84' lang='lat'>51)</span> <span class='ocrx_word' id='word_1_576' title='bbox 1382 5749 1494 5804; x_wconf 77' lang='lat' dir='ltr'>Dmvotc</span> <span class='ocrx_word' id='word_1_577' title='bbox 1508 5750 1610 5806; x_wconf 78' lang='lat' dir='ltr'>Gelasii</span> <span class='ocrx_word' id='word_1_578' title='bbox 1627 5751 1705 5821; x_wconf 64' lang='lat' dir='ltr'>cdl,</span> <span class='ocrx_word' id='word_1_579' title='bbox 1727 5751 1822 5806; x_wconf 59' lang='lat' dir='ltr'>Masei</span> <span class='ocrx_word' id='word_1_580' title='bbox 1837 5749 1916 5822; x_wconf 79' lang='lat' dir='ltr'>Vm,</span> <span class='ocrx_word' id='word_1_581' title='bbox 1935 5753 2037 5808; x_wconf 74' lang='lat' dir='ltr'>cotto.</span> <span class='ocrx_word' id='word_1_582' title='bbox 2055 5775 2081 5819; x_wconf 75' lang='lat' dir='ltr'>so</span> 
     </span>
    </p>
   </div>
   <div class='ocr_carea' id='block_1_13' title="bbox 0 0 2291 6434">
    <p class='ocr_par' dir='ltr' id='par_1_14' title="bbox 0 0 2291 6434">
     <span class='ocr_line' id='line_1_52' title="bbox 0 0 2291 6434; baseline 0 0"><span class='ocrx_word' id='word_1_583' title='bbox 0 0 2291 6434; x_wconf 95' lang='lat' dir='ltr'> </span> 
     </span>
    </p>
   </div>
  </div>
 </body>
</html>
