4568 6420
396 461 459 528 426
508 453 775 510 eneruauerunt
794 453 844 508 AD
862 452 979 508 CAPIT.
997 451 1078 506 Rae.
1096 450 1283 507 FRANOIAE
1301 448 1493 505 oculatur.
1513 447 1661 517 (xenoni
1673 447 1719 518 ll).
1738 477 1771 487 -
1792 445 1911 501 ureae.

318 641 380 696 856.
399 631 638 713 redemptorem
663 650 701 694 ec
725 627 893 692 dominum
916 631 1062 691 nostrum
1085 626 1196 691 Iesum
1213 626 1390 706 Christum,
1414 624 1468 709 qui
1492 644 1566 688 cum
1588 623 1689 688 Patre
1713 629 1747 687 et
1763 621 1885 706 Spiritu
1910 626 2023 684 sancto

397 733 478 798 sivit
501 739 534 802 et
557 738 674 818 regnet
696 731 729 795 in
754 732 888 796 saecula
911 730 1126 794 saeculorum.

501 834 659 914 Benedic,
682 833 834 914 Domine,
857 835 917 898 has
941 832 1046 912 dotes,
1070 839 1103 897 et
1126 833 1326 918 accipientes
1351 837 1407 896 tua
1424 830 1650 896 benedictione
1673 828 1787 895 dotare
1810 829 1964 914 digneris,
1988 837 2025 893 ιιι

397 941 540 1025 coniugii
563 938 660 1004 fidem
693 944 726 1003 et
757 939 886 1002 thorum
917 938 1161 1003 immaculatum
1194 942 1363 1001 servantes
1392 941 1577 1000 sanctorum
1600 934 1859 1021 patriarcharum
1883 931 2022 998 adscisci

397 1050 587 1112 mereantur
610 1043 786 1109 consortio.
828 1041 893 1106 Per
914 1041 1101 1106 Dominum.
2053 1056 2066 1094 ι

436 1215 437 1218 ,
505 1146 630 1232 Accipe
654 1146 801 1225 anulum,
834 1144 911 1210 hdei
940 1151 974 1209 et
995 1144 1182 1210 dilectionis
1210 1144 1340 1228 signum
1366 1149 1463 1228 atque
1487 1142 1667 1228 coniugalis
1691 1140 1927 1206 coniunctionis
1951 1141 2022 1205 viu-

398 1253 522 1330 culum,
552 1257 589 1315 ut
617 1241 711 1316 ιιιοιι5
739 1255 870 1336 separet
896 1249 1008 1328 homo,
1038 1267 1120 1331 quos
1152 1247 1321 1331 coniungit
1343 1241 1456 1326 Deus’,
1479 1246 1534 1330 qui
1558 1245 1637 1309 vivit
1664 1251 1699 1309 et
1720 1250 1837 1329 regnet
1860 1245 1892 1308 in
1915 1245 2024 1310 omnia

397 1357 530 1422 saecula
553 1355 768 1421 saeculorum.

506 1458 706 1544 Despondeo
737 1463 770 1522 te
794 1457 849 1520 uni
872 1456 940 1519 viro
963 1455 1123 1539 virginem
1147 1458 1272 1518 castam
1295 1458 1393 1537 etque
1418 1450 1585 1538 pudicam,
1613 1451 1755 1516 futuram
1778 1440 1964 1536 coniugem,
1988 1459 2024 1515 ut

398 1570 533 1630 sanctae
561 1561 716 1626 mulieres
744 1561 835 1626 fuere
860 1560 937 1623 viris
964 1559 1047 1636 suis,
1076 1557 1189 1636 Sarra,
1218 1556 1389 1636 Rebecca,
1419 1555 1560 1633 Rachel,
1590 1554 1726 1634 Hester,
1758 1554 1885 1632 Iudith,
1915 1555 2021 1634 Anna,
2042 1575 2067 1614 ro

398 1667 533 1744 Nobmi,
556 1667 689 1730 favente
718 1669 851 1728 auctore
881 1669 916 1728 et
937 1661 1177 1726 sanctificatore
1202 1659 1386 1744 nuptiamm
1409 1658 1487 1724 Iesu
1511 1657 1641 1723 Christo
1665 1656 1795 1722 domino
1820 1667 1946 1738 nostro,
1970 1659 2024 1743 qui

401 1771 481 1835 risit
504 1775 538 1834 et
560 1772 677 1853 regnat
699 1767 734 1830 in
756 1767 888 1830 saecula
910 1764 1127 1830 saeculorum.
1703 1775 1707 1783 ·

508 1872 615 1950 Deus,
639 1870 751 1955 quiin
781 1867 893 1934 mundi
924 1868 1104 1933 crescentis
1137 1865 1273 1932 exordio
1304 1864 1572 1953 multiplicandae
1600 1866 1684 1952 proli
1708 1864 1919 1945 benedixisti,
1949 1888 2023 1951 pro·

399 1977 516 2063 pitiere
545 1973 836 2060 supplicationibus
864 1972 983 2037 nostris
1012 1977 1046 2036 et
1068 1971 1143 2034 huic
1166 1971 1290 2034 famulo
1319 1975 1375 2034 tuo
1406 1977 1441 2034 et
1462 1969 1539 2033 huic
1562 1969 1706 2034 famulae
1730 1977 1806 2035 tuae
1830 1990 1924 2056 opem
1948 1976 2024 2033 tuae

400 2079 638 2148 benedictionis
662 2075 806 2154 infunde,
830 2081 866 2141 ut
888 2075 919 2140 in
945 2075 1108 2159 coniugali
1131 2075 1294 2139 consortio
1318 2072 1499 2138 secundum
1523 2073 1764 2158 beneplacitum
1789 2080 1880 2137 tuum
1904 2073 2024 2138 effectu
2043 2093 2067 2132 u

399 2182 555 2269 compari,
579 2185 689 2252 mente
713 2179 886 2260 consimili,
910 2179 1084 2244 sanctitate
1107 2185 1221 2243 mutue
1244 2178 1448 2263 copulentur.
1492 2176 1572 2241 Dite
1594 2198 1651 2242 eos
1668 2177 1827 2242 fructibus
1845 2176 1967 2242 senatis
1991 2183 2025 2242 et

400 2286 554 2373 operibns
587 2282 781 2348 benedictis.
825 2281 893 2346 Fac
921 2283 996 2346 illos
1020 2281 1119 2346 talem
1148 2281 1295 2345 sobolem
1319 2302 1493 2366 generare,
1523 2301 1606 2366 quae
1636 2281 1676 2345 ed
1706 2281 1753 2345 tui
1785 2280 1927 2368 paradisi
1950 2301 2024 2366 per·

400 2390 504 2454 tineet
531 2385 758 2451 hereditatem.
812 2384 930 2471 Aperi,
961 2384 1116 2463 Domine,
1152 2385 1267 2448 ianuas
1299 2384 1398 2464 coeli,
1432 2391 1465 2448 ιι
1493 2385 1589 2448 visite
1621 2404 1679 2449 eos
1710 2386 1743 2448 in
1773 2407 1865 2470 pace.
1915 2385 2025 2469 Inriga

402 2502 523 2558 terrem
547 2511 677 2568 eorum,
708 2495 744 2552 ut
775 2488 937 2572 germinet
968 2488 1110 2552 fructum
1134 2488 1326 2573 spiritalem.
1380 2487 1556 2553 Sanctihca
1579 2510 1651 2570 eos,
1675 2473 1730 2573 qui
1754 2487 1849 2552 datus
1873 2511 1908 2552 es
1932 2488 2025 2552 nobis

400 2619 442 2662 ex
466 2596 602 2680 virgine,
626 2600 659 2657 et
682 2597 815 2678 praesta
838 2592 884 2657 eis
903 2597 1051 2677 tempora
1067 2591 1192 2668 salutis,
1216 2613 1298 2677 quae
1315 2599 1392 2656 ante
1408 2597 1498 2655 tuum
1517 2591 1693 2657 adrentum
1711 2592 1874 2678 praedixit
1891 2601 2024 2656 sanctus
2042 2613 2068 2652 ao

400 2699 561 2787 propheta
584 2697 766 2776 Iohannes,
795 2701 831 2759 ιιι
862 2696 914 2759 hic
936 2695 1075 2759 fideliter
1099 2695 1235 2759 credent
1258 2702 1292 2760 et
1314 2696 1410 2761 beate
1434 2696 1583 2760 viventes
1607 2697 1706 2760 vitam
1731 2703 1764 2761 et
1788 2717 1923 2782 regnum
1948 2718 2024 2760 con-

400 2809 578 2890 sequantur
607 2807 793 2880 aeternum,
831 2801 935 2884 gratia
969 2807 1040 2878 tue,
1078 2799 1208 2865 Ohriste
1238 2801 1382 2864 salrator
1414 2807 1542 2879 noster,
1578 2801 1632 2886 qui
1662 2821 1735 2864 cum
1765 2799 1838 2866 Deo
1868 2807 1960 2886 patre
1992 2801 2025 2864 in

399 2909 526 2973 unitate
552 2905 693 2990 Spiritus
717 2904 821 2968 sancti
845 2904 928 2968 rivis
952 2910 985 2968 et
1007 2926 1126 2988 regnas
1150 2903 1242 2969 Deus
1266 2925 1324 2990 per
1346 2904 1464 2970 omnia.

507 3007 753 3073 Benedictio
789 3008 963 3092 reginae.
1020 3007 1067 3071 Te
1102 3008 1308 3087 invocamus,
1341 3008 1483 3074 Domine
1519 3016 1646 3088 sancte,
1680 3015 1775 3094 pater
1810 3010 2025 3095 omnipotens,

401 3120 537 3178 aeterne
560 3109 668 3189 Deus,
696 3115 732 3174 ut
753 3109 837 3174 hano
860 3109 1015 3174 famulam
1038 3116 1143 3192 tuam,
1171 3131 1269 3196 quem
1293 3117 1369 3176 tuae
1393 3109 1524 3176 divinae
1546 3112 1799 3198 dispensationis
1823 3111 2025 3198 providentia
2043 3133 2069 3172 ιι

399 3220 432 3283 in
457 3221 665 3301 praesentem
687 3214 772 3278 diem
797 3213 941 3278 iurcnali
967 3215 1045 3279 flore
1069 3215 1244 3279 laetantem
1269 3229 1418 3281 crescere
1443 3216 1647 3296 concessisti,
1678 3225 1754 3280 tuac
1787 3217 1918 3302 pietatis
1942 3216 2026 3281 dono

400 3321 536 3385 ditatam
561 3320 693 3405 plenam
717 3317 866 3382 veritatis
890 3316 930 3390 de
955 3316 1008 3384 die
1032 3319 1064 3382 in
1088 3317 1174 3382 diem
1198 3340 1307 3384 eoram
1337 3326 1369 3383 ιι
1398 3325 1431 3384 ιι
1459 3319 1645 3386 huminibus
1673 3320 1715 3385 ad
1739 3320 1874 3385 meliore
1897 3342 2027 3406 semper

402 3425 561 3512 proficere
585 3422 699 3502 iacias,
722 3427 760 3485 ut
783 3422 816 3485 in
840 3421 1000 3505 regimine
1025 3444 1084 3487 sno
1106 3425 1232 3508 gratiae
1256 3445 1418 3510 supernae
1441 3424 1626 3508 largitatem
1643 3423 1851 3509 congaudens
1868 3425 2027 3510 suscipiat

402 3535 436 3594 et
458 3524 703 3592 misericordiae
727 3531 803 3589 tuae
827 3546 918 3588 muro
935 3523 1136 3591 adversitate
1155 3527 1297 3611 undique
1322 3527 1448 3591 munite
1470 3549 1543 3592 cum
1560 3549 1641 3614 pace
1658 3527 1898 3614 propitiationis
1915 3529 2026 3594 vivere

401 3639 577 3698 mereatur.
621 3630 686 3694 Per
708 3629 892 3695 Dominum.
2045 3647 2071 3687 ιι

511 3727 648 3799 Sursum
679 3732 787 3798 corde.
840 3731 979 3799 Domine
1010 3741 1141 3812 sancte,
1176 3740 1270 3820 peter
1297 3736 1519 3822 omnipotens,
1549 3742 1683 3801 aeterne
1711 3736 2026 3816 Deus,'eleotorum

313 3921 314 3926 ἵ
402 3839 557 3904 fortitudo
581 3844 615 3903 et
636 3838 805 3902 humilium
830 3838 1000 3915 celsitudo,
1023 3839 1077 3922 qui
1100 3839 1133 3903 in
1150 3839 1326 3924 primordio
1349 3862 1409 3925 per
1425 3841 1620 3905 effusionem
1637 3839 1749 3905 diluvii
1765 3841 1900 3905 crimina
1917 3839 2028 3903 mnndi

404 3945 535 4031 purgari
565 3941 693 4005 voluisti
724 3947 757 4005 ιι
786 3961 846 4026 per
875 3941 1057 4006 columbam
1091 3964 1214 4006 ramum
1244 3943 1350 4008 olivae
1379 3948 1562 4028 portantem
1593 3965 1711 4029 pacem
1740 3945 1834 4008 terris
1866 3942 2025 4008 redditam

402 4044 656 4120 demonstrasti,
689 4043 807 4107 iterum
838 4043 947 4108 Aaron
974 4044 1132 4109 famulum
1162 4049 1252 4110 tuum
1281 4067 1341 4131 per
1368 4047 1557 4112 unctionem
1588 4049 1652 4112 olei
1677 4047 1879 4113 sacerdotem
1902 4047 2026 4113 unxisti

404 4157 437 4216 et
460 4156 578 4236 postea
600 4168 659 4233 per
681 4147 777 4212 huius
801 4147 961 4231 unguenti
989 4148 1183 4214 inlusionem
1214 4149 1255 4214 ad
1285 4150 1465 4236 regendum
1493 4152 1649 4238 populum
1675 4151 1892 4217 Israeliticum
1916 4173 2024 4216 secer·
2044 4173 2069 4213 ιι

403 4252 509 4326 (ιοιιι,
534 4273 630 4336 reges
654 4257 688 4316 et
712 4251 891 4336 prophetes
914 4251 1081 4336 perfecisti
1103 4254 1292 4338 vultumque
1323 4255 1483 4320 ecclesiae
1513 4255 1546 4319 in
1577 4257 1650 4320 oleo
1678 4255 1927 4320 exhilarandum
1951 4277 2025 4341 pro·

402 4356 535 4444 phetica
557 4354 670 4419 famuli
701 4355 747 4419 tui
777 4375 856 4418 voce
876 4346 1015 4418 ’Βιιιίιι6
1038 4377 1112 4420 ιιιι
1143 4356 1351 4441 praedixisti;
1381 4357 1437 4442 qui
1466 4357 1655 4423 hoc'etiam
1687 4365 1853 4444 unguento
1884 4358 2026 4424 famulae

402 4466 479 4525 tues
505 4457 613 4523 Iudith
648 4457 688 4522 ed
723 4457 953 4522 liberationem
984 4479 1151 4522 servorum
1185 4465 1315 4523 tuorum
1347 4467 1380 4524 et
1410 4461 1632 4525 confusionem
1668 4463 1870 4527 inimicorum
1899 4463 2026 4527 vultum

403 4563 596 4630 exhilarasti
619 4569 653 4627 et
675 4562 814 4627 ancillae
838 4568 914 4626 tuae
938 4561 1060 4626 Hester
1087 4561 1206 4627 faciem
1233 4563 1294 4627 hac
1325 4563 1463 4649 spiritali
1492 4565 1737 4630 misericordiae
1766 4573 1843 4631 tuae
1873 4567 2027 4630 unctione

403 4669 486 4734 adeo
510 4667 674 4733 lucifluam
698 4665 883 4745 reddidisti,
907 4673 943 4731 ut
966 4667 1136 4732 efferatum
1161 4688 1214 4731 cor
1237 4669 1324 4752 regis
1347 4667 1389 4732 ad
1418 4669 1675 4735 misericordiam
1698 4674 1731 4734 ιι
1755 4670 1967 4734 salvationem
1993 4671 2025 4734 in
2044 4692 2070 4731 ro

402 4780 435 4837 te
464 4769 666 4836 credentium
695 4770 798 4856 ipsius
827 4769 980 4854 precibus
1011 4770 1203 4835 inclinares:
1237 4777 1270 4835 ιι
1300 4793 1516 4857 quaesumus,
1546 4773 1751 4858 omnipotens
1774 4772 1880 4852 Dens,
1910 4777 1946 4837 ut
1969 4795 2027 4857 per

403 4876 498 4941 huius
531 4879 703 4939 creaturae
739 4872 989 4960 pinguedinem,
1027 4873 1197 4938 columbae
1230 4896 1343 4960 pace,
1365 4877 1572 4961 simplicitate
1606 4899 1644 4941 ec
1680 4877 1838 4962 pudicitia
1873 4875 2026 4942 decoram

402 4979 537 5052 allicias.
596 4977 661 5042 Per
697 4976 861 5046 dominum
898 4983 1045 5042 nostrum
1078 4976 1187 5042 Iesum
1222 4978 1385 5044 Christum
1423 4979 1524 5044 lilium
1557 4988 1662 5062 tuum,
1698 4981 1753 5067 qui
1785 4986 1944 5046 venturus
1976 4987 2028 5046 ιιι

400 5084 556 5150 iudicare.

511 5185 737 5251 Coronatio.
783 5184 896 5249 Gloria
919 5185 1098 5251 ethonore
1122 5194 1258 5252 coronet
1281 5192 1313 5252 te
1330 5185 1500 5266 Dominus,
1525 5193 1558 5252 et
1581 5193 1683 5272 ponet
1699 5207 1800 5272 super
1816 5193 1912 5273 caput
1935 5195 2027 5254 tuum
2044 5214 2071 5253 ιι

403 5312 555 5356 coronam
579 5289 620 5354 ds
645 5289 785 5375 spiritali
807 5287 916 5374 lapide
940 5290 1098 5374 pretioso,
1128 5298 1178 5368 ut,
1211 5290 1363 5376 quicquid
1391 5291 1423 5354 in
1450 5291 1581 5374 fulgore
1604 5290 1673 5354 auri
1697 5297 1731 5356 ιι
1754 5290 1786 5355 in
1810 5293 1900 5356 vario
1924 5293 2027 5358 nitore

401 5415 605 5482 gemmarum
628 5392 838 5477 significetur,
862 5392 923 5457 hoc
947 5393 980 5457 in
1004 5393 1068 5458 tuis
1091 5393 1244 5472 moribus,
1269 5393 1329 5458 hoc
1352 5394 1385 5458 in
1409 5394 1535 5460 actibus
1559 5414 1690 5479 semper
1713 5395 1883 5481 refulgeat.
1930 5396 2027 5480 Quod

402 5499 473 5584 ipse
498 5502 666 5583 praestare
691 5496 854 5581 dignetur,
877 5489 961 5560 ιιιιί7
986 5501 1037 5560 ιιι
1060 5496 1164 5560 honor
1186 5503 1219 5560 et
1242 5497 1344 5582 gloria
1367 5497 1401 5561 in
1424 5497 1557 5563 saecule
1580 5497 1807 5564 saeculorum!

503 5720 532 5787 5)
551 5717 637 5771 Marc.
659 5719 699 5785 10,
709 5718 734 5772 9.
819 5719 848 5785 6)
867 5719 966 5772 Paulm.
987 5719 1044 5785 103,
1056 5720 1101 5772 lb:
1120 5721 1151 5774 ut
1169 5719 1307 5774 exhilaret
1325 5719 1425 5776 faciem
1444 5720 1474 5776 in
1494 5720 1563 5775 oleo.
1651 5722 1679 5790 7)
1700 5721 1776 5777 Rern
1798 5723 1838 5789 16,
1851 5722 1894 5779 Si.
