4560 6426
403 442 464 505 258
527 437 772 494 carmennum
792 436 920 493 REGUM
938 433 1122 492 FRANGIAE
1143 433 1404 491 occluauuunls
1423 433 1630 504 (utconlu).
1648 463 1681 471 -
1700 432 1748 486 Nr.
1761 433 1820 486 255.
1839 432 1898 487 256.

327 616 386 672 844.
406 611 619 697 intellegendi
634 617 718 692 sunt,
742 610 934 696 intellegere
958 615 991 674 et
1013 610 1047 673 in
1064 609 1190 674 cunctis
1207 608 1382 674 observare
1400 614 1591 694 procurent;
1618 607 1704 693 qnia,
1727 607 1754 671 si
1769 605 1865 671 aliter
1880 604 2028 682 fecerint,

405 714 598 781 omnimodis
622 721 655 778 et
677 714 815 800 qualitor
837 733 979 778 canones
1002 713 1146 778 fidelium
1167 711 1301 778 decimis
1323 711 1486 799 agendum
1509 717 1654 776 statuant
1671 719 1705 777 et
1721 711 1865 797 qualiter
1880 709 2027 793 intellegi

405 840 443 884 ac
472 819 639 886 observari
668 839 740 882 oum
769 817 1027 882 mansuetudinis
1057 825 1187 882 nostrae
1216 816 1348 882 decreto
1378 816 1535 894 debeant,
1565 814 1712 900 synodali
1739 813 1967 880 diiudicatione
1994 819 2027 878 et

407 929 516 988 nostra
539 923 631 1008 rogia
653 922 844 986 auctoritate
868 920 1082 986 docebuntur.

514 1028 544 1092 9.
580 1025 624 1089 Ut
640 1026 785 1112 episcopi
803 1023 945 1110 synodos
968 1024 1214 1110 apresbyteris‚
1237 1024 1298 1088 nisi
1321 1023 1405 1088 sicut
1421 1023 1516 1088 docet
1532 1023 1710 1088 auctoritas
1727 1013 1921 1100 canonum⁸‚
1945 1019 2027 1085 duos
2058 1041 2070 1081 s

407 1130 534 1196 scilicet
556 1135 589 1193 ot
611 1150 670 1215 per
693 1135 840 1214 tempora
863 1127 1056 1206 constituta,
1091 1149 1155 1192 non
1185 1128 1336 1213 exigant;
1371 1127 1429 1193 sed
1462 1134 1495 1192 et
1522 1127 1555 1191 in
1579 1126 1702 1192 eisdem
1724 1125 1856 1212 synodis
1880 1145 1945 1189 non
1969 1145 2029 1210 per

406 1235 627 1315 occasionem,
662 1232 721 1297 sed
751 1252 808 1317 per
836 1234 1008 1298 veritatem
1038 1233 1210 1298 ministerii
1242 1233 1292 1296 sui
1323 1238 1407 1296 teste
1436 1230 1525 1310 Deo,
1561 1230 1601 1296 ad
1634 1229 1720 1317 quod
1747 1228 1914 1294 constituti
1942 1235 2027 1310 sunt,

405 1335 616 1424 presbyteros
640 1343 674 1401 et
695 1341 838 1401 tractent
861 1343 894 1401 et
914 1342 1050 1401 teneant
1073 1343 1106 1401 et
1129 1335 1311 1400 absolvant.

508 1525 536 1594 8)
556 1523 613 1591 Otr.
632 1521 788 1592 Hinocbiue,
808 1522 1001 1580 Kircbenrecbt
1014 1517 1073 1593 Ill,
1088 1541 1117 1593 p.
1130 1525 1190 1592 585,
1207 1524 1291 1578 nott
1308 1521 1385 1595 [Ka.

546 1985 645 2090 256.
695 1980 1257 2091 PRAEOEPTUM
1293 1979 1447 2090 PRO
1482 1979 1884 2091 HISPANIS.
2047 2021 2073 2072 ιο

1074 2161 1172 2244 844.
1199 2171 1281 2244 run.
1306 2169 1362 2244 11.

517 2339 643 2418 Primo
664 2353 780 2418 editum
801 2356 846 2417 est
870 2353 910 2418 ab
933 2353 1112 2438 Hispaniae
1134 2375 1239 2418 rarum
1259 2354 1407 2434 scriptore
1422 2355 1547 2420 nominc
1561 2353 1668 2436 Diope
1692 2353 1872 2420 indistorta
1887 2355 2031 2419 comitum

408 2457 696 2523 Barcinonensium
728 2457 808 2521 libro
835 2456 968 2521 meando
997 2458 1097 2538 cupite
1125 2461 1236 2539 quarto
1263 2479 1278 2522 e
1304 2458 1476 2522 cartulario
1512 2458 1657 2523 ccclesiae
1687 2457 1950 2535 Barcinonensis,
1981 2457 2031 2520 in·

407 2562 572 2642 scriptum:
608 2560 682 2626 Hoc
710 2567 761 2625 est
794 2562 964 2647 exemplar
995 2559 1162 2646 praecepti
1196 2561 1388 2624 translatum
1422 2561 1453 2624 in
1486 2561 1617 2626 civitate
1644 2561 1854 2626 Barchinona
1883 2561 1916 2626 in
1946 2582 2030 2626 auno

326 2701 329 2707 ·
408 2667 521 2753 primo,
546 2686 609 2750 qno
626 2665 706 2730 obiit
722 2663 794 2729 Odo
817 2687 876 2730 reu
901 2663 1002 2750 (898),
1027 2671 1172 2751 tempore
1196 2664 1316 2730 domini
1331 2665 1470 2730 Borrclli
1492 2665 1617 2729 comitis
1640 2666 1698 2731 filii
1715 2665 1878 2751 quondam
1890 2664 2030 2730 Witredi
2050 2691 2073 2731 n

410 2770 559 2835 eiusdem
588 2769 726 2834 nominis
750 2769 930 2856 nuncupati
954 2774 1029 2855 post
1052 2769 1270 2834 reversionem
1294 2768 1617 2834 Barchinonensium.
1662 2769 1716 2834 Ea
1737 2769 1838 2834 eodem
1859 2769 2032 2835 cartulario

408 2873 568 2938 Budua-ius
589 2893 708 2954 qnoque
730 2873 902 2953 eucarpium
925 2871 1051 2952 babuit;
1083 2872 1173 2937 cuius
1201 2892 1255 2953 ope
1277 2874 1439 2954 praecepti
1466 2877 1584 2938 tautum
1606 2872 1703 2938 edidit
1725 2874 1760 2936 in
1783 2872 1934 2954 pluribus
1956 2873 2030 2938 iocis

408 2976 610 3054 emendatum,
633 2996 722 3057 quem
742 2975 793 3040 bic
814 2976 991 3056 repetimus.

515 3079 691 3144 Secundum
725 3079 982 3160 subscriptionem
1009 3084 1210 3163 prraeceptum
1244 3080 1352 3144 datum
1383 3085 1427 3146 est
1457 3099 1543 3144 anno
1570 3085 1643 3160 844,
1670 3079 1720 3144 die
1752 3084 1798 3144 11.
1827 3101 1865 3145 m.
1893 3080 1967 3144 Iun.
1995 3081 2031 3144 in

410 3184 596 3247 manasterio
616 3182 725 3248 Sancti
746 3182 918 3249 Saturnini
934 3204 1033 3264 prope
1057 3183 1200 3248 Tolosam
1221 3183 1289 3262 sito,
1312 3205 1407 3266 quam
1429 3205 1531 3250 nnnse
1550 3183 1643 3248 Maio
1665 3187 1693 3247 ct
1711 3185 1807 3248 Iunio
1829 3183 1930 3264 ipsius
1951 3184 2032 3248 anni
2050 3206 2075 3246 m

412 3285 553 3352 Karalus
582 3306 639 3350 rec
667 3284 831 3352 obsidebat.
881 3285 1057 3351 &mondum
1086 3284 1259 3350 Balantum
1289 3285 1404 3350 Petrus
1428 3286 1593 3352 Camnom
1620 3285 1675 3351 boc
1699 3291 1901 3369 praeceptum
1921 3307 2033 3372 suppo·

410 3391 544 3455 sititium
564 3409 628 3454 esse
645 3388 772 3469 putauit
791 3389 950 3471 multaque
970 3393 1155 3472 crpumeuta
1170 3390 1315 3471 protulit,
1338 3395 1373 3453 ut
1390 3390 1567 3476 falsitatem
1587 3392 1654 3456 eius
1671 3393 1830 3473 probaret.
1875 3393 2033 3458 Batnaius

408 3516 479 3562 vcro
505 3516 567 3579 pro
587 3494 724 3578 pennino
745 3493 800 3560 boe
821 3494 1036 3560 documentum
1058 3495 1181 3575 babuit,
1210 3497 1274 3574 cni,
1306 3496 1448 3578 qucnrois
1470 3503 1654 3580 arpumenta
1677 3517 1698 3559 a
1723 3495 1888 3562 Oasanoua
1904 3496 2033 3580 prolata

409 3601 560 3683 manent,
582 3598 720 3680 equidem
742 3600 905 3677 assentior,
928 3620 997 3664 cum
1018 3600 1143 3665 nullam
1164 3600 1388 3665 dubitationem
1411 3621 1528 3665 neonem
1550 3620 1606 3664 nec
1627 3599 1793 3666 historicae
1814 3601 1940 3664 ueritati
1961 3620 2032 3665 con-

409 3703 545 3768 trarium
564 3702 717 3768 uideatur.
758 3703 908 3780 Ceterum,
931 3703 1012 3784 qnod
1031 3703 1206 3768 Rutunium
1222 3703 1318 3788 sapit,
1340 3704 1395 3768 bac
1414 3703 1545 3769 edictum
1560 3703 1604 3766 ad
1617 3705 1789 3788 coemptum
1804 3704 2032 3769 constitutionis
2049 3717 2074 3757 ²⁵

410 3829 431 3872 u
445 3807 631 3872 Hludomico
646 3805 706 3871 Pio
721 3805 880 3887 Hispan-is
901 3826 987 3870 anuo
1000 3810 1073 3874 815.
1096 3806 1189 3872 datae
1211 3808 1479 3891 (uulpem)
1500 3810 1675 3888 conceptum
1696 3811 1756 3888 est;
1777 3828 1893 3892 mapna
1909 3808 2033 3890 prioris

409 3912 501 3977 edicti
517 3931 614 3995 pars,
641 3911 677 3974 in
697 3909 830 3975 editione
852 3915 962 3976 nostra
985 3911 1157 3977 minoribus
1180 3912 1263 3994 typis
1284 3913 1449 3992 impressu,
1471 3911 1658 3976 adverbum
1681 3912 1840 3994 repetitur,
1872 3913 1940 3979 alia
1961 3933 2033 3978 uero

409 4015 581 4081 adduntur.
1538 4015 1596 4098 (B.
1612 4016 1660 4094 11,
1674 4019 1732 4095 25;
1754 4015 1793 4081 P.
1815 4016 1924 4100 deest.)

422 4299 423 4302 ¹
517 4227 562 4339 In
587 4275 715 4340 nomine
747 4282 880 4341 sanctae
913 4282 946 4339 et
975 4274 1160 4340 individuae
1190 4276 1353 4340 trinitatis.
1409 4273 1550 4341 Karalus
1583 4275 1687 4360 gratia
1715 4274 1777 4340 Dei
1806 4297 1874 4340 rex.
1995 4275 2030 4340 si

412 4379 498 4446 enim
522 4399 570 4458 ea,
594 4399 677 4465 quae
701 4379 741 4444 ob
766 4378 940 4443 utilitatem
964 4387 1095 4444 sanctae
1112 4379 1175 4443 Dei
1199 4380 1358 4446 ecclesiae
1375 4379 1598 4467 imperialibus
1622 4378 1736 4444 edictis
1753 4385 1827 4443 sunt
1843 4377 2030 4456 constituta,
2049 4405 2074 4444 so

411 4483 674 4570 magnificentiae
698 4489 827 4548 nostrae
852 4483 1094 4548 confirmatione
1126 4482 1232 4548 denuo
1261 4485 1470 4548 instituentes
1493 4483 1755 4562 corroboramus,
1784 4481 1825 4547 ad
1848 4483 2032 4548 diuturnam

414 4587 666 4675 prosperamque
681 4586 773 4672 regni
796 4585 904 4651 aDeo
927 4585 1021 4651 nobis
1045 4586 1157 4651 collati
1173 4586 1384 4652 stabilitatem
1409 4587 1441 4651 id
1464 4589 1568 4674 ipsum
1585 4586 1732 4652 adtinere
1755 4608 1820 4652 non
1836 4585 2031 4666 dubitamus,

414 4694 491 4780 quin
515 4691 614 4757 etiam
638 4689 678 4754 ad
702 4689 938 4776 capessendam
961 4697 1115 4755 aeternae
1139 4690 1307 4755 felicitatis
1331 4691 1565 4757 beatitudinem
1582 4690 1786 4778 profuturum
1802 4689 1895 4755 nobis
1910 4690 2031 4776 liquido

413 4795 587 4861 credimus.
638 4793 753 4878 Itaque
782 4803 893 4858 notum
925 4795 967 4858 sit
990 4803 1114 4859 omrrium
1137 4807 1252 4859 sanctae
1274 4805 1327 4859 Dei
1350 4804 1484 4860 acclesiae
1506 4802 1630 4859 fidelium
1652 4807 1739 4873 atque
1761 4807 1930 4870 nostrorum,
1953 4823 2031 4875 prae·

413 4892 535 4948 sentium
562 4889 669 4946 scilicet
696 4893 726 4946 et
754 4891 925 4959 futurorum,
958 4890 1086 4960 partibus
1112 4890 1298 4960 Aquitaniae,
1331 4891 1522 4962 Septimaniae
1549 4891 1607 4945 sive
1637 4890 1792 4961 Hispaniae
1818 4891 2033 4947 consistentium
2050 4907 2076 4948 ss

412 4986 642 5073 magnitudini,
665 4986 740 5070 quia
763 4986 1006 5071 progenitorum
1030 4992 1231 5065 nostrorum,
1256 5007 1445 5072 magnorum
1469 4985 1628 5073 siquidem
1653 4984 1947 5071 ortodoxorumque
1971 4987 2032 5050 im·

412 5098 609 5178 paratorum,
633 5090 685 5153 ari
708 5088 862 5154 videlicet
883 5089 985 5154 nostri
1009 5087 1123 5152 Karoli
1147 5110 1205 5153 seu
1228 5090 1384 5174 genitoris
1408 5089 1509 5154 nostri
1524 5090 1657 5174 augusti
1673 5088 1868 5170 Hludowici‚
1893 5089 2032 5154 auctori-

413 5202 514 5261 tatem
538 5185 723 5258 imitantes¹
749 5192 872 5257 Gothos
902 5194 970 5258 sire
993 5191 1159 5279 Hispanos
1191 5193 1276 5257 intra
1298 5193 1537 5258 Barchinonam
1565 5193 1682 5258 famosi
1705 5193 1844 5257 nominis
1867 5193 2032 5259 civitatem

414 5299 466 5364 rel
493 5287 703 5362 Terracinm²
731 5297 901 5362 castellum
932 5296 1158 5362 cohabitantes
1189 5297 1285 5361 simul
1314 5317 1387 5361 cum
1422 5297 1471 5360 his
1499 5295 1659 5375 omnibus,
1696 5297 1751 5382 qui
1779 5297 1863 5361 inira
1893 5297 2032 5362 eundem

412 5403 600 5469 comitatum
624 5399 852 5466 Barchinonae
876 5400 1018 5486 Hispani
1041 5406 1134 5465 extra
1159 5401 1324 5466 civitatem
1348 5420 1478 5486 quoque
1503 5400 1695 5481 consistunt,
1720 5421 1855 5487 quornm
1879 5401 2031 5488 progeni·
2049 5431 2076 5470 n

518 5611 543 5677 1)
563 5607 618 5674 cfr,
631 5607 778 5674 Ramepta
791 5621 843 5674 pro
854 5605 988 5674 Hispanis
1006 5623 1031 5660 a.
1044 5607 1104 5670 813,
1121 5611 1180 5660 tons.
1200 5605 1223 5674 1,
1238 5622 1268 5676 p.
1283 5605 1340 5660 189.
1358 5608 1383 5659 st
1400 5623 1426 5660 u.
1439 5607 1499 5674 815,
1517 5606 1533 5662 t.
1546 5623 1566 5662 c.
1581 5623 1611 5678 p.
1622 5606 1682 5664 ael.
1769 5608 1797 5684 2)
1810 5607 1899 5672 Hodie
1914 5608 2033 5670 Turum

413 5714 445 5768 in
460 5713 587 5770 mmmm
605 5709 809 5767 Barcinonarui.
