4634 6436
546 449 729 506 Plausus
748 449 966 507 Panaciam
978 451 1165 507 vastamus
1184 439 1333 522 (Rusoni
1352 453 1473 522 111.).-
1493 455 1611 511 arasa
1831 459 1892 522 139

372 622 431 709 (3.)
466 633 603 689 Similiter
624 624 878 709 repromisistis¹¹
900 625 1003 707 nobis,
1027 639 1060 690 ut
1073 635 1200 692 homines
1216 635 1393 701 christianos,
1417 627 1470 712 qui
1486 627 1582 693 liberi
1598 627 1673 710 sint,
1695 637 1731 691 de
1747 641 1890 708 potestate
1910 643 1969 700 880.

261 719 308 775 vel
331 736 418 790 regno
441 719 642 775 dominationis
665 719 796 778 nostrae
820 721 942 776 scienter
964 739 1021 778 non
1044 739 1168 778 emamus
1193 739 1244 776 nec
1264 722 1456 777 venundemus
1479 741 1531 779 nec
1552 741 1603 794 pro
1626 723 1755 793 quolibet
1776 724 1891 796 ingenio

261 809 489 875 transponamus,
513 809 545 861 ut
567 806 765 876 captiuitatem
787 808 935 877 patiantur
956 799 1021 863 autl
1043 826 1091 864 eos
1114 826 1180 863 suus
1203 807 1332 862 dominus
1355 809 1468 877 perdam
1493 810 1542 865 sed
1564 827 1655 880 neque
1678 810 1801 880 aliquem
1821 811 1892 866 chri·

262 893 386 946 stianum
415 892 520 947 alicubi
548 893 675 962 qualibet
705 893 835 949 ccasione
864 897 1080 966 transponamus
1108 896 1144 949 ad
1170 894 1236 958 hoc,
1267 897 1299 949 ut
1322 898 1473 965 propterea
1498 896 1528 950 in
1552 899 1695 967 potestate
1718 881 1893 968 paganorum

232 979 403 1034 sdeveniat.
447 977 485 1034 Et
507 979 531 1036 si
553 979 755 1046 invenerimus,
784 980 859 1050 quod
882 981 984 1050 aliquis
1008 999 1055 1036 eos
1078 981 1109 1036 in
1130 982 1274 1035 ducatum
1297 983 1438 1036 nostrum
1460 982 1620 1048 adduxerit,
1651 983 1741 1036 modis
1764 984 1892 1056 omnibus

261 1066 298 1120 ad
320 1069 430 1135 partem
454 1069 577 1120 vestram
605 1065 720 1122 reddere
743 1057 937 1138 debeamus,
965 1067 1015 1137 qui
1037 1067 1099 1138 ipsa
1121 1067 1263 1137 mancipia
1286 1067 1435 1123 adduxerit
1458 1069 1613 1124 christiana
1635 1070 1835 1136 venundanda,
1863 1074 1893 1125 et

262 1151 365 1218 omnia,
388 1169 460 1222 quae
484 1170 578 1208 secum
601 1152 758 1220 adduxerit,
782 1153 850 1224 ipse,
875 1153 924 1223 qui
945 1171 992 1208 eos
1016 1154 1248 1224 adprehenderat,
1272 1153 1377 1209 habeat
1399 1172 1532 1210 concessa
1555 1147 1628 1212 sibi.

370 1244 432 1332 (4.)
466 1256 508 1310 De
535 1255 655 1326 captivis
679 1273 758 1323 vero,
790 1248 845 1332 qui
874 1257 984 1311 inuenti
1011 1257 1144 1312 fuerintln
1170 1258 1200 1312 in
1223 1257 1371 1312 ducatibus
1394 1257 1513 1312 nostris:
1545 1258 1623 1328 ipsas
1644 1274 1791 1327 personas,
1819 1276 1892 1329 quae

262 1331 396 1398 eosdem
419 1342 547 1412 captivos
570 1343 825 1412 transposuerintl,
849 1361 912 1398 cum
936 1343 1066 1398 omnibus
1088 1344 1172 1399 rebus
1192 1343 1262 1409 [et⁰]
1282 1343 1397 1404 familiis
1413 1343 1449 1397 ad
1464 1347 1574 1413 partem
1591 1348 1715 1400 vestram
1730 1345 1891 1410 reddamus;

217 1443 244 1482 ιο
262 1432 292 1482 et
314 1428 338 1481 si
360 1428 413 1482 hoc
436 1428 542 1483 factum
564 1445 621 1483 non
644 1429 743 1495 luerit,
770 1433 839 1484 tunc
861 1429 980 1500 prebeat
1002 1435 1208 1486 sacramentum
1230 1429 1315 1484 iudex
1337 1429 1393 1485 loci
1414 1429 1506 1497 illius,
1529 1431 1578 1485 ubi
1601 1431 1663 1502 ipsa
1686 1432 1828 1502 mancipia
1850 1450 1890 1486 re·

260 1515 425 1584 quiruntur,
455 1533 518 1569 cum
541 1515 685 1584 quinquel‘
709 1515 830 1581 edoctis,
854 1517 952 1585 quales
974 1535 1039 1586 pars
1063 1521 1158 1572 vestra
1181 1516 1323 1587 ellegerit,
1352 1516 1428 1585 quod
1450 1534 1484 1571 ea
1506 1517 1648 1587 mancipia
1670 1517 1738 1572 illuc
1761 1522 1892 1588 suscepta

260 1619 318 1656 non
342 1601 446 1656 fuerint
468 1618 520 1656 nec
542 1601 607 1655 inde
630 1602 812 1671 transposita.

369 1694 430 1781 (5.)
464 1702 501 1758 Et
523 1705 576 1759 hoc
599 1704 781 1775 spondemus,
805 1709 850 1772 ut,
875 1705 1043 1774 quicumque
1066 1709 1132 1775 post
1153 1706 1366 1761 renovationem
1388 1705 1472 1760 huius
1495 1705 1572 1775 pacti
1594 1705 1631 1759 ad
1654 1724 1706 1761 nos
1720 1707 1891 1802 gonfugium

263 1792 398 1856 fecerunt,
422 1808 485 1845 cum
508 1782 658 1846 omnibus
682 1791 765 1846 rebus
788 1809 884 1846 eorum
907 1791 983 1862 parti
1007 1796 1117 1846 vestrae
1139 1792 1301 1848 reddantur.

216 1913 241 1950 rs
369 1882 431 1970 (6.)
465 1893 496 1948 si
517 1897 612 1950 autem
636 1912 762 1950 scamara
784 1895 881 1965 aliqua
896 1896 940 1951 vel
962 1896 1053 1950 hostis
1075 1899 1126 1950 aut
1146 1895 1357 1965 qualiscumque
1377 1912 1498 1965 persona
1514 1913 1564 1966 per
1579 1895 1648 1950 fines
1664 1899 1776 1951 nostros
1792 1899 1891 1952 contra

261 1998 310 2036 vos
333 1980 369 2034 ad
384 1983 507 2035 vestram
529 1981 683 2037 laesionem
699 1983 744 2036 vel
766 1982 802 2036 ad
818 1986 913 2037 restra
935 1983 998 2037 loca
1015 1982 1111 2037 venire
1134 1982 1289 2038 tentaverit
1312 1985 1341 2036 et
1363 1983 1399 2036 ad
1418 1985 1545 2037 nostram
1567 1981 1700 2062 notitiam
1720 1984 1889 2053 pervenerit,

260 2085 325 2122 mox
349 2067 408 2122 sine
431 2066 527 2137 aliqua
549 2067 685 2122 tarditate
707 2065 788 2122 'vobis
811 2067 1015 2133 nunciabimus‚
1040 2068 1081 2123 ita
1104 2071 1136 2122 ut
1158 2086 1209 2138 per
1230 2085 1282 2123 nos
1305 2069 1412 2122 nullam
1435 2068 1565 2123 habeatis
1587 2069 1749 2124 laesionem.

369 2160 428 2246 (7.)
463 2169 500 2225 Et
522 2171 576 2226 hoc
599 2171 758 2237 statuimus,
781 2175 821 2238 ut,
845 2172 1099 2241 quandocumqueq
1114 2172 1278 2228 mandatum
1294 2171 1401 2226 domini
1418 2171 1597 2242 imperatoris
1615 2161 1724 2227 Caroli
1741 2172 1889 2227 clarissimi

260 2256 375 2326 augusti
397 2257 442 2311 vel
464 2257 613 2312 missorum
636 2258 695 2312 eius
718 2258 800 2313 nobis
820 2258 906 2313 fuerit
923 2259 1096 2324 nunciatum,
1120 2258 1343 2327 interutrasque
1361 2261 1457 2327 partes
1473 2258 1509 2312 ad
1525 2261 1649 2313 vestrum
1665 2258 1797 2314 solatium
1816 2271 1889 2314 cum

216 2357 243 2396 so
261 2343 357 2397 navali
372 2344 497 2398 exercitu
513 2347 612 2400 contra
626 2344 825 2415 generationes
840 2345 1011 2412 Sclavorum,
1030 2344 1160 2400 inimicos
1177 2345 1285 2400 scilicet
1300 2347 1417 2411 vestros,
1438 2344 1468 2398 in
1484 2361 1540 2414 quo
1556 2344 1739 2414 potuerimus,
1756 2345 1889 2401 solatium

261 2433 387 2499 prestare
410 2430 561 2486 debeamus
584 2431 690 2499 absque
713 2431 772 2485 ulla
795 2431 933 2487 ocasione.
1597 2431 1603 2444 '

368 2523 428 2608 (8.)
461 2533 635 2603 Spondemus
657 2552 778 2604 quoque,
801 2539 834 2589 ut
855 2536 963 2589 nullum
986 2535 1172 2601 inimicorum,
1195 2535 1244 2604 qui
1267 2539 1366 2589 contra
1381 2551 1431 2589 vos
1451 2538 1614 2603 vestrasque
1637 2537 1732 2603 partes
1755 2537 1822 2588 sunt
1845 2534 1889 2588 vel

259 2610 315 2695 qui
338 2619 456 2685 fuerint,
483 2638 549 2688 nos,
577 2621 626 2690 qui
648 2621 730 2676 modo
754 2639 848 2676 sumus
871 2622 916 2676 vel
939 2621 988 2691 qui
1010 2621 1128 2686 fuerint,
1156 2621 1328 2677 adiutorium
1350 2621 1386 2675 ad
1408 2624 1531 2676 vestram
1554 2619 1708 2675 laesionem
1731 2619 1889 2674 faciendam

260 2704 395 2774 praebere
417 2705 568 2761 debeamus
592 2707 643 2762 sub
666 2707 795 2777 quolibet
816 2707 931 2778 ingenio
954 2708 1029 2762 infra
1050 2708 1104 2764 hoc
1127 2708 1220 2779 spatio
1243 2707 1329 2778 pacti.

215 2818 242 2858 as
368 2793 426 2877 (9.)
461 2801 491 2856 Si
512 2802 587 2856 enim
610 2803 715 2857 furtum
739 2803 814 2857 inter
835 2806 931 2872 partes
954 2803 1061 2857 factum
1083 2803 1230 2870 fueritin
1253 2803 1441 2873 quadruplum
1463 2801 1655 2857 restituatur¹.

344 2885 427 2972 (10.)
462 2896 491 2952 si
514 2897 588 2952 servi
609 2902 660 2952 aut
682 2898 802 2953 ancillae
825 2897 899 2952 infra
921 2898 974 2952 hoc
997 2898 1120 2967 spatium
1143 2898 1218 2953 inter
1240 2901 1335 2968 partes
1357 2896 1543 2968 confugerint,
1567 2914 1629 2951 cum
1646 2894 1775 2950 omnibus
1797 2895 1887 2962 rebus,

258 2999 329 3051 quas
351 2982 506 3038 detulerint
528 3001 630 3050 secum,
654 2985 814 3052 reddantur,
839 2989 868 3039 et
890 2984 983 3050 iudex,
1007 2985 1055 3054 qui
1077 2985 1154 3054 ipsos
1176 2985 1312 3055 fugitivos
1335 2985 1478 3050 rediderit,
1501 3000 1552 3053 pro
1573 2999 1743 3052 unoquoque
1762 2981 1887 3052 singulos

258 3069 363 3123 solidos
386 3069 447 3124 auri
470 3070 602 3140 recipiat,
631 3071 671 3126 sic
693 3075 789 3126 tamen
812 3074 857 3137 ut,
887 3071 911 3124 si
933 3071 1054 3141 amplius
1078 3070 1282 3141 [requiritur¹]‚
1310 3089 1361 3141 per
1383 3072 1590 3126 sacramentum
1612 3069 1744 3124 idoneum
1767 3068 1887 3124 dominis

258 3154 371 3210 illorum
401 3155 578 3211 satisfactum
606 3158 664 3212 fiat.
709 3157 738 3212 Si
762 3175 828 3213 vero
857 3157 940 3212 iudex
968 3158 1044 3228 ipsos
1072 3158 1208 3228 fugitivos
1237 3157 1393 3227 susceperit
1419 3160 1448 3212 et
1475 3174 1523 3212 eos
1549 3155 1699 3226 negaverit
1720 3155 1835 3210 reddere
1858 3159 1888 3210 et

212 3257 239 3296 so
258 3241 359 3296 exinde
382 3242 459 3296 aliud
482 3243 645 3314 confugium
667 3244 794 3310 fecerint,
817 3262 867 3315 pro
891 3261 1061 3314 unoquoque
1084 3244 1205 3315 fugitivo
1226 3245 1288 3299 auri
1305 3243 1388 3298 solidi
1405 3242 1587 3314 septuaginta
1602 3242 1657 3297 duo
1673 3245 1885 3312 componantur.

344 3335 426 3420 (11.)
461 3344 499 3400 Et
523 3348 578 3401 hoc
600 3347 757 3402 statuimus
784 3348 819 3402 de
848 3347 992 3418 fugitivis,
1022 3347 1056 3403 de
1079 3348 1181 3418 quibus
1207 3351 1333 3414 constat,
1363 3347 1399 3401 ad
1422 3340 1508 3416 quos*
1529 3345 1636 3401 iudices
1660 3346 1704 3401 vel
1726 3345 1810 3401 locau
1833 3346 1887 3416 ipsi

257 3431 371 3502 fugitivi
398 3432 538 3502 fugerint:
568 3433 669 3502 quodsi
691 3433 808 3488 dubium
830 3434 916 3489 suerit
943 3437 972 3488 et
994 3433 1177 3504 denegaverit
1204 3435 1287 3490 iudex
1311 3434 1355 3489 vel
1377 3437 1457 3489 actor
1478 3433 1533 3489 loci
1555 3432 1644 3498 illius,
1673 3433 1703 3487 in
1726 3450 1782 3502 quo
1805 3432 1888 3487 liberi

257 3519 303 3572 vel
326 3517 399 3574 servi
422 3519 612 3588 requiruntur,
635 3523 703 3575 tunc
725 3520 863 3589 prebeant
885 3524 1092 3576 sacramentum
1107 3520 1255 3576 duodecim
1275 3521 1377 3587 ellecti,
1400 3521 1476 3589 quod
1498 3519 1539 3574 ibi
1561 3537 1613 3574 nec
1636 3519 1759 3589 suscepti
1781 3519 1888 3574 fuerint

257 3621 309 3659 nec
338 3605 402 3659 illos
430 3605 556 3661 habeant
583 3623 635 3661 nec
666 3607 695 3661 in
724 3606 897 3662 conscientia
928 3624 1023 3662 eorum
1052 3607 1128 3662 sintv
1156 3625 1208 3662 nec
1234 3607 1344 3676 aliquas
1374 3625 1418 3662 res
1446 3607 1560 3662 illorum
1587 3622 1681 3660 secum
1707 3604 1886 3660 habuerint'.

212 3706 238 3744 ss
257 3689 287 3744 Si
314 3695 410 3746 autom
438 3691 491 3746 hoc
513 3692 682 3748 distuleritw
709 3693 815 3758 facere,
845 3697 911 3763 post
937 3693 1057 3763 primam
1083 3697 1113 3749 et
1140 3694 1290 3748 secundam
1312 3693 1549 3750 contestationem
1571 3691 1715 3761 presentia
1738 3691 1886 3758 [testium¹

257 3776 411 3848 peractam]
439 3796 490 3847 per
515 3779 667 3834 iussionem
694 3779 794 3834 iudicis
821 3780 865 3834 sui
886 3779 972 3834 liceat
994 3797 1057 3836 eum
1079 3781 1230 3850 pignorare
1252 3780 1395 3835 hominem
1417 3780 1452 3834 de
1475 3779 1537 3850 ipso
1559 3779 1635 3844 loco,
1667 3778 1715 3832 ubi
1738 3795 1823 3832 causa
1844 3795 1885 3832 re-

257 3864 387 3932 quiritur,
411 3863 453 3919 ita
475 3869 571 3920 tamen
593 3869 626 3920 ut
648 3866 740 3935 ipsum
762 3865 864 3936 pignus
888 3868 953 3936 post
974 3870 1119 3936 peractam
1141 3866 1281 3921 iustitiam
1303 3867 1333 3920 in
1354 3867 1468 3937 integro
1490 3865 1653 3921 reddaturl.

342 3957 425 4044 (¹2.)
458 3967 496 4023 Et
517 3969 678 4024 nullatenus
701 3969 786 4024 liceat
808 3969 892 4022 alicui
915 3987 966 4038 per
988 3969 1045 4022 alia
1067 3969 1130 4024 loca
1151 3968 1253 4039 pignus
1276 3969 1419 4040 accipere,
1443 3969 1497 4023 nisi
1520 3967 1569 4023 ubi
1591 3966 1706 4038 fugitivi
1728 3970 1779 4021 aut
1802 3983 1886 4021 causa

257 4053 418 4122 requiritur,
442 4054 481 4108 ibi
503 4055 683 4126 pignoratum
712 4059 742 4110 et
764 4055 788 4109 si
803 4055 965 4125 pignoratio
988 4056 1157 4125 pervenerit,
1182 4055 1267 4121 [nonl
1282 4059 1427 4126 presumat
1446 4055 1503 4110 alia
1520 4071 1585 4125 pars
1601 4072 1652 4124 pro
1668 4054 1784 4124 pignere
1801 4053 1886 4107 aliam

211 4155 239 4194 ao
257 4139 419 4210 pignerare,
449 4141 498 4196 sed
526 4147 657 4212 expectet
684 4141 720 4196 ad
746 4141 929 4208 audiendum,
960 4141 1001 4195 ita
1028 4160 1095 4196 sane
1124 4144 1157 4196 ut
1185 4159 1267 4197 cause
1294 4143 1324 4197 in
1339 4143 1378 4196 Vl
1405 4141 1543 4198 mensium
1570 4141 1663 4211 spatio
1685 4141 1756 4194 fiant
1778 4144 1808 4195 et
1829 4140 1887 4194 sint

256 4226 336 4281 finite
363 4243 461 4294 cause,
491 4228 608 4284 reddens
631 4229 723 4298 prius,
753 4228 828 4298 quod
850 4245 884 4282 ex
907 4227 1009 4282 iuditio
1032 4229 1254 4297 condempnatus
1277 4227 1374 4296 fuit¹l,
1405 4232 1434 4283 et
1456 4228 1558 4298 pignus
1581 4245 1663 4281 suum
1685 4226 1812 4296 recipiat.
1857 4225 1886 4280 Si

256 4317 352 4366 antem
381 4313 456 4368 infra
472 4313 509 4368 VI
538 4332 647 4370 menses
674 4314 886 4385 postposuerit·
907 4315 969 4384 ipse
992 4314 1075 4369 iudex
1098 4317 1148 4368 aut
1175 4314 1233 4368 alia
1254 4332 1389 4385 persona,
1417 4308 1494 4384 queb
1517 4314 1620 4384 pignus
1641 4313 1722 4378 tulit,
1752 4312 1886 4366 iudicium

256 4399 369 4465 habere,
393 4404 459 4470 post
480 4403 638 4456 transactos
661 4402 726 4456 illos
743 4401 780 4454 VI
803 4418 913 4456 menses
933 4401 964 4455 in
983 4400 1100 4471 duplum
1121 4401 1205 4456 iudex
1226 4402 1281 4456 loci
1296 4402 1373 4456 illius
1390 4401 1549 4456 omnimodo
1565 4400 1627 4470 ipsa
1642 4400 1763 4470 pignora
1778 4399 1885 4454 reddat.

256 4484 327 4540 Nam
355 4486 380 4540 si
407 4486 470 4555 quis
499 4488 534 4542 de
562 4487 618 4542 alio
646 4489 708 4542 loco
738 4487 840 4558 pignus
868 4487 969 4542 tollere
997 4487 1200 4557 presumpserit
1227 4491 1277 4542 aut
1303 4488 1363 4543 sine
1389 4505 1473 4542 causa
1498 4485 1597 4541 tulerit
1619 4486 1664 4540 vel
1688 4484 1812 4554 aliquem
1834 4503 1885 4555 pro

212 4585 238 4622 ro
257 4571 375 4642 pignore
398 4573 548 4643 pignorare
572 4574 800 4644 praesumpserit,
823 4574 853 4628 in
876 4574 970 4643 duplo,
994 4574 1070 4642 quod
1090 4574 1196 4640 tulerit,
1220 4574 1361 4629 restituat.

342 4667 423 4753 (¹3.)
458 4678 488 4732 Si
510 4696 576 4734 vero
605 4678 671 4748 equi
694 4679 739 4734 vel
767 4696 856 4747 equae
886 4681 936 4732 aut
964 4681 1122 4732 armentum
1149 4682 1201 4731 aut
1227 4679 1324 4747 aliqua
1352 4675 1546 4747 quadrupedia
1575 4674 1682 4730 fuerint
1708 4674 1805 4728 ablata
1835 4677 1886 4728 aut

256 4762 409 4832 semetipsa
431 4764 651 4832 aberraverint0,
674 4765 764 4820 modis
788 4764 917 4819 omnibus
937 4765 1012 4835 parti
1028 4767 1139 4820 vestrae
1157 4765 1318 4820 reddantur.
1352 4763 1458 4828 Quodsi
1472 4765 1539 4833 post
1554 4762 1673 4833 primam
1689 4765 1719 4816 et
1734 4760 1884 4816 secundam

256 4849 493 4905 contestationem
519 4851 634 4906 minime
661 4852 772 4907 reddita
799 4850 916 4918 fuerint,
948 4854 1016 4906 tunc
1044 4851 1193 4922 proueniat
1220 4850 1382 4922 pignoratio
1410 4850 1444 4904 de
1467 4850 1542 4914 loco,
1575 4847 1624 4902 ubi
1647 4848 1700 4902 hoc
1724 4847 1883 4916 requiritur,

256 4953 344 5004 nsque
367 4936 433 4991 dum
456 4955 521 5007 pars
543 4939 619 5008 parti
642 4938 813 5004 satisfaciat;
837 4941 866 4993 et
889 4941 955 5008 post
977 4936 1201 4992 satisfactionem
1223 4938 1285 5007 ipsa
1307 4937 1427 5007 pignora
1450 4935 1610 4992 reddantur.

213 5051 240 5090 so
343 5030 424 5115 (14.)
457 5039 495 5096 Et
516 5041 569 5096 hoc
592 5042 681 5108 stetit,
704 5047 745 5107 ut,
769 5042 792 5095 si
815 5041 929 5112 fugitivi
953 5059 1001 5096 seu
1024 5058 1068 5095 res
1091 5041 1218 5095 redditae
1241 5040 1348 5095 fuerint
1370 5043 1399 5096 et
1422 5057 1473 5110 per
1495 5039 1701 5092 sacramentum
1724 5037 1882 5094 satisfactio

256 5125 410 5195 adimpleta
432 5127 525 5194 fuerit,
549 5128 639 5184 modis
662 5128 790 5183 omnibus
813 5146 878 5198 pars
902 5128 977 5198 parti
1001 5127 1059 5182 sive
1084 5127 1199 5182 radendi
1222 5127 1280 5181 sive
1303 5127 1416 5181 iurandi
1438 5125 1618 5182 securitatem
1641 5123 1736 5178 faciat.

342 5220 423 5306 (15.)
457 5230 485 5286 Si
513 5232 576 5301 quis
599 5250 665 5287 vero
692 5232 766 5287 infra
793 5232 846 5286 hoc
876 5231 999 5301 spatium
1027 5231 1177 5302 pignorare
1204 5231 1408 5302 presumpserit
1437 5233 1556 5300 excepto
1578 5231 1733 5283 memorato
1757 5228 1882 5299 capitulo

256 5333 368 5372 causam
390 5318 499 5388 perdat,
523 5322 552 5374 et
573 5320 649 5390 quod
670 5319 770 5374 tulerit
792 5318 934 5374 restituat.

357 5499 386 5562 k)
405 5499 571 5566 repromisisti
589 5517 610 5550 ο.
698 5499 718 5562 l)
736 5507 766 5551 nt
783 5515 805 5550 c.
892 5497 929 5563 m)
948 5505 978 5550 ut
995 5499 1058 5552 cdd.
1077 5517 1098 5550 c.
1185 5499 1215 5564 n)
1232 5499 1420 5564 transposuerit
1438 5515 1459 5550 c.
1547 5495 1573 5562 o)
1590 5512 1639 5548 om,
1657 5512 1679 5546 c.
1762 5493 1790 5562 p)
1809 5498 1883 5562 quiu-

214 5596 239 5636 tt
257 5587 381 5653 quaginta
398 5603 419 5637 c.
514 5587 542 5652 q)
561 5587 741 5651 quodcumque
759 5603 780 5637 c.
878 5589 901 5652 r)
920 5589 1089 5637 restituantur
1108 5603 1128 5636 c.
1226 5584 1250 5651 s)
1268 5603 1316 5636 om.
1335 5602 1356 5636 c.
1447 5582 1469 5650 t)
1489 5599 1535 5634 nos
1553 5599 1574 5633 c.
1669 5581 1698 5646 u)
1717 5583 1762 5632 ubi
1780 5583 1843 5634 aad.
1861 5601 1882 5633 c.

257 5671 283 5734 v)
301 5673 342 5736 sis,
360 5672 480 5723 habuerit
498 5689 519 5722 c.
590 5671 623 5737 w)
642 5673 788 5724 distulerint
806 5689 826 5723 c.
897 5672 925 5736 x)
944 5680 1001 5724 resa
1018 5681 1114 5740 paracl.
1132 5673 1217 5738 suppl.
1233 5688 1264 5722 ea·
1276 5671 1349 5734 PB.,·
1369 5689 1418 5723 om.
1432 5669 1507 5722 PHl.
1525 5678 1549 5720 et
1565 5685 1585 5719 c.
1656 5669 1685 5735 y)
1703 5671 1844 5723 reddantur
1860 5688 1881 5722 c.

255 5755 281 5823 a)
301 5759 356 5827 (ξίν.
374 5757 456 5822 ΡΗΖ.,
467 5777 498 5826 p.
512 5757 569 5825 132,
587 5767 639 5814 aot.
651 5777 677 5812 x.
764 5759 791 5825 a)
810 5761 970 5826 proposuerit
987 5776 1025 5826 c.,·
1046 5761 1098 5828 cfr.
1116 5758 1172 5810 PH
1174 5761 1191 5812 l.
1279 5757 1307 5824 b)
1326 5759 1372 5823 qui
1389 5775 1410 5808 c.
1497 5755 1522 5820 c)
1541 5756 1699 5808 aberraverit
1716 5773 1738 5806 c.

1624 5847 1677 5902 18*
