4590 6420
361 440 630 496 ADDITAMENTA
649 441 698 496 AD
716 440 832 495 CAPIT.
851 439 931 494 REG.
951 437 1135 493 Fatuclus:
1154 436 1342 493 OCCIDEN'I'.
1361 436 1511 506 (KAROLI
1524 438 1570 506 ΙΙ).
1587 468 1620 478 -
1639 439 1687 492 Νι.
1700 439 1760 492 293.
1807 440 1867 502 397

247 615 389 694 unitates,
413 615 512 680 surda
534 617 561 680 si
584 615 721 680 dicitas
745 621 804 692 est,
827 634 906 678 aure
928 613 1121 677 Dominum
1143 613 1228 675 iusto
1251 610 1583 697 iudiciopraeterire:
1609 611 1649 677 ob
1673 612 1735 676 hoc
1759 611 1866 678 iustae
1885 620 1945 675 845.

249 719 482 804 indignationis
506 718 638 784 divinae
662 717 958 805 complangendum
975 717 1169 804 supplicium
1193 722 1249 781 etu
1272 717 1433 781 ecclesiae
1450 715 1571 781 Christi
1595 715 1713 780 devoto
1738 721 1870 802 pectore

249 822 453 887 tractandum
476 823 654 908 negotium,
679 823 888 908 praesulumv
911 842 1039 907 quoque
1068 827 1101 884 et
1130 821 1297 905 sequentis
1329 820 1408 884 cleri
1436 820 1697 886 correctionem*
1720 827 1753 882 ct
1783 818 1870 903 regis

250 947 287 990 ac
310 927 402 1010 regui
427 925 652 991 salubritatem
676 932 774 1011 atque
799 925 1010 989 stabilitatem
1036 932 1068 989 et
1091 924 1201 1012 populi
1225 930 1358 989 auctore
1383 930 1416 990 et
1437 925 1588 990 fautora¹
1611 924 1772 987 Dominoy
1796 944 1871 1010 pro-

219 1029 422 1093 acurandam
456 1030 595 1094 salutem
619 1030 826 1094 venerabiles
854 1029 1014 1115 episcopi,
1038 1027 1171 1092 Wenilo
1196 1027 1349 1092 videlieet
1379 1027 1560 1094 Senonicae
1594 1028 1680 1092 sedis
1709 1028 1872 1115 archiepi-

250 1154 367 1220 scopus
392 1145 486 1198 οιιιιιΖ
503 1134 718 1219 suffraganeis
742 1133 820 1213 suis,
843 1131 1040 1195 Hinemarus
1057 1152 1184 1217 quoque
1208 1139 1342 1197 sanctae
1357 1134 1550 1220 metropolis
1574 1133 1736 1197 ecclesiae
1751 1133 1872 1196 Remo·

250 1260 320 1302 rum
343 1239 517 1325 episcopus
541 1259 614 1303 cum
639 1238 864 1325 coepiscopis·
886 1237 954 1300 suis
978 1243 1011 1300 et
1026 1236 1229 1300 Hrodullusb
1245 1237 1411 1301 Bituricae
1433 1237 1572 1300 civitatis
1595 1237 1874 1323 archiepiscopus,

253 1343 372 1407 ceteris
395 1343 494 1407 etiam
517 1341 667 1406 Βοιιιίιιὶο
691 1340 916 1406 sacerdotibus
939 1340 1058 1424 legatis
1074 1341 1127 1404 vel
1151 1341 1279 1426 scriptis
1297 1362 1389 1406 suam
1405 1341 1625 1426 praesentiam
1642 1340 1874 1404 exhibentibus

253 1445 287 1508 in
309 1443 514 1510 Meldensem
539 1444 711 1510 ecclesiam
735 1443 775 1509 de
806 1445 873 1507 suis
898 1443 1082 1509 civitatibus
1107 1451 1343 1524 convenerunt,
1371 1444 1481 1530 ibique
1506 1444 1684 1509 secundum
1708 1443 1874 1530 synodalis

209 1573 233 1612 ro
251 1547 373 1613 ordinis
405 1569 573 1614 censuram
605 1547 788 1613 residentes
822 1568 905 1611 anno
937 1546 1118 1611 dominicae
1148 1549 1379 1616 incarnationis
1409 1546 1630 1612 DCCCXLV.
1654 1549 1763 1634 piique
1788 1548 1875 1632 regis

250 1652 366 1716 Karoli
389 1651 640 1718 succrescented
668 1652 807 1716 feliciter
819 1650 885 1732 VI,
915 1651 1006 1715 cuius
1036 1672 1197 1717 consensu
1229 1653 1289 1717 sub
1318 1652 1426 1716 divim
1459 1658 1539 1716 nutu
1573 1652 1652 1715 illuc
1681 1657 1875 1716 conventum

252 1762 316 1837 est,
339 1755 412 1822 XV.
430 1756 596 1822 Kalendas
620 1755 708 1836 Iulii,
733 1755 809 1840 quia
832 1756 1022 1820 occasiones
1049 1755 1243 1820 durissimae
1265 1757 1331 1820 iam
1355 1757 1450 1821 annis
1474 1756 1751 1842 praecedentibus
1775 1777 1873 1842 syno-

252 1860 339 1925 dalia
361 1868 510 1947 tempora
538 1861 709 1945 religioni⁰
737 1858 958 1945 abripientes‘
980 1860 1042 1924 sibi
1069 1860 1216 1924 indebite
1241 1861 1485 1949 subripuerant,
1515 1867 1589 1947 post
1617 1861 1875 1947 compassiones

252 1965 414 2030 fraternae
439 1971 472 2028 et
495 1965 675 2029 eommunis
699 1964 850 2028 miseriae
873 1964 995 2028 luctum
1020 1970 1214 2044 statuerunt,
1239 1965 1343 2051 primo
1367 1967 1477 2052 aliqua
1501 1987 1543 2030 ex
1566 1965 1633 2046 his,
1657 1987 1740 2051 quae
1771 1986 1875 2050 nuper

210 2093 233 2131 m
252 2069 294 2134 ab
324 2068 439 2134 eodem
470 2070 680 2134 devotissimo
710 2067 856 2155 principe
892 2090 955 2133 uua
987 2089 1060 2133 cum
1092 2069 1208 2134 sacro¹1
1234 2071 1458 2136 ecclesiastico
1488 2069 1602 2134 ordine
1630 2075 1663 2133 et
1691 2069 1875 2133 inlustrium

252 2174 391 2238 virorum
415 2173 587 2240 nobilitate
611 2172 744 2238 decreta
768 2179 857 2253 sunt,
880 2173 935 2253 ita,
961 2180 997 2236 ut
1021 2174 1196 2238 constituta
1218 2173 1376 2254 fuerumt
1400 2173 1583 2261 praefigere
1606 2174 1675 2254 uel,
1706 2193 1790 2258 quae
1814 2171 1878 2236 ab*

251 2277 331 2364 ipsis
362 2298 400 2342 ac
429 2277 547 2342 ceteris
578 2276 701 2341 Christi
730 2277 859 2341 vicariis
888 2297 931 2340 ex
958 2275 1068 2341 divina
1098 2278 1293 2343 auctoritate
1320 2277 1360 2341 ad
1393 2275 1529 2341 statum¹
1552 2283 1686 2341 sanctae
1715 2277 1876 2340 ecclesiae

253 2380 540 2467 redintegrandum
564 2388 625 2445 etm
640 2382 796 2468 principis
821 2401 859 2444 ac
884 2381 1098 2466 reipublicae
1122 2388 1156 2447 et
1177 2381 1429 2466 subsequentis1¹
1448 2380 1714 2445 christianitatis⁰
1738 2380 1875 2444 salutem

253 2493 328 2550 sunt
349 2487 542 2572 propalatal’
566 2485 719 2572 capitula,
743 2483 868 2550 recenti
892 2484 1070 2548 memoriae
1099 2490 1132 2548 et
1155 2483 1280 2549 auditui
1304 2491 1402 2571 atque
1426 2486 1575 2571 aspectui
1600 2484 1775 2548 salubriter
1799 2503 1873 2568 pro-

210 2610 236 2648 a
255 2591 357 2678 pitiaq
385 2589 514 2656 Christo
545 2590 798 2676 praescribere,
832 2595 865 2654 et
893 2594 986 2667 tuuc,
1025 2610 1109 2674 quae
1143 2590 1248 2653 sancti
1276 2587 1415 2675 Spiritus
1447 2589 1553 2674 gratia
1583 2588 1817 2652 ministraverit
1845 2593 1878 2649 ct

201 2717 203 2722 ’
253 2702 378 2781 patrum
408 2695 594 2759 constitutio
622 2694 806 2776 roborarat,
840 2693 965 2757 devotis
996 2693 1157 2758 montibus
1188 2695 1348 2759 intimare.
1405 2692 1490 2768 Quia
1519 2715 1604 2778 quae
1633 2693 1717 2758 beue
1745 2694 1879 2756 inventa

254 2806 286 2864 et
309 2798 411 2865 semel
441 2804 564 2863 statuta
588 2806 679 2872 sunt.
710 2797 941 2863 observatione
965 2796 1125 2882 indigent,
1149 2803 1203 2862 ut·
1223 2798 1370 2882 vestigiis
1394 2797 1659 2884 praecedentium
1684 2796 1879 2874 didicimus²,

253 2925 317 2968 uon
353 2903 590 2968 retractatione.
647 2901 717 2966 Nee
750 2901 853 2965 solum
890 2900 1085 2965 studendum
1121 2907 1172 2967 eet
1207 2923 1292 2966 nova
1325 2899 1459 2981 cudere,
1499 2901 1556 2966 sed
1592 2907 1626 2966 et
1656 2907 1769 2966 vetera
1802 2920 1878 2963 con-

255 3027 395 3072 servare.

211 3131 236 3173 as
362 3109 447 3183 Quia
474 3109 573 3174 ctiam
602 3129 679 3173 mox
705 3115 783 3194 post
812 3107 996 3173 absolutam
1025 3107 1185 3191 synodum
1215 3129 1275 3173 nec
1305 3109 1547 3174 ammonitionis
1575 3109 1769 3196 episcopalis
1798 3128 1877 3171 con-

255 3215 406 3300 gruentia
435 3213 533 3278 variis
560 3213 730 3277 eventibus
758 3213 949 3299 praepedita
977 3213 1082 3300 potuit
1114 3213 1267 3299 subsequi
1298 3235 1358 3279 nac
1388 3215 1574 3280 monitionis
1603 3214 1775 3278 efficacia¹²
1802 3233 1875 3299 prc-

255 3319 387 3396 mereri,
417 3317 574 3403 praedicti
605 3317 811 3382 venerabiles
843 3317 989 3404 episcopi
1020 3339 1085 3382 una
1115 3339 1188 3382 cum
1218 3340 1323 3404 aeque
1347 3319 1526 3384 venerabili
1557 3315 1750 3383 Gunbaldo'
1772 3316 1874 3380 Roto-

255 3421 430 3506 megensiw
453 3421 699 3507 archiepiscopo
722 3442 760 3486 ac
784 3421 988 3507 coepiscopis
1013 3422 1081 3485 suis
1098 3443 1260 3487 consensu
1283 3424 1494 3510 suprascripti
1518 3421 1744 3508 gloriosissimi
1768 3421 1880 3503 regisx

255 3525 369 3591 Karoli
393 3547 477 3591 anno
500 3526 730 3590 incarnationis
754 3523 937 3590 dominicae
960 3523 1200 3606 DCCCXLVI,
1223 3525 1334 3591 xvir.
1357 3526 1527 3591 Kalendas
1552 3525 1688 3591 Martias
1715 3524 1879 3588 Parisius¹

214 3656 239 3696 ac
257 3635 488 3712 convenerunt,
511 3636 545 3694 et
568 3634 697 3716 ceptum
721 3628 863 3693 divinum
887 3630 1056 3714 negotium
1077 3637 1327 3715 pertractantes,
1350 3638 1386 3696 ut
1408 3632 1450 3695 ad
1473 3631 1710 3718 perfectionem
1733 3628 1879 3693 debitam

256 3735 458 3821 propiciante
492 3733 645 3799 Christo·
677 3733 927 3820 perduceretur,
963 3740 1115 3818 satagere
1149 3735 1354 3800 studuerunt.
1407 3735 1525 3821 Sieque
1558 3756 1619 3821 per
1649 3732 1880 3819 septimlormis

257 3839 398 3924 Spiritus
422 3840 526 3903 sancti
549 3839 702 3903 virtutem
725 3859 785 3902 nos
802 3860 925 3920 omnes,
947 3839 1027 3903 licet
1051 3839 1184 3925 indigni,
1210 3840 1330 3904 Christi
1346 3847 1454 3905 tamen
1471 3841 1582 3904 vicarii
1606 3846 1638 3904 et
1661 3838 1880 3924 apostolorum

256 3945 357 4030 ipsius
389 3965 596 4009 successores
625 3964 754 4008 omnem
783 3943 946 4009 hominem
977 3964 1054 4008 ecce
1084 3945 1149 4008 iam
1178 3966 1242 4009 non
1270 3944 1365 4009 modo
1392 3945 1528 4031 septies,
1559 3942 1751 4008 vernabat
1779 3941 1881 4006 octies

256 4049 376 4112 intuitu
404 4049 510 4112 meriti
534 4047 710 4112 stabulario
733 4047 933 4134 repromissi:
959 4039 1101 4120 ‘Quoad
1125 4045 1437 4135 supererogaveris',
1461 4048 1575 4133 inquit,
1600 4048 1684 4110 ‘oum
1701 4044 1881 4129 rediger00,

215 4175 239 4216 aa
260 4150 393 4216 reddam
416 4150 485 4215 tibi’
514 4152 764 4232 convenientes,
793 4158 829 4216 ut
851 4151 903 4215 vel
927 4172 1013 4215 nunc
1042 4152 1075 4215 in
1103 4150 1187 4215 hacd
1211 4159 1342 4230 octava,
1372 4172 1456 4235 quae
1485 4150 1758 4216 resurrectionem
1787 4168 1881 4235 prae-

259 4255 374 4336 tendit,
398 4256 613 4320 conventione
637 4277 658 4320 a
679 4255 816 4320 mortuis
840 4257 994 4342 operibus
1019 4258 1235 4321 communiter
1258 4277 1483 4340 resurgamus,
1508 4256 1679 4321 eonsilium
1703 4253 1767 4317 Dei
1791 4254 1884 4316 iuxta

259 4361 351 4425 Pauli
382 4352 533 4425 ιοοειιιι19
567 4361 815 4442 adnuntiamus,
856 4367 889 4426 et
923 4362 1060 4426 mundos
1094 4382 1153 4426 uos
1189 4383 1208 4426 a
1243 4362 1400 4445 sanguino
1435 4359 1636 4424 audientium
1672 4357 1882 4428 exhibemus;

259 4464 417 4550 indeque⁶
440 4486 502 4529 non
526 4463 789 4544 oboedientibus,
815 4485 911 4551 quam
935 4486 999 4529 non
1028 4471 1194 4551 optamus,
1221 4466 1303 4530 iram
1331 4471 1364 4530 et
1392 4464 1648 4550 indignationem
1678 4483 1716 4526 ac
1746 4461 1879 4524 tribula-

259 4569 392 4649 tionem,
422 4569 507 4634 siout
528 4569 614 4634 idem
639 4568 791 4635 sanctusf
812 4560 1022 4657 apostolus²⁰
1044 4570 1212 4650 docuerat,
1236 4570 1485 4647 denuntiamus;
1514 4569 1627 4634 οιιιιιί8
1650 4573 1760 4631 autem
1784 4563 1882 4629 oboe-

215 4697 242 4737 4ο
260 4673 363 4739 dienti
387 4679 420 4738 et
443 4673 593 4760 operanti
606 4673 727 4738 bonum
743 4695 781 4738 ac
799 4675 1024 4760 perseveranti
1047 4674 1182 4739 inbono
1200 4673 1322 4738 Christi
1338 4672 1423 4738 Deil
1440 4673 1540 4737 nostri
1557 4694 1637 4737 voce
1654 4670 1883 4757 promittimus,

362 4864 383 4929 t)
402 4883 449 4917 om.
468 4864 492 4917 5.
505 4864 529 4916 6.
607 4864 636 4929 ιι)
654 4883 701 4917 om.
715 4863 792 4917 2-4.
871 4865 897 4930 v)
916 4866 1042 4933 presulem
1060 4865 1086 4919 4.
1164 4866 1200 4931 w)
1219 4867 1375 4919 correctione
1394 4865 1419 4916 1.
1491 4863 1520 4929 x)
1539 4867 1627 4916 lavore
1645 4861 1670 4915 3.
1748 4861 1775 4930 y)
1794 4865 1848 4914 Deo
1860 4859 1884 4913 4.

260 4952 284 5015 a)
302 4952 387 5002 altera
405 4969 485 5003 mena
503 4969 631 5018 nqrerrcr.
650 4951 675 5004 2.
754 4951 781 5016 a)
800 4954 927 5020 episcopis
945 4951 970 5004 2.
983 4951 1007 5004 3.
1082 4951 1110 5017 b)
1129 4954 1279 5021 Rodulphus
1297 4951 1359 5006 au.
1429 4950 1455 5018 c)
1473 4969 1525 5003 sac.
1544 4953 1617 5001 Doro.
1636 4948 1713 5002 2-4.
1782 4948 1810 5012 d)
1829 4965 1885 5000 suc·

260 5039 397 5092 crescentis
414 5036 438 5089 5.
457 5037 481 5089 6.
575 5037 600 5106 e)
619 5039 742 5105 religione
759 5037 784 5091 4.
876 5040 901 5102 s)
920 5041 1071 5106 arripientes
1090 5038 1113 5090 l.
1205 5039 1232 5107 g)
1251 5040 1439 5108 compassiones
1458 5037 1481 5090 3.
1570 5039 1597 5102 h)
1616 5046 1761 5089 sanctorum
1781 5037 1842 5086 add.
1862 5034 1885 5086 1.

261 5125 280 5191 i)
299 5126 395 5177 luerint
413 5123 438 5176 2.
456 5123 482 5176 3.
580 5125 608 5191 k)
627 5127 689 5192 ipsis
707 5143 723 5176 a
740 5127 831 5178 ceteris
849 5125 874 5178 2.
886 5124 910 5177 3.
1011 5127 1030 5190 1)
1048 5133 1172 5178 statutum
1191 5127 1213 5178 6.
1302 5125 1339 5190 ιιι)
1357 5128 1390 5178 ad
1407 5123 1493 5177 4-6.
1590 5124 1617 5188 ιι)
1636 5125 1783 5176 subsecutis
1800 5122 1886 5174 2-4.

216 5229 241 5266 cc
261 5213 286 5276 o)
303 5213 460 5264 christianae
479 5210 503 5264 6.
591 5209 619 5278 p)
637 5213 735 5279 prolata
752 5209 776 5263 3.
795 5213 819 5264 5.
839 5211 864 5265 6.
961 5211 987 5280 q)
1004 5214 1106 5264 Christo
1124 5231 1195 5280 prop.
1218 5213 1242 5266 5.
1262 5213 1286 5265 6.
1382 5212 1405 5278 ι)
1424 5213 1581 5278 proscribere
1599 5210 1623 5263 3.
1721 5215 1743 5274 s)
1763 5220 1788 5261 at
1805 5207 1886 5271 3—43

260 5317 292 5350 ex
310 5299 372 5350 aaa
395 5297 420 5350 5.
433 5297 457 5350 6.
562 5297 583 5366 t)
606 5299 756 5352 dicirnusb.
862 5299 892 5364 u)
915 5301 1000 5351 officia
1021 5297 1049 5363 23
1077 5301 1163 5352 cilicia
1186 5299 1210 5352 3.
1317 5296 1626 5368 s)Cuntbold02-4;
1654 5294 1885 5350 diiunctione

261 5385 294 5450 w)
313 5385 512 5452 Rotlromagcnsi
530 5384 591 5437 ab.
665 5387 693 5448 ιι)
713 5405 760 5437 σπι.
779 5385 802 5439 4,
880 5385 907 5453 y)
927 5405 974 5436 om.
994 5384 1019 5436 b.
1038 5386 1061 5438 6.
1138 5388 1163 5452 a)
1183 5388 1287 5438 Parisiis
1305 5387 1329 5438 h.
1399 5386 1426 5450 a)
1445 5387 1555 5437 Domino
1572 5384 1598 5435 4.
1668 5382 1696 5449 h)
1716 5384 1806 5434 iterum
1825 5380 1848 5433 2.
1862 5381 1886 5433 3.

260 5473 286 5538 c)
304 5474 401 5524 rediero
419 5470 443 5522 2.
462 5470 548 5524 4-6.
641 5471 667 5538 d)
687 5474 735 5524 hoc
753 5473 778 5526 2.
796 5472 820 5526 3.
915 5477 939 5537 e)
958 5475 1075 5540 idemque
1093 5472 1170 5526 3—4.
1264 5474 1289 5538 s)
1308 5491 1355 5524 oar.
1374 5471 1398 5525 4.
1486 5473 1514 5540 g)
1533 5473 1618 5522 oruuia
1635 5469 1660 5521 2.
1678 5469 1702 5521 3.
1791 5470 1819 5532 Ιι)
1838 5472 1888 5520 llo-

261 5560 323 5609 mini
343 5557 419 5610 2-5.

221 5749 246 5788 a
369 5728 413 5797 ra)
434 5727 502 5782 aare.
524 5730 614 5794 rasa
706 5730 747 5799 ra)
766 5731 827 5784 Aer.
846 5736 932 5798 epea.
951 5731 1045 5796 arao.
1064 5733 1105 5786 ar.
1193 5733 1238 5798 ao)
1260 5729 1334 5784 aaa.
1354 5731 1468 5794 ar-a.
