4634 6436
983 1566 1158 1693 XVI.

328 1807 982 1937 ADDITAMENTA
1027 1809 1146 1936 AD
1200 1808 1809 1940 CAPITULARIA

254 1999 782 2133 HLOTHARII
835 2005 886 2128 l.
942 2006 1053 2130 ET
1108 2004 1429 2136 REGUM
1483 2002 1877 2130 ITALIAE.

914 2239 1221 2355 ccc-898.

860 2521 1271 2530 m

222 2753 352 2860 ,225
400 2745 750 2858 EBBONIS
792 2746 1210 2858 REMENSIS
1247 2745 1956 2858 ARCHIEPISOOPIee.

815 2904 1314 3016 RESTITUTIO.

954 3085 1052 3166 840.
1080 3093 1175 3184 Aug.

356 3259 573 3340 Fledeordus
600 3275 637 3339 in
664 3276 816 3341 historiae
844 3274 1070 3339 ecclesiasticae
1092 3275 1257 3340 Rerncnsis
1279 3273 1331 3340 leb.
1348 3274 1396 3339 ΙΙ.
1420 3294 1446 3336 c.
1464 3275 1520 3350 20,
1548 3272 1604 3337 SS.
1623 3272 1730 3350 XIII,
1750 3294 1787 3353 p.
1805 3276 1877 3351 473,

252 3379 474 3442 documentum
505 3377 603 3457 refert
635 3377 673 3441 de
699 3377 843 3442 Ehbenis
873 3379 1114 3459 archiepiscopi,
1147 3381 1205 3461 qui
1231 3399 1317 3444 omre
1344 3381 1417 3444 835.
1449 3377 1551 3441 sedem
1581 3397 1675 3440 secem
1704 3376 1879 3458 relinquere

210 3505 235 3544 re
252 3486 380 3547 coactus
398 3486 468 3546 erat
488 3483 604 3561 (supro
619 3503 656 3561 p.
674 3485 739 3558 57),
762 3483 967 3547 restitutione.
1003 3481 1234 3548 Documentum
1249 3483 1300 3548 die
1316 3486 1366 3548 24.
1383 3483 1497 3547 mensis
1512 3480 1613 3556 Iunii,
1628 3480 1747 3560 isauris
1761 3477 1879 3544 scilicet

251 3585 360 3649 drehecs
381 3589 455 3665 pest
477 3583 666 3648 Hludereiei
692 3585 890 3665 imperatoris
912 3586 1045 3662 ebitum,
1073 3587 1186 3650 mmm
1212 3587 1302 3668 opud
1323 3585 1546 3650 Fledeordum
1567 3587 1718 3664 apparet·
1746 3583 1801 3646 sed
1826 3583 1878 3646 hic

251 3689 318 3753 dies
346 3687 429 3768 false
457 3688 592 3768 fortusse
625 3688 665 3752 ch
695 3689 775 3768 ipsis
808 3689 960 3768 episcopis
992 3689 1174 3754 documento
1206 3690 1329 3754 inditus
1360 3694 1414 3754 est.
1467 3687 1543 3751 Vere
1575 3686 1658 3749 enim
1680 3685 1877 3750 Hlotberins

251 3813 354 3856 meme
369 3792 466 3856 Iunio
488 3811 553 3856 non
574 3791 610 3855 in
625 3790 863 3873 Inpclhcimensi
878 3791 1014 3872 pelolio,
1037 3792 1092 3856 sed
1112 3792 1264 3856 initalia
1277 3797 1422 3874 cersctus
1436 3795 1465 3854 et
1473 3789 1695 3870 pedetemptim
1709 3787 1875 3870 (Nithurd.

185 3931 198 3944 ·
252 3895 303 3961 leb.
326 3896 381 3973 ΙΙ,
404 3917 429 3961 c.
450 3901 476 3972 1,
501 3895 557 3959 SS.
574 3896 627 3973 ΙΙ,
645 3917 680 3979 p.
697 3899 776 3974 655)
795 3917 853 3976 per
878 3895 1019 3961 Gellium
1041 3897 1077 3960 in
1102 3896 1309 3961 Germaniam
1324 3893 1489 3976 profectus
1510 3898 1607 3956 estet
1628 3913 1732 3956 mense
1754 3891 1877 3956 domm

209 4023 235 4061 n
253 3999 398 4082 Auprcsto
421 3999 585 4065 Ethencm
605 4000 745 4064 restitnit
766 3998 840 4084 (cfr.
864 4001 959 4064 etiem
980 3999 1343 4065 Bttmer-Mithlhocher
1363 3999 1540 4073 nr.1038).

1343 4101 1400 4183 (B.
1417 4102 1465 4179 II,
1483 4103 1562 4178 341,-
1583 4100 1622 4166 Ρ.
1639 4101 1666 4177 Ι,
1683 4101 1773 4180 374.)

356 4285 403 4394 In
425 4327 557 4390 nemine
581 4326 703 4391 demini
732 4327 834 4391 nostri
856 4326 933 4390 Iesu
958 4326 1080 4391 Christi
1103 4325 1166 4390 Dei
1195 4327 1330 4392 aeterni.
1376 4325 1549 4390 hetherius
1574 4324 1684 4390 divina
1706 4324 1876 4389 ordinante

253 4436 458 4522 providentia
489 4437 667 4522 imperator
696 4443 865 4521 augustus.
912 4435 997 4510 Quia
1025 4435 1188 4501 confessio
1216 4435 1407 4500 delictorum
1438 4455 1504 4498 non
1532 4434 1638 4498 minus
1666 4434 1698 4497 in
1730 4433 1877 4497 adversis

253 4541 441 4605 necessaria
465 4547 517 4604 est
540 4560 637 4624 quam
663 4538 696 4601 in
717 4539 882 4624 prosperis
907 4546 940 4603 et
964 4560 1021 4604 cer
1044 4540 1217 4603 contritum
1241 4545 1274 4601 et
1296 4539 1501 4603 humiliatum
1522 4536 1615 4602 Deus
1638 4558 1703 4601 nen
1727 4535 1877 4623 despicit,

210 4643 407 4729 ingaudium
439 4645 538 4707 etiam
567 4663 641 4707 esse
673 4642 863 4727 angelorum
896 4643 928 4707 in
959 4643 1050 4708 coele
1081 4661 1179 4726 super
1205 4662 1270 4705 unc
1299 4647 1472 4727 peccatore
1499 4640 1735 4726 poenitentiam
1759 4646 1876 4724 agente

253 4767 317 4809 nen
341 4745 539 4825 dubitamus,
563 4766 623 4809 nes
648 4745 801 4810 mortales
826 4747 858 4810 in
879 4747 974 4810 terris
992 4767 1049 4811 ees
1065 4766 1272 4831 nequaquam
1290 4744 1499 4832 despicimus,
1523 4766 1581 4831 pre
1598 4745 1715 4828 quibus
1731 4741 1876 4828 gaudere

252 4849 387 4934 angeles
419 4849 450 4912 in
484 4849 576 4912 coele
607 4847 715 4911 divino
746 4849 934 4913 testimonie
964 4870 1030 4913 nen
1061 4849 1259 4933 ignoramus.
1305 4848 1509 4913 Accusantes
1538 4854 1571 4910 et
1597 4846 1877 4933 reprehendentes

254 4952 288 5014 in*
309 4953 500 5017 excessibus
525 4951 719 5037 semctipsos
743 4951 852 5016 divine
875 4974 932 5015 nos
956 4952 1140 5035 benignitas
1165 4974 1228 5016 nen
1252 4953 1482 5031 condemnare,
1506 4951 1564 5016 sed
1585 4973 1735 5016 recreare
1752 4951 1876 5018 decuit:

253 5057 306 5141 qui
339 5057 543 5122 meretricem
578 5077 643 5120 nen
677 5057 780 5120 solum
813 5077 832 5119 a
861 5057 959 5140 legali
993 5054 1200 5121 damnatione
1229 5057 1360 5142 cripuit,
1397 5077 1508 5119 verum
1539 5055 1636 5119 etiam
1668 5053 1876 5139 publicanum

213 5176 237 5215 ²⁵
255 5159 459 5224 humiliatum
483 5167 516 5224 et
539 5167 747 5224 accusantem
771 5181 806 5224 se
830 5180 892 5222 nen
918 5157 1155 5237 condemnavit,
1180 5158 1239 5223 sed
1262 5161 1366 5245 magis
1391 5157 1593 5223 iustificando
1618 5157 1791 5228 excitarim
1822 5157 1876 5242 qui

253 5262 431 5328 condixit:
456 5256 612 5342 ‘Omnis¹,
637 5263 692 5348 qui
709 5285 743 5328 se
759 5263 918 5342 humiliet,
942 5283 1005 5326 nen
1022 5261 1313 5342 condemnabitur',
1337 5261 1396 5327 sed
1413 5259 1640 5326 ‘exaltabitur'.
1675 5259 1877 5324 Potestatem

254 5385 341 5450 erge,
365 5387 462 5452 quam
486 5388 543 5452 pro
568 5387 667 5431 causa
691 5372 803 5429 nestra
825 5375 939 5452 raptus
963 5353 1141 5451 perdidisti,
1164 5367 1390 5452 repetentibus
1413 5366 1573 5431 ecclesiae
1595 5371 1671 5430 tuae
1693 5364 1778 5440 filiis,
1801 5383 1875 5448 prc-

255 5468 401 5534 sentibus
425 5489 564 5554 quoque,
588 5468 771 5533 astantibus
796 5490 834 5533 ac
858 5467 1109 5534 decernentibus
1133 5470 1318 5556 presulibus
1342 5469 1454 5535 sedem
1471 5489 1508 5533 ae
1529 5467 1685 5533 diocesim
1702 5467 1876 5532 Remensis

254 5570 344 5636 urbis
371 5571 443 5650 tihi,
473 5571 560 5652 Ebc,
589 5571 806 5650 restituimus,
834 5578 868 5636 ut
897 5573 1036 5659 pristino
1060 5580 1192 5638 sanetae
1216 5575 1377 5659 largitatis
1400 5572 1598 5659 apostolicae
1622 5571 1722 5658 pallio
1746 5569 1876 5635 indutus

215 5755 239 5802 n
358 5744 384 5809 1)
402 5741 471 5800 mn.
490 5743 585 5811 rs,11.
