4568 6420
283 604 343 658 87⁵1.

370 429 432 492 462
475 424 741 480 ΑΒΒΙΤΑΜΕΝΤΑ
760 425 809 479 ΔΙ)
826 426 903 481 ΟΔΡ.
923 425 1005 480 REG.
1025 427 1208 482 FRANCIAE
1226 425 1418 481 occinunt.
1437 426 1556 496 (HLUD.
1576 425 1702 497 BALBl).
1719 456 1754 465 -
1769 426 1819 480 Nr.
1831 426 1889 480 304.

479 597 799 667 Benedictiones.
849 599 1010 665 Dominus
1041 601 1132 666 Deus
1163 601 1385 686 omnipotens,
1416 601 1470 685 qui
1505 599 1587 663 dixit
1614 599 1654 662 ad
1685 598 1830 684 Moysem
1861 620 1990 662 servum

370 722 478 765 sunm:
503 693 685 785 ‘Loquere4
708 703 751 766 ad
774 703 887 766 Aaron
914 703 1048 768 fratrem
1078 713 1168 769 tuum
1200 709 1233 768 et
1260 703 1301 767 ad
1332 703 1416 768 filios
1440 703 1511 767 eius
1540 702 1667 766 dicens:
1701 701 1755 766 Sic
1788 702 1991 766 benedicetis

369 805 489 890 populo
514 826 585 869 meo
609 812 642 868 et
665 825 725 890 ego
749 805 942 871 benedicam
965 805 1019 887 ei’,
1042 807 1219 873 benedicat
1242 807 1301 872 tibi
1325 813 1359 873 et
1383 805 1546 871 custodiat
1569 813 1611 870 te.
1656 805 1773 873 Amen.
1975 797 1977 802 ¹

477 909 646 973 illuminet
668 908 785 973 faciem
808 931 901 974 suam
925 933 1024 997 super
1047 919 1079 976 te
1103 917 1136 976 et
1159 912 1354 977 misereatur
1375 911 1431 974 tui.
1477 909 1595 974 Amen.

478 1011 656 1075 Convertat
679 1011 803 1076 vultum
828 1034 921 1078 suum
944 1014 985 1078 ad
1010 1021 1042 1077 te
1065 1020 1098 1078 et
1120 1013 1220 1078 donet
1244 1014 1302 1077 tibi
1327 1035 1452 1099 pacem.
1498 1013 1616 1078 Amen.
2025 1035 2036 1072 ι

476 1098 640 1170 Extendat5
662 1116 808 1170 dexteram
831 1134 898 1172 suae
925 1118 1130 1174 benedictionis
1153 1121 1183 1174 et
1205 1117 1332 1172 effundat
1354 1135 1438 1188 super
1461 1120 1490 1172 te
1512 1118 1617 1172 donum
1639 1132 1707 1170 suae
1729 1115 1942 1186 propitiationis
1966 1119 1996 1170 et

370 1203 525 1258 circumdet
546 1205 575 1257 te
598 1201 674 1256 felici
696 1219 777 1256 muro
800 1203 945 1259 custodiae
968 1222 1035 1260 suae
1058 1204 1252 1275 protectionis,
1277 1207 1392 1259 sanctae
1408 1203 1515 1258 Mariae
1538 1207 1568 1258 et
1590 1202 1715 1257 omnium
1732 1207 1893 1257 sanctorum
1909 1202 1993 1256 iuter-

370 1289 534 1345 cedentibus
556 1287 674 1343 meritis.
719 1288 817 1344 Amen.

477 1375 626 1445 indulgeat
647 1373 702 1428 tibi
724 1376 800 1429 mala
822 1375 924 1442 omnia,
951 1363 1024 1445 qnae
1046 1376 1168 1447 gessisti,
1197 1376 1359 1432 attribuat
1381 1376 1434 1430 tibi
1456 1371 1579 1445 gratiam
1602 1379 1633 1430 et
1654 1374 1883 1440 misericordiam,
1909 1392 1993 1444 quarn

369 1462 515 1517 humiliter
537 1461 573 1515 ab
597 1479 630 1516 eo
652 1461 795 1531 deposcis,
824 1462 982 1532 liberetque
1013 1467 1042 1518 te
1064 1464 1101 1517 ab
1123 1463 1343 1518 adversitatibus
1366 1462 1475 1517 cunctis
1498 1465 1527 1517 et
1550 1453 1679 1517 omuibus
1703 1445 1879 1516 visibiliumG
1902 1461 1992 1515 inimi·
2014 1477 2038 1516 ro

370 1567 466 1605 corum
488 1547 606 1602 insidiis.
652 1547 750 1602 Amen.

477 1633 675 1718 Multiplicet
697 1634 729 1695 in
754 1639 787 1697 te
810 1635 938 1720 copiam
961 1655 1040 1699 suae
1063 1635 1303 1700 benedictionis
1326 1642 1360 1700 et
1383 1635 1555 1699 confirmet
1579 1636 1612 1698 in
1636 1656 1695 1720 spe
1718 1634 1811 1719 regui
1829 1633 1995 1699 coelestis.

371 1739 489 1804 Amen.
817 1759 818 1762 ¹

478 1840 581 1904 Actus
605 1847 677 1904 tuos
700 1841 853 1925 corrigat,
877 1840 976 1904 vitam
993 1840 1157 1920 emendet,
1180 1862 1288 1906 mores
1306 1847 1480 1927 componat
1503 1847 1537 1906 et
1559 1848 1591 1905 te
1614 1841 1656 1906 ad
1679 1842 1833 1905 coelestis
1852 1839 1996 1926 paradisi

371 1943 586 2008 hereditatem
611 1942 777 2028 perducat.
823 1943 942 2010 Amen.
2016 1962 2040 2001 ιι

479 2047 615 2130 'salique
638 2047 818 2110 intentione
842 2048 961 2133 repleri
985 2048 1109 2126 valeas,
1133 2067 1216 2132 qnae
1242 2047 1273 2112 ei
1298 2048 1330 2112 in
1355 2055 1548 2134 perpetuum
1573 2049 1713 2135 placeat.
1759 2048 1877 2112 Amen.

478 2141 624 2229 Αιιςιιίοι5
647 2176 712 2212 suos
735 2158 824 2213 bonos
847 2177 957 2230 semper
979 2163 1009 2216 et
1031 2160 1150 2230 ubique,
1179 2160 1229 2229 qui
1257 2163 1287 2214 te
1309 2161 1496 2229 praecedant,
1526 2162 1698 2216 comitentur
1727 2163 1757 2214 et
1779 2159 1995 2226 subsequantur,

371 2246 407 2300 ad
430 2245 586 2300 custodiam
609 2244 651 2298 tui
673 2247 772 2314 ponat;
798 2247 827 2299 et
849 2262 867 2300 a
889 2249 1006 2316 peccato
1029 2263 1078 2301 seu
1100 2247 1196 2317 gladio
1220 2249 1249 2301 et
1271 2246 1308 2300 ab
1330 2246 1456 2302 omnium
1479 2249 1667 2318 periculorum
1689 2245 1851 2302 discrimine
1875 2246 1922 2300 te·
1946 2261 1998 2298 sua

373 2331 502 2402 potentia
524 2331 634 2386 liberet.
680 2332 778 2386 Amen.

478 2417 609 2472 inimicos
638 2420 702 2472 tuos
730 2417 766 2471 ad
793 2416 872 2487 pacis
899 2416 1083 2488 caritatisque
1113 2418 1321 2490 benignitatem
1351 2422 1500 2475 convertat
1527 2423 1557 2474 et
1579 2419 1763 2475 odientibus
1786 2421 1816 2474 te
1837 2417 1995 2488 gratiosum
2014 2429 2039 2467 ao

373 2507 402 2560 et
424 2504 573 2559 amabilem
596 2504 692 2558 faciat.
717 2503 897 2558 .Pertinsces
924 2521 1037 2574 quoque
1064 2505 1093 2559 in
1123 2505 1166 2560 tui
1193 2505 1382 2561 insectatione
1410 2511 1440 2561 et
1467 2505 1532 2562 odio
1561 2507 1725 2562 confusione
1749 2505 1867 2559 salutsui
1890 2504 1998 2558 induat.

373 2591 462 2660 Super
484 2593 514 2645 te
535 2593 631 2644 autem
654 2589 840 2644 sanctificatio
863 2590 1038 2660 sempiterna
1060 2592 1196 2647 effloreat.
1239 2592 1338 2648 Amen.

480 2660 691 2731 victoriosuml
714 2680 743 2731 te
766 2680 853 2746 atque
876 2675 1113 2747 triumphatorem
1140 2679 1175 2734 de
1199 2678 1357 2733 visibilibus
1383 2682 1470 2748 atque
1494 2677 1685 2733 invisibilibus
1707 2677 1837 2734 hostibus
1859 2677 1996 2732 Dominus

373 2781 483 2832 semper
505 2763 622 2827 efficiat;
655 2767 684 2817 et
712 2763 803 2818 sancti
826 2763 947 2817 nominis
971 2765 1015 2818 sui
1038 2766 1169 2820 timorem
1192 2765 1299 2835 pariter
1321 2769 1351 2820 et
1373 2781 1498 2821 amorem
1521 2765 1655 2820 continue
1678 2764 1755 2819 cordi
1778 2767 1828 2819 tuo
1851 2764 1996 2828 infundat;

373 2853 403 2904 et
424 2849 454 2903 in
477 2848 529 2903 fide
552 2851 630 2904 recta
653 2849 789 2904 achonis
813 2850 944 2920 operibus
972 2852 1209 2920 perseverabilem
1231 2853 1344 2918 reddat,
1376 2854 1406 2906 et
1432 2869 1501 2922 pace
1524 2851 1553 2906 in
1577 2852 1676 2906 diebus
1698 2851 1755 2905 tuis
1779 2867 1912 2906 concessa
1935 2869 1998 2905 cum
2017 2869 2041 2910 as

374 2946 495 2990 corona
518 2935 653 2989 victoriae
675 2936 711 2990 ad
733 2938 902 3006 perpetuum
925 2939 954 2991 te
979 2953 1096 3008 regnum
1119 2939 1263 3008 perducat.
1309 2939 1406 2993 Amen.

480 3019 517 3075 st
539 3020 588 3089 qui
610 3023 639 3076 te
663 3022 754 3076 voluit
775 3039 859 3092 super
881 3023 1017 3094 populum
1040 3043 1120 3079 suum
1143 3025 1316 3080 constituere
1339 3042 1448 3095 regem,
1478 3027 1508 3079 et
1535 3024 1564 3080 in
1592 3023 1736 3095 praesenti
1763 3023 1858 3078 seculo
1887 3023 1998 3079 felicem

374 3110 404 3162 et
426 3109 559 3162 aeternae
582 3106 728 3162 felicitatis
750 3109 859 3163 tribuat
881 3127 942 3165 esse
965 3114 1132 3166 consortem.
1177 3110 1276 3165 Amen.

482 3193 593 3248 Clarum
615 3211 653 3260 ac
670 3195 815 3264 populum,
838 3213 923 3264 quem
945 3215 997 3251 sna
1019 3197 1110 3252 voluit
1132 3197 1322 3268 opitulatione
1345 3200 1411 3264 tuae
1435 3197 1553 3252 subdere
1576 3197 1689 3264 ditioni,
1712 3214 1764 3251 suu
1785 3194 1997 3265 dispensatione
2020 3255 2021 3258 Ἰ

374 3283 404 3335 et
426 3283 476 3334 tua
498 3279 744 3335 administratione
771 3299 822 3351 per
849 3281 984 3337 diuturna
1011 3286 1141 3354 tempora
1162 3287 1191 3338 te
1214 3283 1303 3338 faciat
1325 3284 1446 3339 feliciter
1467 3284 1639 3354 gubcmare;
1669 3301 1725 3352 quo
1754 3281 1858 3337 divinis
1881 3281 1997 3336 monitis
2016 3291 2041 3331 so

374 3368 514 3436 parentes,
537 3365 757 3422 adversitatibus
780 3368 919 3422 cunetis
942 3373 1078 3435 carentes,
1101 3370 1183 3424 bonis
1199 3369 1329 3424 omuibus
1344 3370 1540 3437 exuberantes,
1564 3373 1614 3425 tuo
1631 3370 1788 3424 ministerio
1805 3368 1880 3424 fideli
1903 3386 1998 3422 amore

375 3452 562 3520 obsequentes
591 3456 621 3508 et
648 3452 677 3506 in
706 3455 850 3523 praesenti
880 3457 974 3510 seculo
1004 3456 1081 3526 pacis
1109 3456 1320 3525 tranquillitate
1348 3458 1480 3511 fruantur
1508 3460 1538 3511 et
1565 3460 1663 3512 tecum¹
1685 3460 1867 3511 aeternorum
1896 3455 2000 3509 civium

375 3538 518 3593 consortio
541 3538 627 3608 potiri
650 3543 819 3595 mereantur.
863 3541 961 3596 Amen.
1007 3542 1087 3608 Quod
1108 3542 1169 3613 ipse
1192 3546 1337 3612 praestare
1360 3543 1502 3613 dignetur.

478 3721 503 3786 a)
522 3723 553 3772 da
572 3719 651 3772 Sirra.

477 3891 506 3959 4)
525 3889 608 3943 Num.
626 3891 651 3956 6,
662 3891 703 3944 23
808 3893 835 3958 b)
856 3889 949 3945 coroa
972 3891 1042 3946 Kar.
1066 3908 1151 3960 aspra
1170 3895 1274 3960 prot,
1297 3894 1456 3960 lia303qq.
1569 3896 1597 3960 6)
1615 3898 1645 3947 et
1667 3893 1851 3948 invisibilium
1869 3893 1930 3948 odd.
1949 3895 1999 3948 tc.
2018 3914 2044 3954 ns

375 3993 402 4059 i)
422 3991 492 4046 Ibid.
507 4009 536 4060 p.
547 3993 608 4060 457,
625 3993 673 4046 lio.
686 3992 765 4060 9aqq.
