4590 6420
376 443 643 501 nuulrsuau'rn
663 445 710 500 AD
729 445 844 502 CAPIT.
863 446 943 503 REG.
963 447 1146 506 l‘usuulnu
1164 449 1353 508 OCCIDEN'I'.
1373 451 1522 520 (usuum
1535 452 1581 522 ll).
1601 483 1633 494 -
1652 454 1700 509 Νι.
1712 455 1772 510 233.
1822 458 1884 519 399

265 616 449 688 postulaverit
466 635 499 672 ac
517 617 589 674 ratio
608 619 776 690 expetiverit
798 637 846 674 seu
870 619 1026 688 qualitati¹
1044 638 1178 691 personae
1200 622 1373 688 convenerit,
1398 624 1487 678 aelam
1510 641 1575 680 suae
1600 625 1757 681 devotionis
1777 627 1884 681 serven·
1902 625 1961 680 646.

265 704 371 760 tissime
395 707 503 768 exemi,
528 705 557 760 et
581 706 656 775 qnod
678 705 835 776 inspirante
859 706 915 761 Deo
939 707 1078 778 agendum
1101 707 1131 762 in
1156 726 1266 764 ornnem
1288 709 1388 764 salutis
1412 714 1440 766 et
1464 710 1598 766 utilitatis
1622 716 1707 781 atque
1730 712 1886 768 honestatis

265 795 373 863 partem
393 791 568 856 iudicaverit,
586 793 824 864 inrefragabiliter
843 796 968 864 peragat.

266 984 323 1050 le
351 985 546 1071 capitulis
576 1005 669 1051 vero
700 988 756 1050 iny
785 985 949 1074 synodoy
982 987 1083 1072 apud
1111 987 1488 1054 'leodonis2-villam
1519 990 1669 1056 habitis
1699 990 1887 1078 quaedam

234 1088 465 1154 amonendo
488 1090 800 1176 subiungimus·;
825 1090 1013 1176 quaedam
1036 1097 1166 1156 autern
1188 1113 1257 1177 pro
1281 1098 1460 1179 tempore
1485 1100 1577 1159 tunc
1593 1093 1766 1161 dicenda
1788 1116 1886 1160 nunc

265 1193 462 1259 brevitati
489 1193 698 1260 studentes
722 1193 971 1270 recidimusb;
999 1193 1186 1278 quaedam
1209 1195 1326 1259 etiam
1348 1198 1600 1263 necessitati⁰
1629 1200 1887 1264 consulentes

266 1302 303 1361 et
327 1297 459 1362 ordini
485 1298 767 1384 providentes,
799 1304 953 1384 patrum
982 1305 1197 1383 sequentes
1226 1299 1554 1365 consuetudinem
1577 1302 1887 1389 interposuimus

338 1401 395 1465 ita
418 1400 463 1466 ab
488 1403 687 1490 episcopis
710 1403 868 1490 prolata
897 1401 1135 1489 principumd
1159 1408 1196 1467 et
1220 1408 1439 1468 ceterorum
1463 1404 1645 1470 fidelium
1669 1406 1817 1471 salatia

375 1527 403 1586 7.
440 1515 594 1589 Videcur²4
617 1535 706 1602 nobis,
731 1534 754 1589 si
777 1524 918 1590 feliciter‘
938 1525 1036 1590 vultis
1064 1552 1182 1606 regnare
1205 1538 1235 1590 et
1257 1535 1383 1606 vigorem
1405 1535 1515 1607 regium
1536 1554 1570 1592 ac
1593 1537 1731 1593 seniorale
1755 1539 1784 1592 et
1806 1555 1889 1607 super

226 1634 249 1672 ru
269 1620 373 1673 vostros
397 1621 426 1673 et
449 1635 532 1690 super
554 1619 743 1690 inpugnantes
766 1621 935 1690 potestatem
954 1620 1074 1674 vestram
1098 1619 1205 1688 optatis
1226 1619 1341 1683 habere,
1360 1619 1506 1675 caritatem
1529 1621 1621 1686 illam,
1643 1639 1728 1691 quarn
1746 1622 1889 1692 apostolus

265 1707 369 1775 docuit,
394 1688 472 1763 ‘de25
495 1709 577 1764 eorde
600 1727 671 1780 puro
694 1709 724 1764 et
747 1709 922 1764 conscientia
943 1708 1018 1764 bona
1041 1711 1070 1763 et
1092 1709 1146 1763 fide
1168 1727 1225 1764 non
1247 1710 1319 1764 ficta*
1344 1720 1418 1763 aum
1438 1700 1614 1766 fratribusss
1636 1702 1753 1766 uestris
1777 1712 1889 1767 studete

266 1793 383 1859 hebere;
413 1799 442 1850 et
471 1795 540 1864 quia
568 1795 609 1850 sic
631 1795 773 1861 habeatis,
803 1797 833 1850 et
855 1795 984 1851 fidelibus
1012 1799 1041 1850 et
1064 1777 1266 1850 inlidelibus‘26¹
1283 1795 1360 1851 omni
1383 1796 1489 1852 virtute
1512 1801 1542 1853 et
1563 1798 1703 1868 puritate,
1733 1795 1890 1874 quantum

265 1873 357 1937 Deua
381 1872 517 1952 dederit,
544 1887 641 1938 curate
663 1883 854 1948 manifestare,
878 1875 1044 1958 sicutipse
1067 1882 1164 1938 docuit
1185 1883 1294 1940 dicens:
1325 1864 1403 1938 Ἰιι27
1425 1883 1479 1939 hoo
1502 1890 1672 1956 cognoscent
1695 1903 1800 1952 omnes,
1823 1885 1891 1954 quia

267 1969 322 2026 mei
345 1959 434 2025 estis¹¹
457 1969 596 2041 discipuli,
620 1969 644 2025 si
667 1969 848 2026 dilectionem
870 1967 1027 2026 habueritis
1049 1969 1085 2024 ad
1107 1968 1245 2025 invicem'

226 2088 249 2127 rs
375 2065 405 2128 8.
438 2054 558 2138 Quiai28
580 2073 653 2129 bene
681 2073 771 2130 nostis
801 2073 837 2129 ab
864 2073 928 2140 illo,
958 2073 1008 2143 qui
1030 2054 1140 2128 solus²⁰
1163 2091 1212 2128 rex
1241 2077 1271 2128 ct
1293 2074 1423 2130 sacerdos
1445 2075 1506 2130 lieri
1527 2074 1636 2145 potuit,
1659 2065 1721 2130 ita*
1744 2074 1891 2131 ecclesiam

267 2156 445 2228 dispositaml
463 2175 530 2222 esse,
548 2161 581 2212 ut
598 2157 752 2227 pontificali
771 2157 940 2213 auctoritate
958 2160 988 2212 et
1005 2157 1093 2228 regali
1112 2159 1252 2227 potestate
1269 2157 1457 2227 gubernetur,
1476 2163 1505 2214 et
1522 2159 1656 2230 scriptum
1676 2171 1764 2214 essem
1782 2159 1891 2228 liquido

267 2246 435 2317 pervidetis:
458 2229 560 2302 ‘Ubi30
582 2264 639 2302 non
662 2250 706 2303 est
720 2247 902 2318 gubernator,
925 2248 1046 2318 populus
1063 2246 1185 2314 corruit',
1209 2251 1238 2302 et
1260 2250 1342 2304 tanto
1366 2247 1564 2318 periculosius,
1587 2252 1695 2318 quanto
1718 2249 1813 2304 anima
1828 2251 1891 2321 plus

267 2337 311 2390 est
333 2333 459 2404 pretiosa
480 2351 565 2404 quam
581 2352 690 2405 corpus,
715 2352 855 2389 canonum
870 2333 957 2390 etiam
973 2332 1182 2405 inrefragabilis
1198 2334 1354 2390 auctoritas
1370 2353 1455 2405 super
1470 2335 1666 2406 episcoporum
1683 2321 1889 2393 ordinatione31

269 2420 479 2477 evidentissime
502 2421 674 2493 praecipiat,
697 2421 904 2477 ferventissime
927 2421 999 2476 Dein
1022 2421 1165 2492 legatione
1188 2421 1339 2492 fungentes
1362 2439 1521 2488 monemus,
1545 2426 1591 2489 ut,
1622 2413 1891 2500 quandocumque

226 2511 250 2551 ²¹⁰
270 2499 341 2564 Deo
364 2498 575 2585 dispensante
599 2499 738 2584 quilibet
761 2499 935 2584 episcopus
959 2497 1000 2563 ad
1022 2497 1151 2564 Deum⁰
1174 2500 1376 2583 migraverit,
1405 2509 1536 2564 submota
1559 2509 1684 2564 funditus
1707 2514 1787 2580 peste
1811 2511 1892 2568 simo·

266 2594 366 2650 niacae
388 2596 527 2662 hereseos,
551 2595 611 2651 sine
631 2595 769 2651 dilatione
784 2594 866 2650 iuxta
880 2595 1080 2652 auctoritatem
1096 2595 1268 2661 canonicam,
1293 2586 1389 2651 sedes
1407 2607 1527 2652 vacans
1544 2577 1751 2668 ιιρίιοοριιιιιὸ2
1773 2616 1790 2653 a
1814 2599 1893 2654 vobis

268 2682 437 2753 regulariter
459 2682 648 2754 designatum
672 2686 701 2738 et
722 2682 817 2753 gretia
839 2682 931 2737 sancti
953 2681 1075 2754 Spiritus
1099 2685 1305 2738 consecratum
1328 2665 1510 2752 aecipiet33.

377 2779 406 2840 9.
441 2768 590 2842 Sacrum34
612 2804 725 2856 quoque
747 2787 934 2842 monasticum
962 2785 1089 2842 ordinem
1111 2804 1128 2841 a
1150 2787 1209 2842 Deo
1232 2785 1401 2857 inspiratum
1424 2791 1454 2843 et
1475 2788 1511 2842 ab
1539 2786 1608 2858 ipsis
1635 2789 1773 2858 apostolis
1796 2789 1893 2844 tunda-

268 2876 327 2927 tum
347 2889 394 2926 seu
413 2889 431 2926 a
449 2871 679 2926 nominatissimis
697 2889 730 2926 ac
748 2871 931 2926 sanctissimis
948 2870 1076 2941 patribus
1094 2869 1236 2925 excultum
1255 2874 1341 2940 atque
1360 2889 1409 2941 per
1426 2871 1502 2927 istud
1515 2872 1662 2942 imperium
1682 2891 1699 2926 a
1719 2873 1817 2946 vestris
1831 2873 1894 2943 piae

225 2978 250 3017 aa
268 2957 418 3013 memoriae
441 2956 697 3028 praedecessoribus
721 2960 907 3028 propagatum
927 2960 956 3012 et
974 2957 1111 3026 quaedam
1130 2956 1216 3011 etiam
1235 2957 1297 3012 loca
1314 2957 1463 3028 specialius
1480 2958 1652 3014 venerabilia
1670 2961 1767 3014 uonna
1785 2977 1894 3014 omnum

267 3044 464 3100 auctoritatem
483 3048 513 3099 et
529 3043 667 3099 rationem
692 3061 726 3098 ac
749 3046 860 3114 patrum
883 3047 1038 3098 vestrorum
1062 3060 1111 3097 seu
1134 3059 1232 3112 regum
1253 3035 1480 3112 praecedentium
1506 3044 1735 3100 consuetudinem
1760 3045 1894 3101 laicorum

267 3149 350 3187 curae
369 3133 398 3185 et
415 3130 552 3201 potestati
571 3131 600 3184 in
619 3130 739 3186 maximo
759 3133 851 3187 vestro
870 3131 994 3202 periculo
1012 3133 1041 3186 et
1054 3131 1165 3186 illorum
1182 3131 1359 3202 perditiones
1378 3136 1406 3188 et
1419 3133 1469 3188 Dei
1487 3151 1526 3209 ac,
1538 3136 1697 3188 sanctorum
1716 3151 1772 3188 non
1785 3133 1896 3188 modica

266 3220 302 3274 ml
320 3219 495 3274 irascendum
518 3219 716 3288 provocatione
735 3237 783 3274 vos
801 3220 970 3275 commisisse
993 3219 1126 3275 dolemus.
1168 3220 1344 3290 Quapropter
1367 3237 1416 3290 pro
1439 3220 1549 3276 Christo
1573 3219 1751 3275 devotissime
1770 3220 1895 3275 obsecra·

269 3327 341 3372 urus,
367 3308 420 3361 urs
439 3308 519 3360 tamn
537 3323 668 3376 magnam
687 3306 819 3361 offensam
839 3310 868 3361 et
885 3306 1005 3362 iustamr
1023 3306 1265 3377 reprehensionem
1283 3309 1369 3376 utque
1387 3306 1571 3377 periculosam
1590 3307 1650 3361 sine
1669 3307 1795 3377 exemplo
1815 3324 1892 3377 prae·

225 3412 251 3450 ao
268 3393 426 3448 cedentium
445 3391 700 3463 praesumptionem
719 3392 755 3446 ab
773 3392 937 3447 animabus·
954 3392 1054 3447 vestris
1073 3394 1101 3446 et
1119 3395 1150 3446 at
1169 3391 1304 3447 felicitate
1323 3394 1402 3464 regni
1421 3394 1506 3449 vestri
1525 3394 1638 3465 pellatis
1657 3397 1686 3450 et
1703 3395 1764 3448 loca
1778 3411 1892 3448 venera-

268 3481 337 3535 bilia
359 3483 388 3534 et
409 3480 537 3534 habiturn
561 3497 593 3533 ao
617 3478 742 3533 ordinem
766 3496 873 3532 sacrum
899 3477 951 3541 eis,
974 3477 1023 3547 qui
1042 3477 1077 3532 ad
1095 3478 1148 3534 boc
1166 3478 1259 3533 vocati
1278 3481 1356 3542 sunt,
1379 3479 1469 3534 virisu
1493 3479 1601 3534 scilicet
1627 3493 1680 3534 exv
1704 3480 1846 3535 clericaliv
1864 3483 1893 3534 ot

267 3567 455 3622 ecclesiastico
474 3568 517 3622 rel
537 3565 689 3621 monastico
709 3566 805 3620 ordino
825 3565 989 3634 religiosisw
1007 3583 1056 3620 seu
1074 3570 1103 3621 ct
1120 3566 1173 3620 iux
1191 3583 1240 3621 suo
1253 3584 1318 3620 sexu
1332 3565 1464 3620 leminis!
1482 3567 1538 3622 Deo
1552 3566 1653 3620 dicatis
1665 3569 1751 3636 atque
1763 3566 1893 3620 dovotis¹

268 3659 316 3710 arx
334 3654 364 3708 in
383 3653 458 3708 scola
479 3653 582 3708 Christi
607 3652 736 3716 eruditis.
761 3651 1045 3706 suessionensium
1070 3654 1099 3706 at
1123 3653 1325 3722 providendum
1344 3653 1543 3716 committatis,
1567 3653 1616 3723 qui
1642 3655 1690 3708 et·
1707 3648 1825 3722 ‘quae35
1843 3653 1894 3706 lloi

269 3744 334 3796 sunt
351 3742 408 3796 lleo
428 3742 457 3795 ct
474 3757 547 3810 quae
566 3742 631 3794 sunt
650 3739 768 3794 caesaris
786 3739 899 3794 ceesari’
917 3738 1044 3794 reddant.
1081 3738 1134 3805 Qui
1154 3739 1197 3792 sib
1216 3738 1309 3794 minas
1327 3739 1448 3809 perfecte
1472 3743 1502 3794 et
1523 3739 1553 3794 in
1576 3738 1693 3794 divina⁰
1711 3738 1847 3808 religione
1865 3743 1895 3794 et

226 3853 250 3891 35
269 3829 298 3882 in
317 3829 356 3882 rei
376 3827 505 3897 publicae
524 3826 650 3882 utilitate
669 3825 852 3896 proluserim,
875 3829 926 3880 aut
949 3825 1136 3896 corripiantur
1154 3828 1205 3880 aut
1221 3826 1350 3882 meliores
1369 3827 1419 3880 et<¹
1437 3825 1564 3882 utiliores
1581 3827 1612 3880 in
1630 3826 1698 3881 locis
1716 3843 1810 3881 eorum
1829 3825 1894 3880 sub-

269 3915 437 3980 stituantur;
456 3917 485 3968 et
504 3931 560 3968 non
579 3916 694 3983 propter
711 3929 859 3982 pravorum
879 3911 1034 3981 nequitiam
1054 3912 1120 3966 ordo
1139 3911 1284 3981 religionis
1303 3914 1332 3966 et
1350 3913 1412 3967 loca
1424 3912 1612 3968 sacratissima
1630 3913 1696 3974 sisa
1714 3912 1816 3982 quibus
1834 3912 1895 3966 lici·

269 4008 329 4060 tum
345 4023 402 4060 non
425 4007 476 4069 est,
500 4002 723 4067 committantur,
747 3993 833 4077 quia,
857 4000 893 4057 ut
916 3992 1018 4056 sanati
1043 4000 1153 4078 patrea
1177 3990 1303 4070 dieunt,
1327 3985 1439 4057 ‘uon36
1461 3992 1560 4059 debet
1583 4015 1655 4058 ease
1679 3993 1711 4056 in
1735 3993 1893 4077 regimine

269 4099 341 4164 veis
360 4099 392 4162 in
418 4099 631 4163 contubernio
648 4097 829 4161 communis
846 4096 1014 4174 habitatio,
1038 4117 1173 4181 quorum
1191 4102 1242 4161 est
1265 4095 1395 4161 diverse
1410 4095 1591 4182 professio’.
1635 4096 1679 4161 at
1695 4118 1894 4183 magnopere

269 4202 449 4267 cavendum
473 4208 534 4282 est,
557 4213 618 4266 nel
640 4207 705 4266 tam
731 4201 903 4266 manifesta
925 4201 1093 4286 religionis
1117 4199 1294 4266 destructio
1319 4201 1410 4286 regni
1435 4201 1531 4266 huius
1555 4203 1612 4266 liat
1635 4201 1808 4276 desolatio;
1832 4230 1894 4266 cum

225 4327 251 4364 co
270 4306 498 4363 manifestissime
522 4297 682 4377 scripturah
706 4289 915 4362 demonstrent
931 4306 1015 4360 Osann
1039 4308 1129 4361 morte
1152 4305 1344 4376 dampnatum,
1368 4306 1417 4376 qui
1433 4307 1546 4362 archam
1562 4306 1676 4362 Domini
1698 4306 1780 4376 quasi
1796 4307 1893 4362 eaden·

372 4507 400 4572 x)
419 4509 541 4575 qualitate
561 4504 634 4557 1-4.
730 4504 758 4572 y)
776 4523 824 4556 cns.
844 4504 867 4556 1.
963 4503 988 4572 a)
1006 4505 1118 4558 Theonis
1138 4504 1166 4567 13
1184 4505 1323 4557 'Phaetonta
1341 4501 1372 4568 l;
1390 4506 1536 4558 Theodorus
1554 4507 1578 4558 5.
1592 4506 1616 4556 6.
1710 4507 1736 4571 ιι)
1755 4507 1895 4574 subiunge-

269 4613 325 4647 mus
343 4595 368 4648 5.
387 4595 412 4646 6.
512 4595 539 4659 b)
557 4595 686 4646 reddimus
707 4592 728 4643 1.
827 4591 850 4658 υ)
869 4594 1020 4646 necessitate
1038 4591 1063 4644 3.
1162 4593 1189 4656 d)
1207 4592 1363 4659 principium
1380 4589 1405 4643 2.
1501 4593 1527 4656 ο)
1546 4594 1655 4645 salutem
1673 4592 1699 4644 3.
1792 4591 1817 4658 1)
1836 4594 1895 4644 lide·

268 4683 326 4734 liter
343 4681 368 4734 2.
386 4681 409 4734 3.
429 4681 453 4734 5.
472 4681 496 4733 6.
600 4681 628 4750 g)
646 4680 817 4734 confratribus
835 4679 858 4732 3.
964 4679 993 4744 h)
1010 4680 1052 4732 isti
1073 4679 1098 4731 2.
1202 4679 1222 4744 1)
1242 4678 1293 4743 Qui
1310 4677 1335 4728 9.
1441 4680 1470 4744 k)
1489 4697 1537 4730 om.
1560 4677 1585 4731 3.
1688 4678 1707 4746 1)
1730 4680 1854 4746 disposita
1874 4677 1896 4729 1.

269 4767 304 4832 ιιι)
323 4775 363 4820 est
382 4766 403 4819 l.
423 4768 447 4820 3.
518 4766 545 4834 ιι)
563 4769 694 4836 legacione
712 4766 760 4816 Dei
778 4764 802 4818 9.
872 4766 899 4832 o)
918 4785 934 4817 a
951 4768 1006 4818 Deo
1020 4766 1047 4830 l;
1066 4766 1205 4816 Dominum
1223 4763 1247 4817 5.
1267 4763 1291 4816 6.
1304 4763 1328 4816 9.
1399 4765 1427 4832 p)
1446 4765 1628 4832 perdictionem
1644 4765 1664 4816 1.
1736 4764 1764 4832 q)
1777 4767 1858 4818 uitam
1871 4765 1895 4816 3.

227 4878 251 4916 45
269 4855 292 4919 r)
310 4855 409 4908 iustam
429 4853 452 4906 1.
531 4854 555 4920 ιι)
573 4873 586 4907 e
604 4854 758 4906 animalibus
776 4871 844 4904 corr.
862 4852 888 4904 2.
967 4852 988 4918 t)
1007 4869 1055 4904 mn.
1073 4851 1098 4904 5.
1116 4850 1140 4903 6.
1215 4849 1243 4914 ιι)
1261 4851 1310 4902 vim'
1327 4848 1352 4902 5.
1423 4851 1450 4915 v)
1467 4860 1494 4904 at
1511 4853 1637 4904 clericalis
1657 4850 1679 4902 1.
1750 4851 1783 4915 ιι)
1797 4853 1897 4904 devotis

269 4941 331 4993 aaa.
350 4941 374 4993 6.
456 4942 485 5006 ιι)
504 4959 551 4993 ons.
571 4939 596 4992 6.
678 4939 706 5008 y)
725 4940 842 4992 femineis
859 4938 884 4991 6.
967 4939 994 5004 ι)
1012 4946 1038 4990 et
1055 4937 1079 4990 2.
1161 4939 1187 5000 ιι)
1205 4938 1253 4989 etsi
1271 4937 1296 4988 6.
1378 4937 1406 5000 b)
1425 4938 1473 4990 sai
1491 4936 1516 4990 5.
1598 4936 1896 5005 malignumue.

270 5029 297 5094 d)
317 5037 364 5080 sut
381 5028 404 5080 2.
417 5027 442 5080 3.
530 5027 555 5092 e)
574 5045 622 5080 ons.
641 5026 666 5080 2.
755 5027 779 5089 l)
797 5033 843 5078 ant
860 5023 945 5078 2-4.
1033 5024 1062 5092 g)
1080 5040 1128 5076 nec
1146 5021 1223 5090 2-4,
1241 5041 1308 5075 corr.
1327 5040 1359 5075 ns
1376 5020 1401 5074 2.
1488 5022 1517 5090 h)
1536 5025 1597 5076 dicit
1615 5032 1641 5077 et
1658 5024 1719 5076 aaa
1740 5025 1763 5076 1.

373 5217 418 5285 24)
438 5214 539 5285 Synna
558 5213 594 5268 od
612 5213 708 5268 Taceri
721 5213 781 5281 844,
800 5229 885 5282 sarpta
899 5213 1002 5283 plia,
1019 5227 1042 5266 c.
1055 5211 1079 5278 1,
1096 5210 1259 5279 limatisqq,
1277 5209 1522 5266 caraecarae.
1608 5211 1653 5282 25)
1673 5213 1695 5265 1.
1712 5211 1821 5266 unaue
1842 5213 1896 5276 1,5.

269 5325 315 5390 26)
330 5321 428 5376 vestris
439 5319 502 5375 add.
516 5321 532 5375 1.
542 5337 563 5375 c.
627 5321 672 5387 27)
685 5319 740 5374 Iob.
755 5321 795 5387 13,
806 5321 848 5376 35.
914 5319 958 5388 28)
973 5316 1194 5388 cassamus.
1260 5316 1306 5384 23)
1319 5315 1418 5370 merito
1432 5319 1461 5370 et
1472 5315 1535 5369 odd.
1546 5316 1592 5371 tc.
1656 5315 1701 5379 30)
1715 5315 1792 5369 Pron.
1809 5313 1895 5380 11,14.

226 5443 252 5480 ιιι
269 5427 313 5494 31)
333 5428 362 5480 et
380 5425 409 5479 in
429 5424 527 5496 populi
553 5425 589 5479 ad
615 5423 826 5479 custodiendum
850 5421 971 5502 suscepti
990 5420 1141 5492 vigilantia
1164 5438 1197 5475 ac
1219 5419 1326 5474 sedium
1345 5437 1457 5475 suarum
1475 5419 1567 5474 tenaci
1587 5418 1744 5474 stabilitate
1763 5417 1826 5472 aa.
1845 5418 1894 5472 lc.

268 5531 313 5600 32)
332 5528 477 5599 episcopos
495 5547 512 5583 a
531 5529 588 5584 Deo
607 5529 688 5584 datos
707 5531 736 5584 et
754 5546 771 5583 a
788 5529 806 5583 l.
818 5545 839 5583 c.
927 5528 972 5596 33)
991 5525 1134 5596 accipiant
1152 5527 1214 5590 aut,
1231 5541 1304 5594 quae
1323 5524 1379 5580 suis
1398 5523 1536 5595 episcopis
1555 5540 1731 5594 quacumque
1748 5523 1893 5580 comsioue

269 5631 487 5702 privatassunt,
506 5633 639 5688 canonice
663 5650 710 5688 eos
732 5632 792 5687 sine
816 5632 913 5702 aliqua
936 5630 1116 5686 excusatione
1138 5631 1189 5684 aut
1211 5628 1346 5684 tarditate
1369 5628 1509 5700 recipiant
1526 5630 1542 5685 l.
1555 5645 1578 5684 c.
1681 5629 1727 5699 34)
1746 5627 1817 5682 uid.
1834 5645 1856 5682 c.
1869 5629 1894 5683 3.

267 5739 312 5805 35)
335 5735 433 5791 Macra
451 5737 545 5805 2221.
632 5739 676 5803 36)
696 5735 800 5803 Nescio,
818 5735 892 5791 rande
909 5735 971 5790 hacc
988 5734 1063 5789 ambo
1080 5739 1189 5802 sarapta
1207 5732 1268 5788 sint.
1356 5734 1400 5800 37)
1419 5734 1444 5788 2.
1458 5733 1579 5804 Paralip.
1594 5736 1619 5798 6,
1633 5735 1657 5788 7.
