<?xml version="1.0" encoding="UTF-8"?>
<!DOCTYPE html PUBLIC "-//W3C//DTD XHTML 1.0 Transitional//EN"
    "http://www.w3.org/TR/xhtml1/DTD/xhtml1-transitional.dtd">
<html xmlns="http://www.w3.org/1999/xhtml" xml:lang="en" lang="en">
 <head>
  <title>
</title>
<meta http-equiv="Content-Type" content="text/html;charset=utf-8" />
  <meta name='ocr-system' content='tesseract 3.04.00' />
  <meta name='ocr-capabilities' content='ocr_page ocr_carea ocr_par ocr_line ocrx_word'/>
</head>
<body>
  <div class='ocr_page' id='page_1' title='image "./monumentagerman07mittgoog_0500.png"; bbox 0 0 4568 6420; ppageno 0'>
   <div class='ocr_carea' id='block_1_1' title="bbox 361 425 1874 496">
    <p class='ocr_par' dir='ltr' id='par_1_1' title="bbox 361 425 1874 496">
     <span class='ocr_line' id='line_1_1' title="bbox 361 425 1874 496; baseline 0.005 -16"><span class='ocrx_word' id='word_1_1' title='bbox 361 425 631 480; x_wconf 75' lang='lat' dir='ltr'>heumannum</span> <span class='ocrx_word' id='word_1_2' title='bbox 650 427 700 480; x_wconf 83' lang='lat' dir='ltr'>AD</span> <span class='ocrx_word' id='word_1_3' title='bbox 718 427 834 480; x_wconf 78' lang='lat' dir='ltr'><strong>CAPIT.</strong></span> <span class='ocrx_word' id='word_1_4' title='bbox 853 425 932 480; x_wconf 82' lang='lat' dir='ltr'>REG.</span> <span class='ocrx_word' id='word_1_5' title='bbox 952 426 1136 482; x_wconf 78' lang='lat' dir='ltr'>FRANCIAE</span> <span class='ocrx_word' id='word_1_6' title='bbox 1155 426 1344 482; x_wconf 82' lang='lat' dir='ltr'>OCCIDENT.</span> <span class='ocrx_word' id='word_1_7' title='bbox 1364 426 1514 496; x_wconf 71' lang='lat' dir='ltr'>(annom</span> <span class='ocrx_word' id='word_1_8' title='bbox 1528 427 1574 494; x_wconf 83' lang='lat' dir='ltr'>ll).</span> <span class='ocrx_word' id='word_1_9' title='bbox 1592 457 1625 466; x_wconf 91' lang='lat'><em>-</em></span> <span class='ocrx_word' id='word_1_10' title='bbox 1644 427 1692 481; x_wconf 87' lang='lat' dir='ltr'>Nr.</span> <span class='ocrx_word' id='word_1_11' title='bbox 1707 426 1766 480; x_wconf 80' lang='lat'>302.</span> <span class='ocrx_word' id='word_1_12' title='bbox 1812 431 1874 490; x_wconf 80' lang='lat'>457</span> 
     </span>
    </p>
   </div>
   <div class='ocr_carea' id='block_1_2' title="bbox 250 645 1972 944">
    <p class='ocr_par' dir='ltr' id='par_1_2' title="bbox 250 645 1972 944">
     <span class='ocr_line' id='line_1_2' title="bbox 250 645 1972 717; baseline -0.003 -1"><span class='ocrx_word' id='word_1_13' title='bbox 250 652 306 716; x_wconf 83' lang='lat' dir='ltr'>Ad</span> <span class='ocrx_word' id='word_1_14' title='bbox 336 653 415 716; x_wconf 89' lang='lat' dir='ltr'>ista</span> <span class='ocrx_word' id='word_1_15' title='bbox 447 652 580 716; x_wconf 89' lang='lat' dir='ltr'>verba:</span> <span class='ocrx_word' id='word_1_16' title='bbox 616 645 821 716; x_wconf 81' lang='lat' dir='ltr'>‘Coronet¹</span> <span class='ocrx_word' id='word_1_17' title='bbox 852 659 891 716; x_wconf 92' lang='lat' dir='ltr'>te</span> <span class='ocrx_word' id='word_1_18' title='bbox 922 649 1129 716; x_wconf 88' lang='lat' dir='ltr'>Dominus’</span> <span class='ocrx_word' id='word_1_19' title='bbox 1162 654 1328 717; x_wconf 86' lang='lat' dir='ltr'>inunxit</span> <span class='ocrx_word' id='word_1_20' title='bbox 1357 674 1444 717; x_wconf 92' lang='lat' dir='ltr'>eum</span> <span class='ocrx_word' id='word_1_21' title='bbox 1475 652 1715 716; x_wconf 88' lang='lat' dir='ltr'>Hincmarus</span> <span class='ocrx_word' id='word_1_22' title='bbox 1747 651 1972 714; x_wconf 82' lang='lat' dir='ltr'>archi-869.-</span> 
     </span>
     <span class='ocr_line' id='line_1_3' title="bbox 251 753 1876 842; baseline -0.002 -22"><span class='ocrx_word' id='word_1_23' title='bbox 251 757 464 842; x_wconf 90' lang='lat' dir='ltr'>episeopus</span> <span class='ocrx_word' id='word_1_24' title='bbox 497 755 542 819; x_wconf 92' lang='lat' dir='ltr'>de</span> <span class='ocrx_word' id='word_1_25' title='bbox 575 757 789 820; x_wconf 90' lang='lat' dir='ltr'>chrismate</span> <span class='ocrx_word' id='word_1_26' title='bbox 821 757 866 820; x_wconf 90' lang='lat' dir='ltr'>ad</span> <span class='ocrx_word' id='word_1_27' title='bbox 898 757 1078 820; x_wconf 80' lang='lat' dir='ltr'>dextram</span> <span class='ocrx_word' id='word_1_28' title='bbox 1112 756 1333 820; x_wconf 80' lang='lat' dir='ltr'>auriculam</span> <span class='ocrx_word' id='word_1_29' title='bbox 1364 763 1405 819; x_wconf 90' lang='lat' dir='ltr'>et</span> <span class='ocrx_word' id='word_1_30' title='bbox 1434 757 1472 819; x_wconf 93' lang='lat' dir='ltr'>in</span> <span class='ocrx_word' id='word_1_31' title='bbox 1504 756 1640 818; x_wconf 87' lang='lat' dir='ltr'>fronte</span> <span class='ocrx_word' id='word_1_32' title='bbox 1671 775 1800 838; x_wconf 89' lang='lat' dir='ltr'>usque</span> <span class='ocrx_word' id='word_1_33' title='bbox 1830 753 1876 817; x_wconf 91' lang='lat' dir='ltr'>ad</span> 
     </span>
     <span class='ocr_line' id='line_1_4' title="bbox 695 859 1430 944; baseline -0.001 -22"><span class='ocrx_word' id='word_1_34' title='bbox 695 859 902 923; x_wconf 78' lang='lat' dir='ltr'>sinistram</span> <span class='ocrx_word' id='word_1_35' title='bbox 926 859 1143 923; x_wconf 79' lang='lat' dir='ltr'>auriculam</span> <span class='ocrx_word' id='word_1_36' title='bbox 1167 865 1206 923; x_wconf 89' lang='lat' dir='ltr'>et</span> <span class='ocrx_word' id='word_1_37' title='bbox 1228 859 1430 944; x_wconf 89' lang='lat' dir='ltr'>incapite.</span> 
     </span>
    </p>
   </div>
   <div class='ocr_carea' id='block_1_3' title="bbox 167 977 1882 2718">
    <p class='ocr_par' dir='ltr' id='par_1_3' title="bbox 167 977 1882 2718">
     <span class='ocr_line' id='line_1_5' title="bbox 361 977 1878 1064; baseline -0.001 -23"><span class='ocrx_word' id='word_1_38' title='bbox 361 977 503 1042; x_wconf 84' lang='lat' dir='ltr'>Coronat</span> <span class='ocrx_word' id='word_1_39' title='bbox 532 984 564 1042; x_wconf 91' lang='lat' dir='ltr'>te</span> <span class='ocrx_word' id='word_1_40' title='bbox 588 977 746 1042; x_wconf 78' lang='lat' dir='ltr'>Dominus</span> <span class='ocrx_word' id='word_1_41' title='bbox 775 1000 894 1042; x_wconf 91' lang='lat' dir='ltr'>corona</span> <span class='ocrx_word' id='word_1_42' title='bbox 925 979 1049 1064; x_wconf 86' lang='lat' dir='ltr'>gloriae</span> <span class='ocrx_word' id='word_1_43' title='bbox 1079 980 1112 1043; x_wconf 92' lang='lat' dir='ltr'>in</span> <span class='ocrx_word' id='word_1_44' title='bbox 1142 978 1367 1043; x_wconf 79' lang='lat' dir='ltr'>misericordia</span> <span class='ocrx_word' id='word_1_45' title='bbox 1398 985 1432 1043; x_wconf 89' lang='lat' dir='ltr'>et</span> <span class='ocrx_word' id='word_1_46' title='bbox 1460 978 1728 1042; x_wconf 78' lang='lat' dir='ltr'>miserationibus</span> <span class='ocrx_word' id='word_1_47' title='bbox 1753 978 1821 1040; x_wconf 86' lang='lat' dir='ltr'>suis</span> <span class='ocrx_word' id='word_1_48' title='bbox 1846 983 1878 1041; x_wconf 93' lang='lat' dir='ltr'>et</span> 
     </span>
     <span class='ocr_line' id='line_1_6' title="bbox 222 1081 1877 1169; baseline 0.003 -31"><span class='ocrx_word' id='word_1_49' title='bbox 222 1103 233 1138; x_wconf 73' lang='lat' dir='ltr'>a</span> <span class='ocrx_word' id='word_1_50' title='bbox 252 1090 354 1165; x_wconf 85' lang='lat' dir='ltr'>ungat</span> <span class='ocrx_word' id='word_1_51' title='bbox 370 1087 402 1144; x_wconf 90' lang='lat' dir='ltr'>te</span> <span class='ocrx_word' id='word_1_52' title='bbox 418 1082 450 1144; x_wconf 92' lang='lat' dir='ltr'>in</span> <span class='ocrx_word' id='word_1_53' title='bbox 468 1081 560 1166; x_wconf 87' lang='lat' dir='ltr'>regni</span> <span class='ocrx_word' id='word_1_54' title='bbox 577 1082 736 1166; x_wconf 87' lang='lat' dir='ltr'>regimine</span> <span class='ocrx_word' id='word_1_55' title='bbox 754 1081 827 1146; x_wconf 93' lang='lat' dir='ltr'>oleo</span> <span class='ocrx_word' id='word_1_56' title='bbox 845 1085 969 1168; x_wconf 80' lang='lat' dir='ltr'>gratiae</span> <span class='ocrx_word' id='word_1_57' title='bbox 984 1082 1126 1169; x_wconf 80' lang='lat' dir='ltr'>Spiritus</span> <span class='ocrx_word' id='word_1_58' title='bbox 1142 1083 1245 1146; x_wconf 86' lang='lat' dir='ltr'>saneti</span> <span class='ocrx_word' id='word_1_59' title='bbox 1262 1083 1322 1160; x_wconf 89' lang='lat' dir='ltr'>sui,</span> <span class='ocrx_word' id='word_1_60' title='bbox 1339 1082 1425 1147; x_wconf 92' lang='lat' dir='ltr'>unde</span> <span class='ocrx_word' id='word_1_61' title='bbox 1443 1083 1537 1146; x_wconf 86' lang='lat' dir='ltr'>unxit</span> <span class='ocrx_word' id='word_1_62' title='bbox 1554 1082 1753 1156; x_wconf 89' lang='lat' dir='ltr'>sacerdotes,</span> <span class='ocrx_word' id='word_1_63' title='bbox 1771 1101 1877 1164; x_wconf 86' lang='lat' dir='ltr'>reges,</span> 
     </span>
     <span class='ocr_line' id='line_1_7' title="bbox 250 1183 1877 1272; baseline 0.001 -25"><span class='ocrx_word' id='word_1_64' title='bbox 250 1183 427 1270; x_wconf 89' lang='lat' dir='ltr'>prophetas</span> <span class='ocrx_word' id='word_1_65' title='bbox 452 1191 485 1248; x_wconf 90' lang='lat' dir='ltr'>et</span> <span class='ocrx_word' id='word_1_66' title='bbox 508 1192 683 1270; x_wconf 86' lang='lat' dir='ltr'>martyres,</span> <span class='ocrx_word' id='word_1_67' title='bbox 707 1186 762 1270; x_wconf 95' lang='lat' dir='ltr'>qui</span> <span class='ocrx_word' id='word_1_68' title='bbox 791 1186 965 1272; x_wconf 84' lang='lat' dir='ltr'>perfidem</span> <span class='ocrx_word' id='word_1_69' title='bbox 991 1187 1138 1250; x_wconf 90' lang='lat' dir='ltr'>vicerunt</span> <span class='ocrx_word' id='word_1_70' title='bbox 1162 1206 1264 1269; x_wconf 82' lang='lat' dir='ltr'>regna</span> <span class='ocrx_word' id='word_1_71' title='bbox 1292 1191 1326 1250; x_wconf 90' lang='lat' dir='ltr'>et</span> <span class='ocrx_word' id='word_1_72' title='bbox 1349 1186 1476 1272; x_wconf 89' lang='lat' dir='ltr'>operati</span> <span class='ocrx_word' id='word_1_73' title='bbox 1501 1194 1577 1249; x_wconf 90' lang='lat' dir='ltr'>sunt</span> <span class='ocrx_word' id='word_1_74' title='bbox 1600 1186 1756 1249; x_wconf 91' lang='lat' dir='ltr'>iustitiam</span> <span class='ocrx_word' id='word_1_75' title='bbox 1780 1191 1877 1269; x_wconf 88' lang='lat' dir='ltr'>atque</span> 
     </span>
     <span class='ocr_line' id='line_1_8' title="bbox 251 1287 1878 1374; baseline -0.001 -23"><span class='ocrx_word' id='word_1_76' title='bbox 251 1287 361 1373; x_wconf 80' lang='lat' dir='ltr'>adepti</span> <span class='ocrx_word' id='word_1_77' title='bbox 398 1294 474 1351; x_wconf 91' lang='lat' dir='ltr'>sunt</span> <span class='ocrx_word' id='word_1_78' title='bbox 511 1289 759 1374; x_wconf 59' lang='lat' dir='ltr'>promissionem</span> <span class='ocrx_word' id='word_1_79' title='bbox 799 1288 988 1374; x_wconf 85' lang='lat' dir='ltr'>eisdemque</span> <span class='ocrx_word' id='word_1_80' title='bbox 1025 1289 1293 1374; x_wconf 88' lang='lat' dir='ltr'>promissionibus</span> <span class='ocrx_word' id='word_1_81' title='bbox 1329 1289 1436 1373; x_wconf 81' lang='lat' dir='ltr'>gratia</span> <span class='ocrx_word' id='word_1_82' title='bbox 1467 1289 1531 1353; x_wconf 93' lang='lat' dir='ltr'>Dei</span> <span class='ocrx_word' id='word_1_83' title='bbox 1567 1289 1685 1374; x_wconf 80' lang='lat' dir='ltr'>dignus</span> <span class='ocrx_word' id='word_1_84' title='bbox 1715 1289 1878 1364; x_wconf 79' lang='lat' dir='ltr'>alliciaris,</span> 
     </span>
     <span class='ocr_line' id='line_1_9' title="bbox 251 1392 1574 1478; baseline 0.001 -23"><span class='ocrx_word' id='word_1_85' title='bbox 251 1399 412 1477; x_wconf 90' lang='lat' dir='ltr'>quatenus</span> <span class='ocrx_word' id='word_1_86' title='bbox 436 1413 548 1456; x_wconf 86' lang='lat' dir='ltr'>corum</span> <span class='ocrx_word' id='word_1_87' title='bbox 571 1393 734 1456; x_wconf 91' lang='lat' dir='ltr'>consortio</span> <span class='ocrx_word' id='word_1_88' title='bbox 758 1394 791 1456; x_wconf 92' lang='lat' dir='ltr'>in</span> <span class='ocrx_word' id='word_1_89' title='bbox 815 1393 950 1477; x_wconf 88' lang='lat' dir='ltr'>coelesti</span> <span class='ocrx_word' id='word_1_90' title='bbox 973 1413 1075 1477; x_wconf 84' lang='lat' dir='ltr'>regno</span> <span class='ocrx_word' id='word_1_91' title='bbox 1098 1393 1222 1478; x_wconf 87' lang='lat' dir='ltr'>perfrui</span> <span class='ocrx_word' id='word_1_92' title='bbox 1245 1394 1411 1457; x_wconf 89' lang='lat' dir='ltr'>merearis.</span> <span class='ocrx_word' id='word_1_93' title='bbox 1457 1392 1574 1457; x_wconf 85' lang='lat' dir='ltr'>Amen.</span> 
     </span>
     <span class='ocr_line' id='line_1_10' title="bbox 360 1495 1879 1582; baseline -0.001 -24"><span class='ocrx_word' id='word_1_94' title='bbox 360 1495 582 1559; x_wconf 86' lang='lat' dir='ltr'>Victoriosum</span> <span class='ocrx_word' id='word_1_95' title='bbox 610 1502 643 1560; x_wconf 90' lang='lat' dir='ltr'>te</span> <span class='ocrx_word' id='word_1_96' title='bbox 671 1502 769 1580; x_wconf 90' lang='lat' dir='ltr'>atque</span> <span class='ocrx_word' id='word_1_97' title='bbox 801 1495 1069 1581; x_wconf 73' lang='lat' dir='ltr'>triumphatorem</span> <span class='ocrx_word' id='word_1_98' title='bbox 1093 1495 1133 1560; x_wconf 92' lang='lat' dir='ltr'>de</span> <span class='ocrx_word' id='word_1_99' title='bbox 1157 1497 1340 1561; x_wconf 81' lang='lat' dir='ltr'>visibilibus</span> <span class='ocrx_word' id='word_1_100' title='bbox 1365 1503 1462 1582; x_wconf 85' lang='lat' dir='ltr'>atque</span> <span class='ocrx_word' id='word_1_101' title='bbox 1487 1495 1703 1561; x_wconf 87' lang='lat' dir='ltr'>invisibilibus</span> <span class='ocrx_word' id='word_1_102' title='bbox 1728 1495 1879 1559; x_wconf 88' lang='lat' dir='ltr'>hostibus</span> 
     </span>
     <span class='ocr_line' id='line_1_11' title="bbox 211 1597 1879 1685; baseline 0.001 -26"><span class='ocrx_word' id='word_1_103' title='bbox 211 1621 235 1659; x_wconf 83' lang='lat' dir='ltr'>ro</span> <span class='ocrx_word' id='word_1_104' title='bbox 253 1620 382 1684; x_wconf 89' lang='lat' dir='ltr'>semper</span> <span class='ocrx_word' id='word_1_105' title='bbox 401 1598 542 1670; x_wconf 51' lang='lat' dir='ltr'>¹siliciam</span> <span class='ocrx_word' id='word_1_106' title='bbox 566 1605 599 1661; x_wconf 89' lang='lat' dir='ltr'>et</span> <span class='ocrx_word' id='word_1_107' title='bbox 622 1600 723 1663; x_wconf 83' lang='lat' dir='ltr'>saneti</span> <span class='ocrx_word' id='word_1_108' title='bbox 747 1599 886 1662; x_wconf 90' lang='lat' dir='ltr'>nominis</span> <span class='ocrx_word' id='word_1_109' title='bbox 911 1599 960 1662; x_wconf 90' lang='lat' dir='ltr'>sui</span> <span class='ocrx_word' id='word_1_110' title='bbox 985 1599 1133 1663; x_wconf 89' lang='lat' dir='ltr'>timorem</span> <span class='ocrx_word' id='word_1_111' title='bbox 1156 1600 1279 1685; x_wconf 89' lang='lat' dir='ltr'>pariter</span> <span class='ocrx_word' id='word_1_112' title='bbox 1307 1605 1341 1664; x_wconf 92' lang='lat' dir='ltr'>et</span> <span class='ocrx_word' id='word_1_113' title='bbox 1364 1620 1508 1664; x_wconf 89' lang='lat' dir='ltr'>amorem</span> <span class='ocrx_word' id='word_1_114' title='bbox 1533 1601 1685 1663; x_wconf 93' lang='lat' dir='ltr'>continue</span> <span class='ocrx_word' id='word_1_115' title='bbox 1710 1597 1799 1662; x_wconf 92' lang='lat' dir='ltr'>cordi</span> <span class='ocrx_word' id='word_1_116' title='bbox 1822 1603 1879 1660; x_wconf 91' lang='lat' dir='ltr'>tuo</span> 
     </span>
     <span class='ocr_line' id='line_1_12' title="bbox 252 1701 1879 1788; baseline -0.001 -23"><span class='ocrx_word' id='word_1_117' title='bbox 252 1701 418 1776; x_wconf 87' lang='lat' dir='ltr'>infundat;</span> <span class='ocrx_word' id='word_1_118' title='bbox 442 1708 475 1764; x_wconf 88' lang='lat' dir='ltr'>et</span> <span class='ocrx_word' id='word_1_119' title='bbox 497 1701 530 1764; x_wconf 92' lang='lat' dir='ltr'>in</span> <span class='ocrx_word' id='word_1_120' title='bbox 552 1701 616 1765; x_wconf 89' lang='lat' dir='ltr'>lide</span> <span class='ocrx_word' id='word_1_121' title='bbox 641 1707 732 1765; x_wconf 90' lang='lat' dir='ltr'>recta</span> <span class='ocrx_word' id='word_1_122' title='bbox 756 1722 794 1765; x_wconf 97' lang='lat' dir='ltr'>ac</span> <span class='ocrx_word' id='word_1_123' title='bbox 818 1702 911 1766; x_wconf 91' lang='lat' dir='ltr'>bonis</span> <span class='ocrx_word' id='word_1_124' title='bbox 929 1701 1084 1786; x_wconf 91' lang='lat' dir='ltr'>operibus</span> <span class='ocrx_word' id='word_1_125' title='bbox 1099 1703 1378 1787; x_wconf 86' lang='lat' dir='ltr'>perseverabilem</span> <span class='ocrx_word' id='word_1_126' title='bbox 1396 1704 1528 1776; x_wconf 65' lang='lat' dir='ltr'>reddam</span> <span class='ocrx_word' id='word_1_127' title='bbox 1552 1710 1586 1767; x_wconf 92' lang='lat' dir='ltr'>et</span> <span class='ocrx_word' id='word_1_128' title='bbox 1608 1724 1690 1788; x_wconf 86' lang='lat' dir='ltr'>pace</span> <span class='ocrx_word' id='word_1_129' title='bbox 1715 1703 1747 1766; x_wconf 91' lang='lat' dir='ltr'>in</span> <span class='ocrx_word' id='word_1_130' title='bbox 1764 1701 1879 1767; x_wconf 92' lang='lat' dir='ltr'>diebus</span> 
     </span>
     <span class='ocr_line' id='line_1_13' title="bbox 167 1805 1763 1893; baseline 0.001 -25"><span class='ocrx_word' id='word_1_131' title='bbox 167 1825 169 1832; x_wconf 91' lang='lat'>·</span> <span class='ocrx_word' id='word_1_132' title='bbox 252 1805 316 1868; x_wconf 91' lang='lat' dir='ltr'>tuis</span> <span class='ocrx_word' id='word_1_133' title='bbox 340 1825 498 1869; x_wconf 87' lang='lat' dir='ltr'>concessa</span> <span class='ocrx_word' id='word_1_134' title='bbox 521 1826 592 1868; x_wconf 93' lang='lat' dir='ltr'>cum</span> <span class='ocrx_word' id='word_1_135' title='bbox 617 1805 727 1890; x_wconf 90' lang='lat' dir='ltr'>palma</span> <span class='ocrx_word' id='word_1_136' title='bbox 749 1805 906 1870; x_wconf 89' lang='lat' dir='ltr'>victoriae</span> <span class='ocrx_word' id='word_1_137' title='bbox 931 1811 963 1870; x_wconf 90' lang='lat' dir='ltr'>to</span> <span class='ocrx_word' id='word_1_138' title='bbox 988 1805 1027 1868; x_wconf 90' lang='lat' dir='ltr'>ad</span> <span class='ocrx_word' id='word_1_139' title='bbox 1052 1811 1247 1892; x_wconf 89' lang='lat' dir='ltr'>perpetuum</span> <span class='ocrx_word' id='word_1_140' title='bbox 1270 1829 1409 1892; x_wconf 81' lang='lat' dir='ltr'>regnum</span> <span class='ocrx_word' id='word_1_141' title='bbox 1432 1808 1601 1893; x_wconf 88' lang='lat' dir='ltr'>perducat.</span> <span class='ocrx_word' id='word_1_142' title='bbox 1649 1809 1763 1870; x_wconf 86' lang='lat' dir='ltr'>Amen.</span> 
     </span>
     <span class='ocr_line' id='line_1_14' title="bbox 360 1907 1880 1995; baseline 0.001 -26"><span class='ocrx_word' id='word_1_143' title='bbox 360 1907 403 1970; x_wconf 81' lang='lat' dir='ltr'>ut</span> <span class='ocrx_word' id='word_1_144' title='bbox 426 1909 482 1992; x_wconf 92' lang='lat' dir='ltr'>qui</span> <span class='ocrx_word' id='word_1_145' title='bbox 504 1915 536 1972; x_wconf 91' lang='lat' dir='ltr'>te</span> <span class='ocrx_word' id='word_1_146' title='bbox 561 1909 665 1972; x_wconf 92' lang='lat' dir='ltr'>voluit</span> <span class='ocrx_word' id='word_1_147' title='bbox 688 1929 787 1994; x_wconf 85' lang='lat' dir='ltr'>super</span> <span class='ocrx_word' id='word_1_148' title='bbox 809 1908 965 1994; x_wconf 93' lang='lat' dir='ltr'>populum</span> <span class='ocrx_word' id='word_1_149' title='bbox 990 1929 1084 1971; x_wconf 90' lang='lat' dir='ltr'>suum</span> <span class='ocrx_word' id='word_1_150' title='bbox 1109 1910 1306 1974; x_wconf 89' lang='lat' dir='ltr'>constituere</span> <span class='ocrx_word' id='word_1_151' title='bbox 1322 1931 1446 1995; x_wconf 84' lang='lat' dir='ltr'>regem,</span> <span class='ocrx_word' id='word_1_152' title='bbox 1471 1919 1505 1974; x_wconf 88' lang='lat' dir='ltr'>et</span> <span class='ocrx_word' id='word_1_153' title='bbox 1527 1910 1742 1995; x_wconf 88' lang='lat' dir='ltr'>inpraesenti</span> <span class='ocrx_word' id='word_1_154' title='bbox 1767 1908 1880 1973; x_wconf 89' lang='lat' dir='ltr'>seculo</span> 
     </span>
     <span class='ocr_line' id='line_1_15' title="bbox 252 2010 1440 2078; baseline 0.002 -4"><span class='ocrx_word' id='word_1_155' title='bbox 252 2011 383 2076; x_wconf 81' lang='lat' dir='ltr'>felicem</span> <span class='ocrx_word' id='word_1_156' title='bbox 407 2018 440 2074; x_wconf 90' lang='lat' dir='ltr'>et</span> <span class='ocrx_word' id='word_1_157' title='bbox 464 2017 619 2076; x_wconf 88' lang='lat' dir='ltr'>aeternae</span> <span class='ocrx_word' id='word_1_158' title='bbox 642 2012 810 2076; x_wconf 84' lang='lat' dir='ltr'>felicitatis</span> <span class='ocrx_word' id='word_1_159' title='bbox 834 2010 957 2076; x_wconf 89' lang='lat' dir='ltr'>tribuat</span> <span class='ocrx_word' id='word_1_160' title='bbox 980 2033 1054 2076; x_wconf 88' lang='lat' dir='ltr'>esse</span> <span class='ocrx_word' id='word_1_161' title='bbox 1079 2018 1276 2076; x_wconf 89' lang='lat' dir='ltr'>consortem.</span> <span class='ocrx_word' id='word_1_162' title='bbox 1322 2012 1440 2078; x_wconf 85' lang='lat' dir='ltr'>Arnen.</span> 
     </span>
     <span class='ocr_line' id='line_1_16' title="bbox 210 2112 1880 2200; baseline 0 -24"><span class='ocrx_word' id='word_1_163' title='bbox 210 2139 234 2177; x_wconf 79' lang='lat' dir='ltr'>rs</span> <span class='ocrx_word' id='word_1_164' title='bbox 361 2112 491 2177; x_wconf 72' lang='lat' dir='ltr'>(ilerum</span> <span class='ocrx_word' id='word_1_165' title='bbox 522 2135 560 2178; x_wconf 92' lang='lat' dir='ltr'>ac</span> <span class='ocrx_word' id='word_1_166' title='bbox 587 2115 762 2200; x_wconf 91' lang='lat' dir='ltr'>populum,</span> <span class='ocrx_word' id='word_1_167' title='bbox 795 2136 892 2199; x_wconf 91' lang='lat' dir='ltr'>quem</span> <span class='ocrx_word' id='word_1_168' title='bbox 925 2136 985 2178; x_wconf 84' lang='lat' dir='ltr'>sua</span> <span class='ocrx_word' id='word_1_169' title='bbox 1012 2115 1115 2178; x_wconf 91' lang='lat' dir='ltr'>voluit</span> <span class='ocrx_word' id='word_1_170' title='bbox 1142 2116 1355 2200; x_wconf 89' lang='lat' dir='ltr'>opitulatione</span> <span class='ocrx_word' id='word_1_171' title='bbox 1384 2123 1459 2180; x_wconf 89' lang='lat' dir='ltr'>tuae</span> <span class='ocrx_word' id='word_1_172' title='bbox 1489 2116 1630 2181; x_wconf 86' lang='lat' dir='ltr'>subdere</span> <span class='ocrx_word' id='word_1_173' title='bbox 1660 2115 1791 2192; x_wconf 91' lang='lat' dir='ltr'>ditioni,</span> <span class='ocrx_word' id='word_1_174' title='bbox 1822 2136 1880 2177; x_wconf 88' lang='lat' dir='ltr'>sua</span> 
     </span>
     <span class='ocr_line' id='line_1_17' title="bbox 253 2217 1879 2306; baseline -0.001 -24"><span class='ocrx_word' id='word_1_175' title='bbox 253 2218 499 2303; x_wconf 86' lang='lat' dir='ltr'>dispensatione</span> <span class='ocrx_word' id='word_1_176' title='bbox 524 2225 558 2282; x_wconf 90' lang='lat' dir='ltr'>et</span> <span class='ocrx_word' id='word_1_177' title='bbox 581 2225 639 2282; x_wconf 91' lang='lat' dir='ltr'>tua</span> <span class='ocrx_word' id='word_1_178' title='bbox 661 2219 945 2283; x_wconf 85' lang='lat' dir='ltr'>administratione</span> <span class='ocrx_word' id='word_1_179' title='bbox 968 2240 1028 2304; x_wconf 90' lang='lat' dir='ltr'>per</span> <span class='ocrx_word' id='word_1_180' title='bbox 1057 2217 1210 2282; x_wconf 88' lang='lat' dir='ltr'>diuturna</span> <span class='ocrx_word' id='word_1_181' title='bbox 1233 2225 1383 2306; x_wconf 89' lang='lat' dir='ltr'>tempora</span> <span class='ocrx_word' id='word_1_182' title='bbox 1411 2227 1443 2284; x_wconf 91' lang='lat' dir='ltr'>te</span> <span class='ocrx_word' id='word_1_183' title='bbox 1475 2221 1574 2284; x_wconf 83' lang='lat' dir='ltr'>saciat</span> <span class='ocrx_word' id='word_1_184' title='bbox 1599 2220 1736 2283; x_wconf 82' lang='lat' dir='ltr'>feliciter</span> <span class='ocrx_word' id='word_1_185' title='bbox 1759 2217 1879 2302; x_wconf 86' lang='lat' dir='ltr'>guber-</span> 
     </span>
     <span class='ocr_line' id='line_1_18' title="bbox 252 2319 1880 2406; baseline -0.001 -22"><span class='ocrx_word' id='word_1_186' title='bbox 252 2341 348 2396; x_wconf 91' lang='lat' dir='ltr'>nare;</span> <span class='ocrx_word' id='word_1_187' title='bbox 372 2341 436 2406; x_wconf 93' lang='lat' dir='ltr'>quo</span> <span class='ocrx_word' id='word_1_188' title='bbox 458 2321 576 2385; x_wconf 87' lang='lat' dir='ltr'>divinis</span> <span class='ocrx_word' id='word_1_189' title='bbox 600 2322 730 2384; x_wconf 91' lang='lat' dir='ltr'>monitis</span> <span class='ocrx_word' id='word_1_190' title='bbox 753 2329 922 2406; x_wconf 88' lang='lat' dir='ltr'>parentes,</span> <span class='ocrx_word' id='word_1_191' title='bbox 946 2319 1202 2386; x_wconf 88' lang='lat' dir='ltr'>adversitatibus</span> <span class='ocrx_word' id='word_1_192' title='bbox 1234 2322 1385 2386; x_wconf 90' lang='lat' dir='ltr'>omnibus</span> <span class='ocrx_word' id='word_1_193' title='bbox 1410 2331 1582 2403; x_wconf 88' lang='lat' dir='ltr'>carentes,</span> <span class='ocrx_word' id='word_1_194' title='bbox 1613 2323 1707 2386; x_wconf 84' lang='lat' dir='ltr'>bonis</span> <span class='ocrx_word' id='word_1_195' title='bbox 1730 2321 1880 2384; x_wconf 91' lang='lat' dir='ltr'>omnibus</span> 
     </span>
     <span class='ocr_line' id='line_1_19' title="bbox 254 2424 1881 2512; baseline -0.002 -23"><span class='ocrx_word' id='word_1_196' title='bbox 254 2425 490 2505; x_wconf 79' lang='lat' dir='ltr'>exuberantes,</span> <span class='ocrx_word' id='word_1_197' title='bbox 524 2433 579 2488; x_wconf 93' lang='lat' dir='ltr'>tuo</span> <span class='ocrx_word' id='word_1_198' title='bbox 611 2425 792 2489; x_wconf 89' lang='lat' dir='ltr'>ministerio</span> <span class='ocrx_word' id='word_1_199' title='bbox 820 2424 907 2489; x_wconf 90' lang='lat' dir='ltr'>lideli</span> <span class='ocrx_word' id='word_1_200' title='bbox 941 2446 1050 2488; x_wconf 90' lang='lat' dir='ltr'>amore</span> <span class='ocrx_word' id='word_1_201' title='bbox 1079 2424 1299 2510; x_wconf 89' lang='lat' dir='ltr'>obsequentes</span> <span class='ocrx_word' id='word_1_202' title='bbox 1330 2432 1362 2490; x_wconf 88' lang='lat' dir='ltr'>ct</span> <span class='ocrx_word' id='word_1_203' title='bbox 1390 2427 1422 2489; x_wconf 92' lang='lat' dir='ltr'>in</span> <span class='ocrx_word' id='word_1_204' title='bbox 1453 2427 1619 2512; x_wconf 89' lang='lat' dir='ltr'>praesenti</span> <span class='ocrx_word' id='word_1_205' title='bbox 1651 2426 1761 2489; x_wconf 89' lang='lat' dir='ltr'>seculo</span> <span class='ocrx_word' id='word_1_206' title='bbox 1792 2424 1881 2509; x_wconf 89' lang='lat' dir='ltr'>pacis</span> 
     </span>
     <span class='ocr_line' id='line_1_20' title="bbox 254 2517 1882 2615; baseline 0 -23"><span class='ocrx_word' id='word_1_207' title='bbox 254 2528 490 2613; x_wconf 87' lang='lat' dir='ltr'>tranquillitate</span> <span class='ocrx_word' id='word_1_208' title='bbox 512 2530 662 2593; x_wconf 82' lang='lat' dir='ltr'>fruantur</span> <span class='ocrx_word' id='word_1_209' title='bbox 686 2535 720 2592; x_wconf 87' lang='lat' dir='ltr'>et</span> <span class='ocrx_word' id='word_1_210' title='bbox 743 2537 850 2592; x_wconf 91' lang='lat' dir='ltr'>tecum</span> <span class='ocrx_word' id='word_1_211' title='bbox 868 2535 1073 2592; x_wconf 91' lang='lat' dir='ltr'>aeternorum</span> <span class='ocrx_word' id='word_1_212' title='bbox 1091 2517 1208 2593; x_wconf 84' lang='lat' dir='ltr'>civium</span> <span class='ocrx_word' id='word_1_213' title='bbox 1226 2530 1390 2593; x_wconf 89' lang='lat' dir='ltr'>consortio</span> <span class='ocrx_word' id='word_1_214' title='bbox 1407 2531 1503 2615; x_wconf 91' lang='lat' dir='ltr'>potiri</span> <span class='ocrx_word' id='word_1_215' title='bbox 1521 2537 1717 2594; x_wconf 80' lang='lat' dir='ltr'>mereantur..</span> <span class='ocrx_word' id='word_1_216' title='bbox 1764 2529 1882 2592; x_wconf 78' lang='lat' dir='ltr'>Amen.</span> 
     </span>
     <span class='ocr_line' id='line_1_21' title="bbox 212 2631 826 2718; baseline -0.005 -21"><span class='ocrx_word' id='word_1_217' title='bbox 212 2659 238 2698; x_wconf 82' lang='lat' dir='ltr'>ro</span> <span class='ocrx_word' id='word_1_218' title='bbox 258 2631 353 2704; x_wconf 87' lang='lat' dir='ltr'>Quod</span> <span class='ocrx_word' id='word_1_219' title='bbox 376 2634 447 2718; x_wconf 87' lang='lat' dir='ltr'>ipsc</span> <span class='ocrx_word' id='word_1_220' title='bbox 471 2640 639 2718; x_wconf 84' lang='lat' dir='ltr'>praestare</span> <span class='ocrx_word' id='word_1_221' title='bbox 664 2632 826 2717; x_wconf 87' lang='lat' dir='ltr'>dignetur.</span> 
     </span>
    </p>
   </div>
   <div class='ocr_carea' id='block_1_4' title="bbox 400 2856 1738 3047">
    <p class='ocr_par' dir='ltr' id='par_1_4' title="bbox 400 2856 1738 3047">
     <span class='ocr_line' id='line_1_22' title="bbox 400 2856 1738 2943; baseline -0.001 -23"><span class='ocrx_word' id='word_1_222' title='bbox 400 2856 458 2920; x_wconf 84' lang='lat' dir='ltr'>Ad</span> <span class='ocrx_word' id='word_1_223' title='bbox 482 2858 559 2921; x_wconf 89' lang='lat' dir='ltr'>ista</span> <span class='ocrx_word' id='word_1_224' title='bbox 582 2857 720 2921; x_wconf 87' lang='lat' dir='ltr'>verba:</span> <span class='ocrx_word' id='word_1_225' title='bbox 750 2857 937 2921; x_wconf 74' lang='lat' dir='ltr'>‘Coronat</span> <span class='ocrx_word' id='word_1_226' title='bbox 960 2863 999 2921; x_wconf 90' lang='lat' dir='ltr'>to</span> <span class='ocrx_word' id='word_1_227' title='bbox 1025 2856 1228 2921; x_wconf 85' lang='lat' dir='ltr'>Dominus&#39;</span> <span class='ocrx_word' id='word_1_228' title='bbox 1252 2860 1452 2922; x_wconf 89' lang='lat' dir='ltr'>miserunt</span> <span class='ocrx_word' id='word_1_229' title='bbox 1474 2857 1535 2921; x_wconf 93' lang='lat' dir='ltr'>illi</span> <span class='ocrx_word' id='word_1_230' title='bbox 1559 2858 1738 2943; x_wconf 85' lang='lat' dir='ltr'>episcopi</span> 
     </span>
     <span class='ocr_line' id='line_1_23' title="bbox 860 2964 1276 3047; baseline 0.005 -22"><span class='ocrx_word' id='word_1_231' title='bbox 860 2983 1047 3026; x_wconf 89' lang='lat' dir='ltr'>coronam</span> <span class='ocrx_word' id='word_1_232' title='bbox 1074 2964 1276 3047; x_wconf 88' lang='lat' dir='ltr'>incapite.</span> 
     </span>
    </p>
   </div>
   <div class='ocr_carea' id='block_1_5' title="bbox 213 3079 1882 3376">
    <p class='ocr_par' dir='ltr' id='par_1_5' title="bbox 213 3079 1882 3376">
     <span class='ocr_line' id='line_1_24' title="bbox 366 3079 1881 3169; baseline -0.003 -23"><span class='ocrx_word' id='word_1_233' title='bbox 366 3081 509 3146; x_wconf 84' lang='lat' dir='ltr'>Coronat</span> <span class='ocrx_word' id='word_1_234' title='bbox 532 3089 564 3147; x_wconf 92' lang='lat' dir='ltr'>te</span> <span class='ocrx_word' id='word_1_235' title='bbox 588 3082 749 3146; x_wconf 88' lang='lat' dir='ltr'>Dominus</span> <span class='ocrx_word' id='word_1_236' title='bbox 773 3104 893 3147; x_wconf 91' lang='lat' dir='ltr'>corona</span> <span class='ocrx_word' id='word_1_237' title='bbox 923 3084 1045 3169; x_wconf 85' lang='lat' dir='ltr'>gloriae</span> <span class='ocrx_word' id='word_1_238' title='bbox 1070 3091 1167 3168; x_wconf 90' lang='lat' dir='ltr'>atque</span> <span class='ocrx_word' id='word_1_239' title='bbox 1192 3083 1355 3161; x_wconf 89' lang='lat' dir='ltr'>iustitiae,</span> <span class='ocrx_word' id='word_1_240' title='bbox 1388 3089 1425 3146; x_wconf 89' lang='lat' dir='ltr'>ut</span> <span class='ocrx_word' id='word_1_241' title='bbox 1447 3103 1518 3146; x_wconf 89' lang='lat' dir='ltr'>curu</span> <span class='ocrx_word' id='word_1_242' title='bbox 1543 3082 1607 3146; x_wconf 89' lang='lat' dir='ltr'>lide</span> <span class='ocrx_word' id='word_1_243' title='bbox 1629 3088 1720 3146; x_wconf 90' lang='lat' dir='ltr'>reeta</span> <span class='ocrx_word' id='word_1_244' title='bbox 1743 3087 1777 3144; x_wconf 89' lang='lat' dir='ltr'>et</span> <span class='ocrx_word' id='word_1_245' title='bbox 1799 3079 1881 3142; x_wconf 93' lang='lat' dir='ltr'>mul-</span> 
     </span>
     <span class='ocr_line' id='line_1_25' title="bbox 258 3183 1882 3273; baseline -0.003 -23"><span class='ocrx_word' id='word_1_246' title='bbox 258 3187 361 3272; x_wconf 91' lang='lat' dir='ltr'>tiplici</span> <span class='ocrx_word' id='word_1_247' title='bbox 385 3186 543 3250; x_wconf 92' lang='lat' dir='ltr'>bonorum</span> <span class='ocrx_word' id='word_1_248' title='bbox 568 3207 701 3272; x_wconf 89' lang='lat' dir='ltr'>operum</span> <span class='ocrx_word' id='word_1_249' title='bbox 725 3187 833 3251; x_wconf 81' lang='lat' dir='ltr'>fructu</span> <span class='ocrx_word' id='word_1_250' title='bbox 856 3187 897 3251; x_wconf 90' lang='lat' dir='ltr'>ad</span> <span class='ocrx_word' id='word_1_251' title='bbox 922 3208 1073 3252; x_wconf 89' lang='lat' dir='ltr'>eoronam</span> <span class='ocrx_word' id='word_1_252' title='bbox 1097 3188 1272 3273; x_wconf 88' lang='lat' dir='ltr'>pervenias</span> <span class='ocrx_word' id='word_1_253' title='bbox 1302 3187 1398 3272; x_wconf 86' lang='lat' dir='ltr'>regni</span> <span class='ocrx_word' id='word_1_254' title='bbox 1430 3185 1580 3272; x_wconf 89' lang='lat' dir='ltr'>perpetui</span> <span class='ocrx_word' id='word_1_255' title='bbox 1611 3186 1681 3272; x_wconf 90' lang='lat' dir='ltr'>ipso</span> <span class='ocrx_word' id='word_1_256' title='bbox 1711 3183 1882 3268; x_wconf 83' lang='lat' dir='ltr'>largiente,</span> 
     </span>
     <span class='ocr_line' id='line_1_26' title="bbox 213 3290 1242 3376; baseline -0.001 -22"><span class='ocrx_word' id='word_1_257' title='bbox 213 3319 239 3360; x_wconf 73' lang='lat' dir='ltr'>a</span> <span class='ocrx_word' id='word_1_258' title='bbox 258 3291 350 3354; x_wconf 90' lang='lat' dir='ltr'>ouius</span> <span class='ocrx_word' id='word_1_259' title='bbox 374 3297 426 3354; x_wconf 88' lang='lat' dir='ltr'>est</span> <span class='ocrx_word' id='word_1_260' title='bbox 448 3311 585 3375; x_wconf 86' lang='lat' dir='ltr'>regnum</span> <span class='ocrx_word' id='word_1_261' title='bbox 608 3296 642 3354; x_wconf 89' lang='lat' dir='ltr'>et</span> <span class='ocrx_word' id='word_1_262' title='bbox 663 3291 835 3376; x_wconf 92' lang='lat' dir='ltr'>imperium</span> <span class='ocrx_word' id='word_1_263' title='bbox 859 3292 891 3354; x_wconf 91' lang='lat' dir='ltr'>in</span> <span class='ocrx_word' id='word_1_264' title='bbox 915 3292 1026 3355; x_wconf 84' lang='lat' dir='ltr'>secula</span> <span class='ocrx_word' id='word_1_265' title='bbox 1049 3290 1242 3356; x_wconf 89' lang='lat' dir='ltr'>seculorum.</span> 
     </span>
    </p>
   </div>
   <div class='ocr_carea' id='block_1_6' title="bbox 353 3510 1798 3704">
    <p class='ocr_par' dir='ltr' id='par_1_6' title="bbox 353 3510 1798 3704">
     <span class='ocr_line' id='line_1_27' title="bbox 353 3510 1798 3596; baseline -0.006 -17"><span class='ocrx_word' id='word_1_266' title='bbox 353 3515 408 3579; x_wconf 82' lang='lat' dir='ltr'>Ad</span> <span class='ocrx_word' id='word_1_267' title='bbox 433 3517 507 3580; x_wconf 88' lang='lat' dir='ltr'>ista</span> <span class='ocrx_word' id='word_1_268' title='bbox 531 3516 664 3579; x_wconf 88' lang='lat' dir='ltr'>verba:</span> <span class='ocrx_word' id='word_1_269' title='bbox 695 3513 781 3579; x_wconf 82' lang='lat' dir='ltr'>‘Det</span> <span class='ocrx_word' id='word_1_270' title='bbox 804 3516 879 3582; x_wconf 91' lang='lat' dir='ltr'>tibi</span> <span class='ocrx_word' id='word_1_271' title='bbox 904 3515 1096 3580; x_wconf 92' lang='lat' dir='ltr'>Dominus</span> <span class='ocrx_word' id='word_1_272' title='bbox 1120 3513 1232 3580; x_wconf 74' lang='lat' dir='ltr'>vellc&#39;</span> <span class='ocrx_word' id='word_1_273' title='bbox 1257 3514 1458 3578; x_wconf 87' lang='lat' dir='ltr'>dederunt</span> <span class='ocrx_word' id='word_1_274' title='bbox 1482 3513 1544 3576; x_wconf 96' lang='lat' dir='ltr'>illi</span> <span class='ocrx_word' id='word_1_275' title='bbox 1568 3510 1736 3596; x_wconf 87' lang='lat' dir='ltr'>palmam</span> <span class='ocrx_word' id='word_1_276' title='bbox 1761 3514 1798 3573; x_wconf 91' lang='lat' dir='ltr'>et</span> 
     </span>
     <span class='ocr_line' id='line_1_28' title="bbox 963 3626 1182 3704; baseline 0 -22"><span class='ocrx_word' id='word_1_277' title='bbox 963 3626 1182 3704; x_wconf 88' lang='lat' dir='ltr'>sceptrum.</span> 
     </span>
    </p>
   </div>
   <div class='ocr_carea' id='block_1_7' title="bbox 217 3734 1883 4037">
    <p class='ocr_par' dir='ltr' id='par_1_7' title="bbox 217 3734 1883 4037">
     <span class='ocr_line' id='line_1_29' title="bbox 367 3734 1883 3826; baseline -0.007 -21"><span class='ocrx_word' id='word_1_278' title='bbox 367 3741 433 3806; x_wconf 94' lang='lat' dir='ltr'>Det</span> <span class='ocrx_word' id='word_1_279' title='bbox 456 3740 513 3805; x_wconf 94' lang='lat' dir='ltr'>tibi</span> <span class='ocrx_word' id='word_1_280' title='bbox 536 3741 697 3805; x_wconf 87' lang='lat' dir='ltr'>Dominus</span> <span class='ocrx_word' id='word_1_281' title='bbox 722 3741 806 3805; x_wconf 89' lang='lat' dir='ltr'>velle</span> <span class='ocrx_word' id='word_1_282' title='bbox 830 3747 864 3804; x_wconf 93' lang='lat' dir='ltr'>et</span> <span class='ocrx_word' id='word_1_283' title='bbox 888 3762 1001 3825; x_wconf 89' lang='lat' dir='ltr'>posse,</span> <span class='ocrx_word' id='word_1_284' title='bbox 1033 3762 1117 3825; x_wconf 91' lang='lat' dir='ltr'>quae</span> <span class='ocrx_word' id='word_1_285' title='bbox 1141 3741 1315 3826; x_wconf 83' lang='lat' dir='ltr'>praecipit,</span> <span class='ocrx_word' id='word_1_286' title='bbox 1347 3744 1384 3803; x_wconf 89' lang='lat' dir='ltr'>ut</span> <span class='ocrx_word' id='word_1_287' title='bbox 1413 3738 1446 3800; x_wconf 90' lang='lat' dir='ltr'>in</span> <span class='ocrx_word' id='word_1_288' title='bbox 1469 3737 1562 3821; x_wconf 85' lang='lat' dir='ltr'>regni</span> <span class='ocrx_word' id='word_1_289' title='bbox 1586 3734 1743 3819; x_wconf 81' lang='lat' dir='ltr'>regimine</span> <span class='ocrx_word' id='word_1_290' title='bbox 1767 3754 1883 3797; x_wconf 89' lang='lat' dir='ltr'>secun-</span> 
     </span>
     <span class='ocr_line' id='line_1_30' title="bbox 260 3839 1883 3930; baseline -0.004 -23"><span class='ocrx_word' id='word_1_291' title='bbox 260 3843 338 3908; x_wconf 92' lang='lat' dir='ltr'>dum</span> <span class='ocrx_word' id='word_1_292' title='bbox 361 3844 562 3908; x_wconf 87' lang='lat' dir='ltr'>voluntatem</span> <span class='ocrx_word' id='word_1_293' title='bbox 587 3867 678 3909; x_wconf 89' lang='lat' dir='ltr'>suam</span> <span class='ocrx_word' id='word_1_294' title='bbox 703 3845 879 3929; x_wconf 87' lang='lat' dir='ltr'>proficiens</span> <span class='ocrx_word' id='word_1_295' title='bbox 904 3865 977 3908; x_wconf 90' lang='lat' dir='ltr'>cum</span> <span class='ocrx_word' id='word_1_296' title='bbox 1001 3845 1109 3930; x_wconf 90' lang='lat' dir='ltr'>palma</span> <span class='ocrx_word' id='word_1_297' title='bbox 1133 3843 1376 3929; x_wconf 85' lang='lat' dir='ltr'>perseverantis</span> <span class='ocrx_word' id='word_1_298' title='bbox 1402 3842 1555 3905; x_wconf 86' lang='lat' dir='ltr'>victoriae</span> <span class='ocrx_word' id='word_1_299' title='bbox 1579 3839 1619 3903; x_wconf 90' lang='lat' dir='ltr'>ad</span> <span class='ocrx_word' id='word_1_300' title='bbox 1645 3839 1785 3926; x_wconf 89' lang='lat' dir='ltr'>palmam</span> <span class='ocrx_word' id='word_1_301' title='bbox 1810 3860 1883 3923; x_wconf 92' lang='lat' dir='ltr'>per-</span> 
     </span>
     <span class='ocr_line' id='line_1_31' title="bbox 217 3944 1629 4037; baseline -0.001 -27"><span class='ocrx_word' id='word_1_302' title='bbox 217 3998 243 4037; x_wconf 69' lang='lat'>,0</span> <span class='ocrx_word' id='word_1_303' title='bbox 261 3948 373 4012; x_wconf 89' lang='lat' dir='ltr'>venias</span> <span class='ocrx_word' id='word_1_304' title='bbox 396 3947 520 4030; x_wconf 87' lang='lat' dir='ltr'>gloriae</span> <span class='ocrx_word' id='word_1_305' title='bbox 545 3949 776 4033; x_wconf 82' lang='lat' dir='ltr'>sempiternae,</span> <span class='ocrx_word' id='word_1_306' title='bbox 799 3948 907 4032; x_wconf 80' lang='lat' dir='ltr'>gratia</span> <span class='ocrx_word' id='word_1_307' title='bbox 930 3947 1053 4012; x_wconf 90' lang='lat' dir='ltr'>domini</span> <span class='ocrx_word' id='word_1_308' title='bbox 1068 3949 1180 4013; x_wconf 51' lang='lat' dir='ltr'>¹nostri</span> <span class='ocrx_word' id='word_1_309' title='bbox 1203 3947 1278 4012; x_wconf 89' lang='lat' dir='ltr'>Iesu</span> <span class='ocrx_word' id='word_1_310' title='bbox 1303 3946 1438 4020; x_wconf 79' lang='lat' dir='ltr'>Christi,</span> <span class='ocrx_word' id='word_1_311' title='bbox 1461 3946 1515 4030; x_wconf 93' lang='lat' dir='ltr'>qui</span> <span class='ocrx_word' id='word_1_312' title='bbox 1539 3944 1629 4009; x_wconf 93' lang='lat' dir='ltr'>vivit.</span> 
     </span>
    </p>
   </div>
   <div class='ocr_carea' id='block_1_8' title="bbox 218 4132 1888 4740">
    <p class='ocr_par' dir='ltr' id='par_1_8' title="bbox 218 4132 1888 4740">
     <span class='ocr_line' id='line_1_32' title="bbox 368 4132 1886 4224; baseline -0.005 -24"><span class='ocrx_word' id='word_1_313' title='bbox 368 4135 582 4201; x_wconf 88' lang='lat' dir='ltr'>Orationes</span> <span class='ocrx_word' id='word_1_314' title='bbox 606 4137 643 4200; x_wconf 92' lang='lat' dir='ltr'>in</span> <span class='ocrx_word' id='word_1_315' title='bbox 666 4138 797 4202; x_wconf 88' lang='lat' dir='ltr'>missa:</span> <span class='ocrx_word' id='word_1_316' title='bbox 834 4138 885 4202; x_wconf 91' lang='lat' dir='ltr'>Da</span> <span class='ocrx_word' id='word_1_317' title='bbox 909 4137 1016 4218; x_wconf 89' lang='lat' dir='ltr'>nobis,</span> <span class='ocrx_word' id='word_1_318' title='bbox 1040 4138 1246 4224; x_wconf 90' lang='lat' dir='ltr'>omnipotens</span> <span class='ocrx_word' id='word_1_319' title='bbox 1269 4137 1372 4216; x_wconf 87' lang='lat' dir='ltr'>Deus,</span> <span class='ocrx_word' id='word_1_320' title='bbox 1396 4141 1432 4200; x_wconf 91' lang='lat' dir='ltr'>ut</span> <span class='ocrx_word' id='word_1_321' title='bbox 1456 4136 1545 4200; x_wconf 86' lang='lat' dir='ltr'>beati</span> <span class='ocrx_word' id='word_1_322' title='bbox 1561 4133 1715 4218; x_wconf 82' lang='lat' dir='ltr'>Gorgonii</span> <span class='ocrx_word' id='word_1_323' title='bbox 1734 4132 1886 4216; x_wconf 83' lang='lat' dir='ltr'>martyris</span> 
     </span>
     <span class='ocr_line' id='line_1_33' title="bbox 260 4235 1825 4326; baseline -0.004 -22"><span class='ocrx_word' id='word_1_324' title='bbox 260 4239 307 4304; x_wconf 92' lang='lat' dir='ltr'>tui</span> <span class='ocrx_word' id='word_1_325' title='bbox 325 4239 514 4304; x_wconf 88' lang='lat' dir='ltr'>veneranda</span> <span class='ocrx_word' id='word_1_326' title='bbox 536 4241 728 4306; x_wconf 87' lang='lat' dir='ltr'>solemnitas</span> <span class='ocrx_word' id='word_1_327' title='bbox 751 4249 785 4306; x_wconf 91' lang='lat' dir='ltr'>et</span> <span class='ocrx_word' id='word_1_328' title='bbox 807 4242 1014 4307; x_wconf 91' lang='lat' dir='ltr'>devotionem</span> <span class='ocrx_word' id='word_1_329' title='bbox 1037 4240 1132 4305; x_wconf 89' lang='lat' dir='ltr'>nobis</span> <span class='ocrx_word' id='word_1_330' title='bbox 1155 4247 1275 4326; x_wconf 82' lang='lat' dir='ltr'>augeat</span> <span class='ocrx_word' id='word_1_331' title='bbox 1298 4247 1332 4306; x_wconf 89' lang='lat' dir='ltr'>et</span> <span class='ocrx_word' id='word_1_332' title='bbox 1354 4241 1505 4307; x_wconf 88' lang='lat' dir='ltr'>salutem.</span> <span class='ocrx_word' id='word_1_333' title='bbox 1551 4238 1616 4302; x_wconf 91' lang='lat' dir='ltr'>Per</span> <span class='ocrx_word' id='word_1_334' title='bbox 1639 4235 1825 4300; x_wconf 92' lang='lat' dir='ltr'>Dominum.</span> 
     </span>
     <span class='ocr_line' id='line_1_34' title="bbox 369 4337 1886 4430; baseline -0.005 -24"><span class='ocrx_word' id='word_1_335' title='bbox 369 4341 594 4420; x_wconf 84' lang='lat' dir='ltr'>Quaesumus,</span> <span class='ocrx_word' id='word_1_336' title='bbox 618 4345 838 4430; x_wconf 88' lang='lat' dir='ltr'>omnipotens,</span> <span class='ocrx_word' id='word_1_337' title='bbox 867 4352 903 4409; x_wconf 90' lang='lat' dir='ltr'>ut</span> <span class='ocrx_word' id='word_1_338' title='bbox 929 4344 1071 4408; x_wconf 87' lang='lat' dir='ltr'>famulus</span> <span class='ocrx_word' id='word_1_339' title='bbox 1096 4351 1188 4420; x_wconf 89' lang='lat' dir='ltr'>tuus,</span> <span class='ocrx_word' id='word_1_340' title='bbox 1219 4343 1274 4428; x_wconf 93' lang='lat' dir='ltr'>qui</span> <span class='ocrx_word' id='word_1_341' title='bbox 1305 4351 1362 4408; x_wconf 90' lang='lat' dir='ltr'>tua</span> <span class='ocrx_word' id='word_1_342' title='bbox 1394 4342 1604 4408; x_wconf 88' lang='lat' dir='ltr'>miseratione</span> <span class='ocrx_word' id='word_1_343' title='bbox 1627 4339 1770 4423; x_wconf 86' lang='lat' dir='ltr'>suscepit</span> <span class='ocrx_word' id='word_1_344' title='bbox 1793 4337 1886 4422; x_wconf 86' lang='lat' dir='ltr'>regni</span> 
     </span>
     <span class='ocr_line' id='line_1_35' title="bbox 262 4445 1888 4533; baseline -0.006 -23"><span class='ocrx_word' id='word_1_345' title='bbox 262 4447 495 4531; x_wconf 82' lang='lat' dir='ltr'>gubernacula,</span> <span class='ocrx_word' id='word_1_346' title='bbox 518 4469 538 4511; x_wconf 97' lang='lat' dir='ltr'>a</span> <span class='ocrx_word' id='word_1_347' title='bbox 560 4454 594 4512; x_wconf 91' lang='lat' dir='ltr'>te</span> <span class='ocrx_word' id='word_1_348' title='bbox 625 4449 779 4512; x_wconf 90' lang='lat' dir='ltr'>virtutum</span> <span class='ocrx_word' id='word_1_349' title='bbox 804 4450 900 4530; x_wconf 86' lang='lat' dir='ltr'>etiam</span> <span class='ocrx_word' id='word_1_350' title='bbox 925 4448 1087 4533; x_wconf 88' lang='lat' dir='ltr'>pereipiat</span> <span class='ocrx_word' id='word_1_351' title='bbox 1110 4448 1327 4524; x_wconf 87' lang='lat' dir='ltr'>incrementa,</span> <span class='ocrx_word' id='word_1_352' title='bbox 1361 4448 1478 4532; x_wconf 89' lang='lat' dir='ltr'>quibus</span> <span class='ocrx_word' id='word_1_353' title='bbox 1509 4445 1665 4509; x_wconf 89' lang='lat' dir='ltr'>decenter</span> <span class='ocrx_word' id='word_1_354' title='bbox 1697 4447 1830 4505; x_wconf 87' lang='lat' dir='ltr'>ornatus</span> <span class='ocrx_word' id='word_1_355' title='bbox 1855 4446 1888 4504; x_wconf 90' lang='lat' dir='ltr'>et</span> 
     </span>
     <span class='ocr_line' id='line_1_36' title="bbox 218 4542 1885 4635; baseline -0.008 -17"><span class='ocrx_word' id='word_1_356' title='bbox 218 4577 243 4618; x_wconf 82' lang='lat' dir='ltr'>a</span> <span class='ocrx_word' id='word_1_357' title='bbox 262 4551 413 4614; x_wconf 89' lang='lat' dir='ltr'>vitiorum</span> <span class='ocrx_word' id='word_1_358' title='bbox 437 4558 582 4615; x_wconf 88' lang='lat' dir='ltr'>monstra</span> <span class='ocrx_word' id='word_1_359' title='bbox 604 4553 707 4615; x_wconf 91' lang='lat' dir='ltr'>vitare</span> <span class='ocrx_word' id='word_1_360' title='bbox 730 4559 763 4614; x_wconf 91' lang='lat' dir='ltr'>et</span> <span class='ocrx_word' id='word_1_361' title='bbox 785 4550 827 4616; x_wconf 95' lang='lat' dir='ltr'>ad</span> <span class='ocrx_word' id='word_1_362' title='bbox 851 4558 897 4629; x_wconf 89' lang='lat' dir='ltr'>te,</span> <span class='ocrx_word' id='word_1_363' title='bbox 926 4551 981 4635; x_wconf 91' lang='lat' dir='ltr'>qui</span> <span class='ocrx_word' id='word_1_364' title='bbox 1005 4542 1099 4629; x_wconf 78' lang='lat' dir='ltr'>‘via²,</span> <span class='ocrx_word' id='word_1_365' title='bbox 1123 4552 1244 4614; x_wconf 89' lang='lat' dir='ltr'>veritas</span> <span class='ocrx_word' id='word_1_366' title='bbox 1268 4557 1301 4613; x_wconf 89' lang='lat' dir='ltr'>et</span> <span class='ocrx_word' id='word_1_367' title='bbox 1323 4551 1390 4612; x_wconf 88' lang='lat' dir='ltr'>vita</span> <span class='ocrx_word' id='word_1_368' title='bbox 1413 4547 1470 4628; x_wconf 87' lang='lat' dir='ltr'>es’,</span> <span class='ocrx_word' id='word_1_369' title='bbox 1494 4547 1657 4632; x_wconf 84' lang='lat' dir='ltr'>gratiosus</span> <span class='ocrx_word' id='word_1_370' title='bbox 1682 4544 1790 4609; x_wconf 90' lang='lat' dir='ltr'>valeat</span> <span class='ocrx_word' id='word_1_371' title='bbox 1812 4563 1885 4628; x_wconf 91' lang='lat' dir='ltr'>per-</span> 
     </span>
     <span class='ocr_line' id='line_1_37' title="bbox 262 4653 975 4740; baseline 0.001 -24"><span class='ocrx_word' id='word_1_372' title='bbox 262 4654 385 4730; x_wconf 83' lang='lat' dir='ltr'>venire,</span> <span class='ocrx_word' id='word_1_373' title='bbox 409 4655 464 4739; x_wconf 94' lang='lat' dir='ltr'>qui</span> <span class='ocrx_word' id='word_1_374' title='bbox 488 4655 572 4718; x_wconf 90' lang='lat' dir='ltr'>vivis</span> <span class='ocrx_word' id='word_1_375' title='bbox 596 4662 630 4718; x_wconf 90' lang='lat' dir='ltr'>et</span> <span class='ocrx_word' id='word_1_376' title='bbox 653 4677 772 4740; x_wconf 85' lang='lat' dir='ltr'>regnas</span> <span class='ocrx_word' id='word_1_377' title='bbox 796 4675 869 4718; x_wconf 89' lang='lat' dir='ltr'>curn</span> <span class='ocrx_word' id='word_1_378' title='bbox 893 4653 975 4718; x_wconf 93' lang='lat' dir='ltr'>Deo.</span> 
     </span>
    </p>
   </div>
   <div class='ocr_carea' id='block_1_9' title="bbox 219 4769 1888 5275">
    <p class='ocr_par' dir='ltr' id='par_1_9' title="bbox 219 4769 1888 5275">
     <span class='ocr_line' id='line_1_38' title="bbox 370 4769 1888 4860; baseline -0.005 -22"><span class='ocrx_word' id='word_1_379' title='bbox 370 4774 499 4860; x_wconf 87' lang='lat' dir='ltr'>Super</span> <span class='ocrx_word' id='word_1_380' title='bbox 520 4775 662 4839; x_wconf 91' lang='lat' dir='ltr'>oblata.</span> <span class='ocrx_word' id='word_1_381' title='bbox 716 4775 874 4860; x_wconf 90' lang='lat' dir='ltr'>Respice,</span> <span class='ocrx_word' id='word_1_382' title='bbox 906 4774 1069 4852; x_wconf 91' lang='lat' dir='ltr'>Domine,</span> <span class='ocrx_word' id='word_1_383' title='bbox 1103 4795 1239 4838; x_wconf 89' lang='lat' dir='ltr'>munera</span> <span class='ocrx_word' id='word_1_384' title='bbox 1271 4772 1383 4859; x_wconf 93' lang='lat' dir='ltr'>populi</span> <span class='ocrx_word' id='word_1_385' title='bbox 1416 4771 1462 4834; x_wconf 95' lang='lat' dir='ltr'>tui</span> <span class='ocrx_word' id='word_1_386' title='bbox 1494 4775 1679 4833; x_wconf 89' lang='lat' dir='ltr'>sanctorum</span> <span class='ocrx_word' id='word_1_387' title='bbox 1708 4769 1888 4832; x_wconf 83' lang='lat' dir='ltr'>festivitate</span> 
     </span>
     <span class='ocr_line' id='line_1_39' title="bbox 263 4867 1767 4964; baseline -0.005 -23"><span class='ocrx_word' id='word_1_388' title='bbox 263 4867 380 4955; x_wconf 83' lang='lat' dir='ltr'>votiva,</span> <span class='ocrx_word' id='word_1_389' title='bbox 405 4885 438 4941; x_wconf 89' lang='lat' dir='ltr'>et</span> <span class='ocrx_word' id='word_1_390' title='bbox 462 4885 537 4942; x_wconf 93' lang='lat' dir='ltr'>tuae</span> <span class='ocrx_word' id='word_1_391' title='bbox 563 4879 748 4943; x_wconf 86' lang='lat' dir='ltr'>testificatio</span> <span class='ocrx_word' id='word_1_392' title='bbox 771 4879 917 4943; x_wconf 89' lang='lat' dir='ltr'>veritatis</span> <span class='ocrx_word' id='word_1_393' title='bbox 942 4879 1034 4942; x_wconf 93' lang='lat' dir='ltr'>nobis</span> <span class='ocrx_word' id='word_1_394' title='bbox 1059 4877 1208 4964; x_wconf 87' lang='lat' dir='ltr'>proficiat</span> <span class='ocrx_word' id='word_1_395' title='bbox 1230 4876 1272 4940; x_wconf 90' lang='lat' dir='ltr'>ad</span> <span class='ocrx_word' id='word_1_396' title='bbox 1296 4876 1445 4940; x_wconf 87' lang='lat' dir='ltr'>salutem.</span> <span class='ocrx_word' id='word_1_397' title='bbox 1492 4873 1558 4937; x_wconf 88' lang='lat' dir='ltr'>Per</span> <span class='ocrx_word' id='word_1_398' title='bbox 1581 4872 1767 4936; x_wconf 90' lang='lat' dir='ltr'>Dominum.</span> 
     </span>
     <span class='ocr_line' id='line_1_40' title="bbox 371 4977 1888 5066; baseline -0.005 -21"><span class='ocrx_word' id='word_1_399' title='bbox 371 4981 519 5058; x_wconf 86' lang='lat' dir='ltr'>Munera,</span> <span class='ocrx_word' id='word_1_400' title='bbox 544 5003 752 5066; x_wconf 87' lang='lat' dir='ltr'>quaesumus,</span> <span class='ocrx_word' id='word_1_401' title='bbox 777 4981 925 5054; x_wconf 87' lang='lat' dir='ltr'>Domine,</span> <span class='ocrx_word' id='word_1_402' title='bbox 949 4982 1061 5046; x_wconf 90' lang='lat' dir='ltr'>oblata</span> <span class='ocrx_word' id='word_1_403' title='bbox 1086 4981 1265 5055; x_wconf 88' lang='lat' dir='ltr'>sanctifica,</span> <span class='ocrx_word' id='word_1_404' title='bbox 1289 4986 1325 5042; x_wconf 91' lang='lat' dir='ltr'>ut</span> <span class='ocrx_word' id='word_1_405' title='bbox 1349 4985 1382 5043; x_wconf 89' lang='lat' dir='ltr'>et</span> <span class='ocrx_word' id='word_1_406' title='bbox 1404 4979 1497 5042; x_wconf 92' lang='lat' dir='ltr'>nobis</span> <span class='ocrx_word' id='word_1_407' title='bbox 1514 4977 1675 5061; x_wconf 85' lang='lat' dir='ltr'>unigeniti</span> <span class='ocrx_word' id='word_1_408' title='bbox 1699 4977 1746 5038; x_wconf 88' lang='lat' dir='ltr'>tui</span> <span class='ocrx_word' id='word_1_409' title='bbox 1771 4996 1888 5060; x_wconf 89' lang='lat' dir='ltr'>eorpus</span> 
     </span>
     <span class='ocr_line' id='line_1_41' title="bbox 219 5079 1888 5171; baseline -0.009 -17"><span class='ocrx_word' id='word_1_410' title='bbox 219 5114 246 5154; x_wconf 78' lang='lat' dir='ltr'>so</span> <span class='ocrx_word' id='word_1_411' title='bbox 264 5092 298 5149; x_wconf 88' lang='lat' dir='ltr'>et</span> <span class='ocrx_word' id='word_1_412' title='bbox 321 5087 454 5170; x_wconf 82' lang='lat' dir='ltr'>sanguis</span> <span class='ocrx_word' id='word_1_413' title='bbox 477 5087 557 5150; x_wconf 87' lang='lat' dir='ltr'>fiant</span> <span class='ocrx_word' id='word_1_414' title='bbox 585 5094 618 5151; x_wconf 89' lang='lat' dir='ltr'>et</span> <span class='ocrx_word' id='word_1_415' title='bbox 640 5085 763 5150; x_wconf 91' lang='lat' dir='ltr'>Karolo</span> <span class='ocrx_word' id='word_1_416' title='bbox 788 5087 858 5171; x_wconf 85' lang='lat' dir='ltr'>regi</span> <span class='ocrx_word' id='word_1_417' title='bbox 888 5093 999 5150; x_wconf 90' lang='lat' dir='ltr'>nostro</span> <span class='ocrx_word' id='word_1_418' title='bbox 1032 5085 1073 5149; x_wconf 89' lang='lat' dir='ltr'>ad</span> <span class='ocrx_word' id='word_1_419' title='bbox 1104 5083 1313 5148; x_wconf 93' lang='lat' dir='ltr'>obtinendam</span> <span class='ocrx_word' id='word_1_420' title='bbox 1348 5082 1476 5145; x_wconf 87' lang='lat' dir='ltr'>animae</span> <span class='ocrx_word' id='word_1_421' title='bbox 1508 5079 1716 5165; x_wconf 86' lang='lat' dir='ltr'>corporisque</span> <span class='ocrx_word' id='word_1_422' title='bbox 1750 5079 1888 5142; x_wconf 91' lang='lat' dir='ltr'>salutem</span> 
     </span>
     <span class='ocr_line' id='line_1_42' title="bbox 264 5187 1229 5275; baseline -0.002 -23"><span class='ocrx_word' id='word_1_423' title='bbox 264 5195 297 5254; x_wconf 93' lang='lat' dir='ltr'>te</span> <span class='ocrx_word' id='word_1_424' title='bbox 321 5189 481 5274; x_wconf 80' lang='lat' dir='ltr'>largiente</span> <span class='ocrx_word' id='word_1_425' title='bbox 505 5210 742 5275; x_wconf 89' lang='lat' dir='ltr'>usquequaque</span> <span class='ocrx_word' id='word_1_426' title='bbox 765 5191 944 5275; x_wconf 87' lang='lat' dir='ltr'>proficiant.</span> <span class='ocrx_word' id='word_1_427' title='bbox 989 5189 1055 5254; x_wconf 89' lang='lat' dir='ltr'>Per</span> <span class='ocrx_word' id='word_1_428' title='bbox 1079 5187 1229 5253; x_wconf 90' lang='lat' dir='ltr'>eundem.</span> 
     </span>
    </p>
   </div>
   <div class='ocr_carea' id='block_1_10' title="bbox 265 5303 1890 5478">
    <p class='ocr_par' dir='ltr' id='par_1_10' title="bbox 265 5303 1890 5478">
     <span class='ocr_line' id='line_1_43' title="bbox 372 5303 1890 5386; baseline -0.008 -12"><span class='ocrx_word' id='word_1_429' title='bbox 372 5309 466 5374; x_wconf 90' lang='lat' dir='ltr'>Post</span> <span class='ocrx_word' id='word_1_430' title='bbox 490 5310 817 5374; x_wconf 91' lang='lat' dir='ltr'>communionem.</span> <span class='ocrx_word' id='word_1_431' title='bbox 868 5310 1154 5374; x_wconf 76' lang='lat' dir='ltr'>sacramentorum</span> <span class='ocrx_word' id='word_1_432' title='bbox 1184 5314 1329 5382; x_wconf 90' lang='lat' dir='ltr'>tuorum,</span> <span class='ocrx_word' id='word_1_433' title='bbox 1360 5304 1517 5370; x_wconf 84' lang='lat' dir='ltr'>Domine.</span> <span class='ocrx_word' id='word_1_434' title='bbox 1548 5303 1731 5366; x_wconf 89' lang='lat' dir='ltr'>communio</span> <span class='ocrx_word' id='word_1_435' title='bbox 1761 5307 1890 5386; x_wconf 87' lang='lat' dir='ltr'>sumpta</span> 
     </span>
     <span class='ocr_line' id='line_1_44' title="bbox 265 5409 1458 5478; baseline -0.008 0"><span class='ocrx_word' id='word_1_436' title='bbox 265 5435 325 5478; x_wconf 89' lang='lat' dir='ltr'>nos</span> <span class='ocrx_word' id='word_1_437' title='bbox 350 5417 511 5478; x_wconf 84' lang='lat' dir='ltr'>salvetat</span> <span class='ocrx_word' id='word_1_438' title='bbox 534 5415 567 5478; x_wconf 93' lang='lat' dir='ltr'>in</span> <span class='ocrx_word' id='word_1_439' title='bbox 591 5420 667 5477; x_wconf 90' lang='lat' dir='ltr'>tuae</span> <span class='ocrx_word' id='word_1_440' title='bbox 692 5413 838 5477; x_wconf 90' lang='lat' dir='ltr'>veritatis</span> <span class='ocrx_word' id='word_1_441' title='bbox 864 5413 938 5476; x_wconf 87' lang='lat' dir='ltr'>luce</span> <span class='ocrx_word' id='word_1_442' title='bbox 962 5412 1139 5475; x_wconf 85' lang='lat' dir='ltr'>confirmet.</span> <span class='ocrx_word' id='word_1_443' title='bbox 1187 5410 1250 5474; x_wconf 89' lang='lat' dir='ltr'>Per</span> <span class='ocrx_word' id='word_1_444' title='bbox 1273 5409 1458 5472; x_wconf 91' lang='lat' dir='ltr'>Dominum.</span> 
     </span>
    </p>
   </div>
   <div class='ocr_carea' id='block_1_11' title="bbox 373 5616 1206 5686">
    <p class='ocr_par' dir='ltr' id='par_1_11' title="bbox 373 5616 1206 5686">
     <span class='ocr_line' id='line_1_45' title="bbox 373 5616 1206 5686; baseline -0.004 -13"><span class='ocrx_word' id='word_1_445' title='bbox 373 5622 396 5686; x_wconf 84' lang='grc' dir='ltr'>ι)</span> <span class='ocrx_word' id='word_1_446' title='bbox 416 5619 473 5686; x_wconf 75' lang='lat' dir='ltr'>cfr.</span> <span class='ocrx_word' id='word_1_447' title='bbox 492 5621 628 5686; x_wconf 69' lang='lat' dir='ltr'>amnne,</span> <span class='ocrx_word' id='word_1_448' title='bbox 648 5619 711 5674; x_wconf 84' lang='lat' dir='ltr'>ae.</span> <span class='ocrx_word' id='word_1_449' title='bbox 724 5619 764 5686; x_wconf 72' lang='lat' dir='ltr'>rr</span> <span class='ocrx_word' id='word_1_450' title='bbox 779 5636 808 5686; x_wconf 72' lang='lat' dir='ltr'>p.</span> <span class='ocrx_word' id='word_1_451' title='bbox 823 5619 915 5686; x_wconf 59' lang='lat' dir='ltr'>rom.</span> <span class='ocrx_word' id='word_1_452' title='bbox 1004 5619 1032 5682; x_wconf 81' lang='lat' dir='ltr'>a)</span> <span class='ocrx_word' id='word_1_453' title='bbox 1052 5616 1108 5670; x_wconf 77' lang='lat' dir='ltr'>rot.</span> <span class='ocrx_word' id='word_1_454' title='bbox 1129 5617 1170 5682; x_wconf 81' lang='lat'>14,</span> <span class='ocrx_word' id='word_1_455' title='bbox 1180 5619 1206 5670; x_wconf 89' lang='lat' dir='ltr'>e.</span> 
     </span>
    </p>
   </div>
   <div class='ocr_carea' id='block_1_12' title="bbox 368 5800 634 5838">
    <p class='ocr_par' dir='ltr' id='par_1_12' title="bbox 368 5800 634 5838">
     <span class='ocr_line' id='line_1_46' title="bbox 368 5800 634 5838; baseline -0.004 0"><span class='ocrx_word' id='word_1_456' title='bbox 368 5801 404 5838; x_wconf 76' lang='lat' dir='ltr'>bb.</span> <span class='ocrx_word' id='word_1_457' title='bbox 424 5800 592 5838; x_wconf 70' lang='lat' dir='ltr'>carnutium</span> <span class='ocrx_word' id='word_1_458' title='bbox 609 5801 634 5838; x_wconf 86' lang='grc' dir='ltr'>ΙΙ.</span> 
     </span>
    </p>
   </div>
   <div class='ocr_carea' id='block_1_13' title="bbox 0 0 2305 6420">
    <p class='ocr_par' dir='ltr' id='par_1_13' title="bbox 0 0 2305 6420">
     <span class='ocr_line' id='line_1_47' title="bbox 0 0 2305 6420; baseline 0 0"><span class='ocrx_word' id='word_1_459' title='bbox 0 0 2305 6420; x_wconf 95' lang='lat' dir='ltr'> </span> 
     </span>
    </p>
   </div>
  </div>
 </body>
</html>
