4568 6434
435 427 493 490 180
548 423 815 478 auulvauuuvs
833 423 883 478 AD
900 422 1148 478 capitulatam
1167 422 1297 478 REGUM
1314 422 1498 478 vnaaclaa
1516 423 1744 479 ORIIINTALIS.
1763 455 1796 464 —
1815 425 1863 480 Nr.
1876 427 1935 481 246.

358 603 417 657 811.
436 618 533 683 peres
558 604 591 662 et
605 597 790 683 indigentes
814 618 924 662 secum
948 596 988 662 ad
1005 619 1151 663 mensam
1175 599 1298 662 habere
1322 604 1355 662 ct
1377 599 1549 662 lectionem
1574 598 1716 664 diuinam
1741 599 1863 664 ibidem
1886 599 1998 665 audire
2023 605 2056 664 et

431 723 558 766 sumere
592 702 697 766 cibum
730 723 802 766 oum
834 701 1082 766 benedictione³
1116 708 1149 766 et
1178 701 1275 767 laude
1299 702 1431 766 Domini
1463 701 1642 766 secundum
1671 703 1854 788 apostolum
1877 702 2053 767 dicentem:

430 797 558 870 ‘Sive66
581 804 804 870 manducatis¹
826 806 895 870 sive
917 805 1039 884 bibitis,
1063 806 1172 869 omnia
1194 807 1227 869 in
1249 805 1403 869 laudem⁸
1425 805 1489 870 Dei
1513 804 1634 873 facite’.

539 908 604 974 14¹¹.
628 908 703 973 De¹
726 914 820 972 voto
835 907 1129 972 monachorum.
1174 907 1292 972 Nullus
1308 909 1542 973 monachorum
1559 910 1678 995 aliquid
1695 910 1902 996 proprietatis
1921 909 2052 989 habeat,

429 1017 463 1075 et
487 1033 540 1075 res
565 1011 743 1090 seculares,
767 1012 886 1096 quibus
909 1012 1117 1090 renuntiavit,
1141 1011 1329 1076 nullatenus
1354 1010 1438 1075 sibi¹1
1460 1018 1606 1096 usurpet,
1631 1013 1709 1078 nec¹
1735 1012 1922 1097 parrochias
1947 1013 2053 1076 eccle·
2083 1031 2095 1069 ι

429 1115 550 1178 siarum
574 1116 752 1198 accipere²¹¹
774 1120 942 1199 presumat
964 1117 1033 1180 sine
1057 1135 1220 1178 consensu
1237 1114 1394 1200 episcopi.
1439 1114 1490 1179 De
1514 1117 1594 1202 ipsis
1618 1126 1719 1180 vero¹1
1743 1117 1855 1192 titulis,
1881 1117 2054 1200 inquibus

428 1210 594 1281 constituti
617 1218 753 1296 fuerint,
781 1219 941 1282 rationem
966 1218 1120 1302 episcopo
1144 1218 1195 1281 vel
1219 1219 1289 1281 eius
1313 1218 1434 1281 vicario
1459 1217 1613 1299 reddant,
1642 1228 1675 1283 et
1698 1220 1866 1283 convocati
1891 1218 1932 1282 ad
1956 1240 2051 1304 syuo-

428 1319 504 1384 dum
528 1321 671 1387 veniant.

539 1427 603 1490 15⁰.
647 1424 704 1488 De
729 1425 892 1488 clericis
917 1444 1061 1488 comam
1087 1424 1370 1488 nutrientibus.
1416 1423 1454 1486 In
1479 1423 1620 1489 decretis
1643 1424 1794 1510 Gregorii
1816 1446 1921 1512 papae
1950 1427 2051 1512 scrip-

427 1532 585 1590 tumeat:
618 1527 665 1591 ‘Si
674 1521 702 1566 ⁶⁷
719 1529 791 1612 quis
814 1550 856 1592 ex
881 1528 1009 1592 clericis
1031 1527 1195 1591 laxaverit
1217 1548 1354 1606 comam,
1377 1527 1553 1592 anathema
1576 1527 1659 1592 sitP'.
1695 1529 1790 1594 Unde
1815 1531 1993 1610 sancimus,
2016 1536 2053 1594 ut
2071 1549 2097 1588 ro

428 1629 638 1694 huiusmodiq
662 1637 876 1695 coerceantur
899 1630 939 1694 ad
964 1629 1136 1716 pristinum
1160 1635 1281 1693 statum
1304 1633 1435 1694 reverti.

537 1741 596 1801 16¹.
643 1735 700 1799 De
726 1736 806 1798 vita
830 1734 1211 1799 sanctimonialium.
1266 1733 1461 1813 Abbatissa,
1492 1755 1575 1818 quae
1605 1736 1639 1798 in
1662 1735 1793 1801 civitate
1818 1737 2050 1801 monasterium

427 1838 536 1918 habet,
559 1860 765 1924 nequaquam
789 1838 830 1902 de
853 1837 1048 1901 monasterio
1071 1836 1274 1921 egrediatur,
1303 1839 1365 1901 nisi
1396 1859 1455 1924 per
1478 1839 1643 1902 licentiam
1668 1841 1812 1926 episcopi
1844 1843 1893 1904 sui
1917 1849 1973 1905 aut
1995 1843 2050 1926 qui

428 1943 498 2006 eius
523 1943 627 2007 vicem
652 1943 789 2020 obtinet,
814 1942 876 2005 nisi
900 1941 982 2004 forte
1005 1941 1110 2024 regali
1133 1940 1278 2004 iussione
1302 1946 1447 2024 cogatur.
1492 1941 1586 2005 Etsi
1610 1941 1739 2025 quando
1763 1943 1851 2008 foras
1867 1945 1985 2029 pergit,
2010 1945 2050 2009 de

427 2047 744 2125 sanctimonialibus,
769 2055 868 2130 quas·
892 2064 1003 2108 secum
1027 2043 1126 2124 ducit,
1151 2065 1260 2107 curam
1277 2052 1310 2107 et
1326 2045 1526 2128 vigilantiam
1543 2046 1689 2125 habeat‘,
1713 2047 1861 2112 utnulla
1885 2049 1932 2112 eis
1956 2048 2051 2113 detur
2070 2066 2094 2104 ιι

425 2151 582 2236 peccandi
604 2152 740 2216 licentia
764 2151 832 2214 sive
857 2149 997 2214 occasio.
1045 2147 1108 2212 Sed
1133 2155 1166 2212 et
1190 2169 1263 2212 cum
1287 2149 1410 2233 pergit,
1438 2151 1470 2211 iu
1493 2150 1690 2214 monasterio
1713 2151 1812 2214 talem
1840 2151 1872 2214 in
1897 2153 1967 2215 vice
1991 2172 2050 2216 sua

425 2255 624 2318 constituere
654 2255 772 2332 debet,
804 2275 888 2338 quae
918 2252 959 2317 de
989 2252 1285 2316 sanctimonialium
1309 2252 1478 2317 animabus
1503 2274 1614 2316 curam
1645 2259 1678 2317 et
1701 2254 1921 2338 vigilantiam‘
1946 2261 2049 2338 gerat.

424 2355 558 2421 Habeat
582 2358 703 2422 etiam¹¹
726 2357 895 2421 abbatissa
919 2355 1060 2421 studium
1084 2359 1116 2420 in
1141 2356 1343 2421 aedificando
1367 2379 1422 2435 ea,
1446 2378 1529 2441 quae
1553 2356 1594 2421 ad
1618 2357 1911 2421 sanctimonialium
1935 2379 2048 2421 neces-

425 2460 556 2523 sitatem
580 2459 761 2544 pertinent,
792 2464 826 2522 et
854 2459 887 2522 in
911 2458 1135 2524 restaurando.
1183 2458 1453 2523 sanctimoniales
1476 2480 1552 2523 vero
1575 2461 1608 2523 in
1632 2461 1829 2524 monasterio
1854 2461 2049 2524 constitutae

425 2561 570 2626 habeant
593 2562 734 2627 studium
756 2563 789 2626 in
804 2561 946 2646 legendo
969 2568 1002 2625 et
1022 2560 1244 2640 incantando,
1269 2563 1301 2625 in
1318 2563 1529 2647 psallmorum
1547 2563 1788 2627 caelebratione
1806 2564 1874 2628 sive
1891 2565 2047 2630 oratione.
2067 2577 2093 2619 ιο

423 2663 467 2728 Et
490 2665 588 2729 horas
612 2666 798 2744 canonicas,
822 2665 1015 2729 matutinam
1040 2664 1212 2744 videlieet,
1235 2665 1388 2749 primam,
1412 2665 1558 2745 tertiam,
1584 2672 1730 2746 sextam,
1754 2686 1888 2746 nonam,
1910 2688 2046 2752 vesper·

426 2769 560 2846 tinam',
584 2770 832 2855 completorium
856 2769 981 2853 pariter
1003 2768 1190 2842 celebrent3
1214 2775 1247 2831 et
1271 2788 1395 2847 omnes,
1419 2774 1560 2852 excepta
1582 2789 1679 2853 quarn
1698 2769 1868 2833 infirmitas
1892 2775 1992 2844 tenet,
2014 2769 2048 2832 in

423 2871 611 2937 dormitorio
636 2873 808 2952 dormiant,
833 2878 866 2936 et
889 2872 1038 2936 omnibus
1062 2872 1178 2936 diebus
1202 2871 1243 2935 ad
1267 2871 1485 2935 conlationem
1509 2872 1650 2935 veniant.
1696 2870 1740 2935 Et
1762 2872 1819 2936 ιιι1ι
1843 2879 1955 2937 cetera
1978 2893 2046 2936 ser·

422 2979 509 3054 vent,
532 2996 616 3059 quae
639 2977 673 3039 iu
696 2976 847 3060 regulis*
870 2976 1165 3039 sanctimonialium
1190 2975 1412 3052 continentur,
1437 2982 1470 3038 et
1493 2995 1577 3059 quae
1601 2996 1621 3038 a
1645 2975 1765 3038 sanctis
1790 2975 1937 3061 patribus
1960 2975 2048 3038 illis¹

425 3079 603 3144 constituta
625 3086 710 3145 sunt.
2063 3103 2088 3143 as

533 3185 601 3248 171.
651 3182 706 3247 De
730 3183 990 3268 pauperibus*
1013 3203 1087 3246 non
1110 3181 1384 3269 opprimendis.
1438 3180 1608 3246 Monemus
1639 3182 1762 3266 regiam
1789 3182 1945 3265 pietatem
1976 3173 2047 3245 de⁶⁸

420 3287 602 3356 oppressione
625 3304 781 3356 pauperum
803 3286 967 3353 liberorum,
997 3289 1030 3340 ut
1056 3304 1113 3341 non
1140 3303 1158 3340 a
1189 3285 1397 3355 potentioribus
1425 3303 1476 3354 per
1506 3285 1622 3354 aliquod
1648 3285 1754 3338 malum
1782 3285 1927 3355 ingenium
1949 3288 2048 3340 contra

420 3371 560 3428 iustitiam
575 3373 820 3443 opprimantur
836 3364 887 3427 vel
894 3355 923 3402 ⁶9
939 3369 1125 3448 cogantur¹,
1148 3363 1200 3426 utb
1222 3390 1267 3427 res
1292 3389 1356 3426 suas
1371 3371 1496 3426 vendant
1514 3372 1573 3426 sive
1593 3353 1751 3455 cacantis),
1774 3388 1810 3425 ne
1826 3372 1899 3426 forte
1914 3375 2047 3440 parantes

420 3476 517 3514 eorum
540 3459 801 3514 contraiusti1iam
823 3460 893 3512 fiant
915 3459 1059 3514 exeredati
1082 3463 1111 3513 et
1132 3459 1228 3529 regale
1252 3458 1417 3527 obsequium
1440 3459 1583 3513 minuatur
1605 3461 1635 3512 et
1657 3458 1712 3527 ipsi
1726 3442 1749 3487 ‘¹
1781 3462 1898 3527 propter
1920 3457 2046 3528 indigen-

420 3545 490 3599 tiam
519 3546 659 3601 mendici⁰
688 3546 734 3600 vel
761 3546 885 3600 latrones
913 3562 961 3600 seu
991 3545 1187 3600 malefactores
1210 3544 1377 3600 efficiantur.
1426 3543 1464 3599 Et
1493 3547 1526 3598 ut
1553 3543 1646 3614 sepius
1674 3561 1731 3599 non
1753 3545 1824 3598 fiant
1846 3534 1987 3598 manniti‘¹
2009 3545 2046 3598 ad
2064 3559 2091 3599 ao

419 3631 527 3702 placita
549 3633 604 3686 nisi
627 3632 700 3687 sicut
722 3631 752 3686 in
775 3622 937 3686 dominico
961 3631 1111 3702 capitulari
1134 3623 1210 3686 olim
1232 3622 1318 3686 facto
1341 3629 1567 3700 praecipitur.

530 3727 592 3791 18⁰.
637 3726 695 3790 De
733 3726 851 3790 rebus
889 3746 1103 3812 pauperum
1142 3747 1211 3812 per
1248 3727 1388 3789 malam
1426 3726 1682 3789 occasionem
1727 3745 1800 3787 non
1841 3722 2045 3790 emendis‘.

418 3811 570 3900 Propter⁷2
593 3830 768 3900 provisiones
790 3846 960 3900 pauperum,
983 3848 1126 3900 quorum
1149 3847 1245 3884 curam
1265 3829 1370 3884 habere
1385 3829 1527 3894 debemus,
1550 3829 1658 3898 placuit
1679 3828 1770 3894 nobis,
1794 3831 1827 3882 ιιι
1845 3846 1897 3882 nec
1919 3828 2046 3898 episcopi

417 3933 470 3970 nec
492 3916 610 3970 abbates
632 3933 684 3971 nec
707 3916 824 3972 comites
846 3933 899 3971 nec
921 3917 1020 3971 vicarii
1042 3933 1094 3972 nec
1116 3916 1222 3971 iudices
1245 3916 1395 3984 nullusque
1419 3915 1533 3969 omnino
1562 3915 1613 3969 sub
1635 3916 1710 3968 mala
1732 3913 1878 3969 occasione
1902 3915 1947 3968 vel
1969 3915 2044 3969 malo

417 4001 532 4072 ingenio
564 4020 608 4057 res
638 4019 794 4072 pauperum
822 4003 868 4057 vel
895 4003 987 4057 minus
1010 4005 1159 4073 potentum
1182 4018 1275 4056 emere
1297 4006 1348 4056 aut
1371 4002 1419 4055 vi⁸
1441 4001 1541 4056 tollere
1564 4001 1674 4055 audeat.
1719 4000 1773 4054 Sed
1795 4000 1922 4070 quisquis
1945 4017 1979 4055 ex
2003 4001 2043 4055 eis
2062 4014 2087 4055 aa

417 4087 525 4156 aliquid
548 4105 702 4158 conparare
726 4088 860 4156 voluerIt,
889 4089 919 4143 in
948 4089 1061 4159 publico
1084 4087 1190 4159 placito
1213 4104 1308 4144 coram
1329 4087 1438 4143 idoneis
1460 4088 1581 4143 testibus
1605 4090 1719 4142 etcum
1741 4087 1851 4141 ratione
1873 4086 1926 4141 hoc
1948 4086 2043 4140 faciat.

417 4172 592 4244 Ubicumque
615 4165 734 4230 sautemh
756 4175 840 4230 aliter
855 4176 1002 4230 inventum
1025 4176 1112 4231 fuerit
1132 4176 1247 4240 factum,
1270 4175 1324 4229 hoc
1344 4174 1458 4228 omnino
1482 4164 1648 4228 emendari
1669 4190 1720 4242 per
1742 4165 1866 4248 regiam
1891 4164 2043 4227 convenit

416 4259 581 4316 iussionem.

526 4353 589 4419 19¹.
633 4354 690 4418 De
721 4354 798 4434 his,
836 4354 903 4438 qui
935 4353 983 4417 ad
1014 4352 1330 4417 subvertendam
1362 4352 1577 4418 iustitiam¹¹
1611 4372 1773 4416 munera
1807 4349 2041 4435 acciptuntt

416 4454 479 4529 Qui
503 4478 580 4521 vero
605 4457 647 4521 ad
671 4457 923 4522 subvertendam
942 4457 1099 4522 iustitiam
1123 4479 1143 4521 a
1164 4456 1292 4522 duobus
1313 4477 1449 4520 munera
1464 4456 1639 4542 accipiunt,
1662 4455 1725 4520 boc
1750 4460 1800 4518 est
1823 4453 1864 4517 ab
1889 4474 1945 4530 eo,
1974 4454 2040 4537 qui,
2059 4483 2085 4520 ro

518 4611 544 4678 a)
562 4615 706 4666 benedictio
725 4614 749 4666 1.
854 4613 874 4678 1)
893 4615 929 4665 ito
947 4613 971 4666 1.
989 4622 1012 4664 ct
1031 4613 1114 4678 Bibl.,·
1131 4613 1291 4666 manducetis
1309 4613 1363 4664 sive
1381 4612 1476 4664 bibatis
1493 4607 1569 4662 2-6.
1670 4609 1697 4676 g')
1716 4611 1792 4661 laude
1811 4609 1833 4660 1.
1942 4608 1972 4673 h)
1990 4611 2041 4660 XII

415 4717 481 4752 corr.
501 4701 577 4751 XIIII
597 4700 620 4753 l.
724 4701 742 4766 i)
760 4703 831 4752 XIII.
850 4702 955 4768 Proprie
973 4700 1004 4751 de
1022 4701 1077 4752 vita
1094 4700 1278 4751 monachorum
1296 4700 1367 4750 rubr.
1385 4699 1413 4749 ia
1431 4697 1455 4748 2.
1468 4695 1501 4762 3,·
1526 4698 1596 4747 XIII.
1615 4697 1654 4746 De
1672 4697 1823 4746 clericorum
1840 4696 1894 4746 vita
1913 4697 1968 4747 sive
1988 4713 2040 4747 mo

414 4787 554 4838 nscborum
578 4788 651 4839 mbr.
673 4789 700 4837 ia
718 4785 742 4838 4.
762 4786 786 4840 5.
890 4784 1077 4851 1ι)οιιι.2.3.
1181 4785 1201 4852 1)
1224 4803 1272 4838 om.
1291 4783 1368 4838 2-5.
1471 4783 1508 4848 m)
1527 4801 1579 4835 non
1599 4783 1663 4834 aad.
1680 4780 1758 4833 2-3.
1854 4781 1881 4844 ιι)
1899 4799 1960 4834 vero
1977 4781 2039 4838 aa.

413 4872 440 4937 o)
456 4881 545 4939 postca
563 4873 625 4924 add.
645 4873 669 4924 1.
778 4875 805 4941 p)
825 4891 874 4925 aas.
892 4873 918 4925 4.
936 4871 961 4924 6.
1070 4873 1097 4938 q)
1115 4880 1257 4940 patratores
1273 4873 1314 4922 uel
1331 4871 1508 4922 malefactores
1525 4869 1695 4936 supplendum
1711 4867 1819 4919 videtur.
1933 4867 1957 4934 r)
1975 4869 2040 4918 XIII

413 4977 480 5010 corr.
499 4960 548 5010 XV
566 4977 633 5010 corr.
652 4960 712 5009 XVl
733 4959 755 5009 l.
854 4956 878 5025 a)
897 4958 933 5010 ira
952 4960 1064 5020 comeam
1089 4975 1157 5023 quaa
1174 4959 1248 5010 codd.
1345 4956 1367 5023 t)
1384 4957 1480 5009 habeat
1498 4973 1554 5022 om,
1573 4960 1602 5006 ut
1686 4954 1846 5021 vigilantiam
1864 4955 1892 5004 ia
1909 4971 1993 5020 marg.
2013 4953 2038 5005 4.
2057 4970 2083 5008 ⁴5

414 5044 442 5110 u)
460 5053 548 5097 autam
567 5044 591 5098 2.
604 5043 628 5098 3.
733 5044 761 5111 v)
780 5053 806 5096 et
824 5045 887 5097 add.
905 5042 931 5096 2.
944 5043 970 5097 3.
1058 5042 1093 5110 ιι)
1112 5045 1204 5112 regula
1220 5043 1244 5096 6.
1332 5042 1361 5110 x)
1379 5043 1433 5093 illic
1450 5039 1474 5093 6.
1562 5038 1590 5107 y)
1608 5041 1685 5091 XIIII
1703 5056 1769 5090 corr.
1787 5040 1836 5089 XV
1853 5056 1921 5091 corr.
1940 5041 2001 5090 XVI
2014 5039 2038 5092 1.

413 5132 437 5198 a)
455 5134 542 5184 liberis
560 5134 622 5184 add.
640 5130 664 5184 2.
679 5131 704 5185 3.
837 5129 864 5198 a)
882 5133 1030 5199 cogitantur
1047 5149 1114 5184 corr.
1133 5138 1260 5200 cogantur
1279 5129 1303 5181 l.
1434 5127 1463 5196 b)
1482 5136 1507 5179 et
1524 5127 1586 5179 add.
1604 5124 1629 5178 2.
1642 5124 1667 5176 3.
1799 5125 1824 5190 c)
1843 5126 1943 5176 emendi
1961 5122 2039 5176 2-5.

412 5217 439 5284 d)
457 5220 566 5270 manniti
584 5236 710 5285 superans.
723 5219 749 5282 b,
767 5219 852 5270 littera
871 5235 897 5268 m
914 5235 967 5269 uon
987 5219 1070 5270 deleto
1087 5217 1111 5270 3.
1189 5215 1215 5283 e)
1233 5217 1282 5267 XV
1300 5233 1367 5267 corr.
1385 5216 1460 5266 XVII
1477 5232 1544 5265 cors.
1563 5214 1651 5264 XVIII
1670 5211 1692 5262 l.
1772 5211 1793 5277 1)
1811 5220 1857 5263 aut
1875 5213 1901 5262 vi
1919 5213 2039 5264 tollendis

411 5304 474 5356 cdd.
492 5303 517 5356 2.
535 5303 560 5356 3.
644 5303 783 5372 gloriati.
865 5301 895 5370 h)
913 5321 962 5356 om.
980 5301 1006 5358 2.
1020 5301 1044 5354 3.
1126 5302 1146 5371 1)
1164 5304 1225 5354 XVI
1244 5320 1311 5354 corr.
1329 5302 1418 5352 XVIII
1435 5317 1502 5352 corr.
1520 5300 1620 5350 XVIIII
1641 5297 1662 5350 1.
1743 5297 1772 5362 ιι)
1791 5298 1870 5350 iustiti
1887 5297 1915 5361 1;
1934 5299 1995 5350 iusti
2012 5296 2037 5348 5.

411 5389 430 5454 l)
450 5391 579 5457 accipiant
595 5387 673 5442 2-4.
2054 5398 2081 5438 5⁰

513 5526 557 5592 66)
577 5528 599 5579 1.
620 5524 735 5578 (loriatb
755 5527 797 5592 10,
810 5527 852 5581 31.
983 5526 1027 5593 67)
1046 5523 1146 5595 Syood.
1167 5523 1245 5578 Rom.
1264 5523 1322 5588 121,
1342 5537 1363 5574 c.
1378 5521 1418 5586 lI,
1437 5518 1533 5572 Massi
1552 5515 1760 5585 2111001264.
1873 5518 1918 5583 68)
1939 5519 2035 5586 Amce.

410 5629 506 5697 1,115‚
526 5633 586 5683 tom.
605 5628 631 5696 1,
646 5627 747 5696 12410.
852 5629 897 5694 69)
916 5627 958 5681 ita
977 5630 1010 5680 ut
1029 5625 1120 5681 coacti
1137 5642 1180 5680 res
1198 5626 1296 5691 Assae.
1392 5623 1436 5686 10)
1455 5621 1520 5675 Ideo
1539 5621 1607 5674 haec
1625 5623 1655 5673 et
1672 5635 1756 5688 supra
1775 5621 1804 5671 et
1822 5618 1867 5672 hle
1886 5619 1920 5672 de
1939 5617 2035 5673 liberis

409 5731 568 5786 hominibus
587 5730 709 5787 diximus
726 5729 788 5784 odd.
802 5731 898 5800 Amos.
986 5732 1031 5800 11)
1050 5729 1166 5784 heredes
1183 5727 1244 5783 odd.
1263 5728 1361 5796 Aosep.
1449 5725 1492 5792 72)
1513 5723 1589 5778 Ooac
1610 5723 1685 5792 Moy.
1703 5721 1763 5788 813,
1782 5737 1805 5776 c.
1818 5722 1842 5789 I,
1861 5722 1877 5774 l.
1890 5738 1911 5775 o.
1929 5723 1976 5777 col.
1989 5723 2033 5778 61.
