4560 6426
402 425 648 484 carrucatam
666 427 796 484 REGUM
814 429 998 486 FRANOIAE
1018 431 1281 492 OOCIDEN'I'ALIS
1300 435 1449 504 (KAROLI
1461 437 1508 506 11).
1526 457 1558 477 ’-
1579 437 1628 494 Νι.
1639 437 1698 494 210.
1799 441 1862 504 299

240 601 303 665 sibi
327 601 464 666 invicem
486 602 527 667 ad
551 625 688 690 reguum
712 605 841 670 illorum
865 607 1097 672 continendum
1120 618 1228 690 erunt,
1256 619 1290 676 et
1318 633 1379 678 nec
1411 613 1443 677 in
1458 613 1536 678 vita
1564 633 1625 678 nec
1648 613 1681 678 in
1704 613 1860 678 membris
1877 619 1938 674 860.

239 726 345 790 neque
370 706 403 769 in
427 727 529 792 regno
553 699 705 794 aliquis13
728 730 842 774 eorum
866 731 960 775 suum
984 733 1094 796 parem
1118 713 1395 782 forconsiliabit0’.

253 963 324 1048 (G.)
357 964 518 1031 Summa
542 968 831 1054 capitulorum,
854 989 952 1056 quae
976 972 1080 1059 apud
1105 972 1372 1039 Confluentes
1395 974 1505 1038 modo
1529 980 1739 1060 acceptata
1763 979 1854 1037 sunt

376 1091 396 1133 a
423 1070 653 1137 senioribus
676 1073 834 1137 nostris
858 1073 1026 1158 regibus
1050 1083 1088 1140 et
1110 1077 1268 1142 illorum
1293 1078 1510 1154 fidelibus,
1533 1077 1627 1142 haec
1652 1086 1728 1142 est:

210 1210 221 1248 e
349 1190 429 1276 Cap.
449 1196 476 1255 1.
512 1183 600 1255 De¹⁴
625 1192 752 1258 illorum
776 1194 949 1259 concordia
973 1202 1006 1260 et
1029 1195 1173 1263 fraterna
1196 1201 1423 1265 coniunctione
1446 1206 1547 1286 atquc
1564 1206 1676 1264 mutuo
1693 1198 1865 1278 adiutorio,

240 1295 325 1360 sicut
348 1295 381 1359 in
405 1296 647 1381 cognitamento
671 1297 798 1362 illorum
822 1300 1017 1367 continetur.

352 1403 379 1464 2.
415 1391 496 1463 Et¹⁵
519 1399 559 1465 de
583 1402 713 1466 illorum
738 1400 959 1488 indulgentia,
983 1405 1038 1489 qui
1062 1404 1095 1469 in
1119 1405 1181 1470 isto
1205 1427 1306 1491 regno
1331 1407 1571 1495 mispriserunt,
1596 1408 1622 1471 si
1647 1428 1682 1472 se
1706 1427 1864 1492 recogno·

240 1505 345 1569 verint
379 1513 412 1569 et
443 1503 598 1590 deinceps
630 1525 650 1569 a
678 1505 800 1570 talibus
823 1527 859 1571 se
882 1527 999 1572 cavere
1023 1508 1186 1574 voluerint
1210 1517 1243 1574 et
1266 1511 1298 1574 in
1322 1531 1423 1596 regno
1446 1510 1572 1596 pacifici
1596 1531 1670 1574 esse
1694 1511 1866 1589 voluerint,

247 1609 331 1673 sicut
353 1608 385 1672 in
410 1609 653 1694 cognitamento
678 1610 806 1674 illorum
830 1611 1026 1676 continetur.

199 1736 225 1777 ιο
352 1713 381 1777 3.
415 1703 504 1776 De¹⁶
528 1713 602 1797 lege
625 1721 659 1777 ct
682 1712 806 1778 iustitia
828 1715 978 1778 omnibus
1002 1715 1179 1800 unicuique
1203 1717 1235 1780 in
1259 1737 1318 1780 suo
1342 1723 1429 1781 statu
1453 1723 1486 1784 et
1502 1716 1615 1782 ordine
1632 1715 1867 1782 conservanda.

349 1821 380 1880 4.
416 1815 461 1880 Ut
473 1807 500 1852 ¹⁷
524 1837 544 1880 a
568 1816 689 1902 rapinis
712 1838 750 1882 ac
774 1817 1085 1904 depraedationibus
1109 1826 1207 1904 atque
1231 1840 1251 1883 a
1274 1821 1549 1886 coniurationibus
1566 1827 1600 1886 et
1615 1820 1867 1905 conspirationi·

241 1920 303 1984 bus
327 1926 361 1985 et
384 1919 598 1986 seditionibus
632 1930 708 1985 sta
738 1922 841 2008 raptis
869 1921 1063 1987 feminarum
1089 1944 1125 1987 se
1150 1944 1262 1988 omnes
1286 1931 1442 1998 caveant;
1474 1925 1584 2010 etqui
1608 1923 1765 2009 deinceps
1789 1923 1869 1987 talia

241 2025 509 2110 praesumpserit,
535 2024 620 2089 sicut
641 2025 673 2089 in
690 2027 933 2110 cognitamento
950 2026 1080 2090 illorum
1097 2028 1292 2107 continetur,
1317 2026 1497 2092 secuudum
1514 2029 1607 2113 leges
1624 2026 1866 2093 ecclesiasticas

243 2135 277 2192 et
299 2127 479 2192 mundanas
502 2134 535 2192 et
558 2129 735 2194 secuudum
759 2130 903 2214 capitula
926 2129 1216 2216 praedecessorum
1239 2152 1363 2216 regum,
1388 2131 1449 2195 hoc
1472 2131 1649 2196 emendare
1673 2135 1809 2216 cogetur
1833 2135 1869 2194 et

203 2260 226 2298 m
245 2232 277 2296 in
306 2232 541 2318 compositione
579 2239 612 2296 et
642 2232 674 2296 in
709 2225 935 2298 Ιιιιιιιιιιιιιιιι18
966 2242 1000 2297 et
1038 2233 1070 2296 in
1102 2233 1305 2320 poenitentia
1334 2235 1375 2300 ab
1406 2235 1563 2321 episcopo
1593 2234 1767 2321 parochiae
1799 2233 1870 2297 eius

244 2335 461 2422 suscipienda.

593 2509 669 2594 (D.)
702 2510 968 2575 Adnuntiatio
992 2518 1119 2576 autem
1143 2512 1302 2576 illorum
1325 2511 1425 2596 ista‘l
1448 2519 1522 2577 est:

358 2628 439 2716 Cap.
460 2634 486 2694 1.
522 2629 606 2703 Quia
616 2623 654 2710 19,
679 2629 856 2695 seeundum
880 2631 967 2716 quod
989 2633 1021 2696 in
1045 2631 1214 2718 praedicta
1236 2633 1389 2698 firmitate
1413 2633 1606 2706 continetur,
1632 2631 1786 2718 deinceps
1811 2633 1868 2697 ob-

246 2754 380 2800 servare
403 2734 516 2798 volunt
538 2741 572 2798 et
595 2734 736 2799 Domino
760 2733 936 2800 adiuvante
961 2735 1193 2801 observabunt.

204 2857 230 2896 ro
358 2840 388 2903 2.
421 2837 465 2902 Et
488 2859 552 2902 non
581 2839 708 2918 volunt,
739 2827 823 2902 ‘ut²⁰
845 2838 963 2925 aliquis
991 2841 1078 2905 inter
1108 2861 1164 2906 eos
1194 2842 1259 2906 alia
1288 2841 1398 2926 aliqua
1421 2840 1521 2906 verba
1547 2845 1669 2926 portet,
1701 2840 1761 2905 nisi
1787 2862 1871 2927 quae

246 2941 318 3006 Deo
343 2942 408 3006 sint
431 2941 551 3027 placita
575 2951 607 3008 et
631 2941 672 3006 ad
697 2963 900 3008 communem
925 2943 1063 3008 salutem
1095 2948 1128 3008 et
1159 2943 1315 3009 honorem
1345 2944 1410 3008 sint
1431 2943 1642 3030 pertinentia.
1693 2941 1737 3007 Et
1760 2946 1787 3008 si
1810 2946 1870 3009 ali-

248 3046 318 3132 quis
342 3045 438 3111 aliter
462 3049 733 3135 praesumpserit,
757 3048 788 3112 in
816 3046 958 3113 medium
981 3047 1175 3126 adducatur,
1200 3056 1234 3113 et
1256 3050 1366 3113 taliter
1391 3047 1466 3112 inde
1490 3047 1684 3132 castigetur,
1716 3056 1752 3112 ut
1775 3069 1872 3113 nemo

247 3150 329 3214 alius
354 3149 472 3214 similia
495 3171 594 3236 agere
618 3149 741 3217 tentst’.
1787 3147 1788 3150 ’

357 3253 386 3319 3.
422 3253 463 3318 Et
486 3255 608 3335 volunt,
633 3247 717 3320 ‘ut²0
740 3256 900 3321 ecclesiae
924 3263 957 3321 et
973 3278 1070 3322 casae
1086 3257 1150 3324 Dei
1173 3264 1225 3322 et³
1248 3256 1394 3343 episcopi
1418 3261 1451 3320 et
1467 3255 1549 3322 Deir
1572 3255 1730 3336 homines,
1753 3255 1872 3334 clerici,

204 3383 229 3423 cs
248 3356 398 3421 monachi
422 3365 457 3421 et
471 3378 600 3423 nonnae
616 3359 714 3423 talem
731 3358 989 3424 mundeburdem
1014 3367 1047 3424 et
1070 3361 1225 3426 honorem
1244 3359 1395 3438 babeant,
1420 3359 1503 3424 sicut
1519 3365 1664 3444 tempore
1681 3364 1869 3452 autecesso-

248 3482 318 3526 rum
342 3482 473 3525 suorum
497 3460 702 3527 habuerunt’.
1697 3545 1698 3548 Ἴ

358 3569 388 3631 4.
422 3563 465 3628 Et
489 3565 612 3644 volunt,
636 3557 720 3632 ‘ut²⁰
742 3567 858 3633 fideles
874 3569 1002 3634 illorum
1020 3570 1118 3634 talem
1135 3569 1243 3654 legem
1268 3575 1300 3634 et
1316 3567 1474 3632 iustitiam
1498 3573 1530 3630 ct
1553 3565 1617 3630 tale
1635 3565 1872 3631 salvamentum

247 3668 279 3733 in
308 3668 419 3752 regnis
443 3668 573 3733 illorum
601 3669 759 3752 habeant,
793 3672 878 3737 sicut
906 3683 1135 3738 antecessores
1164 3693 1276 3738 eorum
1307 3679 1453 3756 tempore
1477 3677 1721 3734 antecessorum
1745 3670 1873 3734 illorum

249 3771 443 3848 habuerunt,
467 3778 501 3836 et
524 3773 584 3858 ipsi
602 3795 699 3858 reges
721 3777 822 3840 talem
846 3776 999 3841 honorem
1023 3783 1058 3841 et
1080 3783 1203 3841 rectem
1226 3781 1424 3862 potestatem
1447 3772 1599 3853 habeant,
1623 3773 1708 3838 sicut
1731 3774 1873 3859 ipsorum

207 3909 233 3948 ιο
251 3879 478 3940 antecessores
502 3875 701 3951 habuerunt;
732 3885 765 3943 et
788 3879 912 3943 iustitia
943 3886 976 3943 et
1005 3879 1058 3943 lex
1090 3879 1241 3944 omnibus
1272 3885 1492 3944 conservetur.
1543 3876 1645 3942 Etsi
1674 3877 1791 3964 aliquis
1815 3876 1875 3941 hoc

250 3979 444 4065 perturbere
467 3981 618 4060 voluerit,
643 4003 663 4046 a
686 3981 775 4047 nullo
800 4003 913 4046 eornm
937 3983 1123 4070 recipiatur,
1148 3983 1211 4048 nisi
1235 3991 1271 4046 ut
1294 3989 1351 4047 aut
1373 3981 1413 4047 ad
1431 3989 1552 4047 rectam
1570 3983 1730 4046 rationem
1754 3979 1875 4046 autad

251 4083 478 4149 rationabilem
503 4084 726 4172 indulgentiae
750 4088 996 4152 concessionem
1020 4086 1220 4153 deducatur’.

360 4190 388 4252 5.
425 4177 500 4250 Et²¹
526 4195 563 4252 ut
586 4188 633 4253 illi
657 4189 819 4270 homines,
851 4191 905 4276 qui
937 4191 969 4254 in
998 4193 1059 4257 isto
1089 4213 1189 4276 regno
1220 4198 1332 4255 contra
1360 4190 1523 4254 seniorem
1547 4195 1695 4253 nostrum
1718 4186 1874 4252 domnum

253 4291 412 4357 Karolum
440 4292 687 4378 mispriserunt,
724 4296 750 4358 si
785 4317 820 4359 se
855 4297 1122 4380 recognoverint,
1156 4302 1289 4382 propter
1318 4293 1424 4358 Deum
1457 4297 1490 4357 et
1523 4298 1657 4379 propter
1689 4291 1800 4357 fratris
1824 4293 1876 4358 sui

209 4429 234 4468 ιι
253 4395 533 4482 deprecationem,
557 4396 709 4483 quicquid
736 4402 848 4462 contra
871 4419 946 4462 eum
970 4398 1207 4479 misfeceruntl,
1238 4399 1285 4463 eis
1309 4397 1379 4462 vult
1400 4395 1583 4480 indulgere,
1607 4401 1650 4476 et,
1675 4397 1760 4462 siout
1780 4415 1876 4482 prae·

251 4500 409 4586 scriptum
433 4506 495 4577 est,
517 4498 630 4565 alodes
654 4501 784 4566 illorum
808 4501 849 4567 de
867 4502 1049 4568 hereditate
1073 4511 1106 4567 et
1129 4502 1170 4568 de
1187 4501 1381 4587 conquisitu,
1407 4497 1493 4584 quod
1508 4505 1619 4564 tamen
1642 4498 1684 4564 de
1699 4497 1877 4564 donatione

252 4625 313 4668 sua
335 4624 401 4668 nou
423 4603 525 4679 venit,
555 4603 612 4668 sed
636 4612 669 4669 et
692 4605 763 4671 illos
787 4605 918 4684 alodes,
948 4628 1028 4692 quos
1061 4607 1101 4672 de
1130 4606 1308 4671 donatione
1331 4603 1441 4669 domni
1464 4603 1669 4689 imperatoris
1691 4602 1878 4667 Hludovioi

252 4708 448 4786 habuerunt,
473 4706 520 4772 eis
545 4707 702 4786 concedit,
728 4710 754 4773 si
778 4711 878 4774 talem
902 4710 1089 4776 firmitatem
1113 4711 1144 4774 ei
1166 4711 1315 4790 feceriut,
1338 4707 1423 4772 sicut
1446 4705 1679 4793 praediximus.

362 4813 392 4876 6.
427 4801 660 4876 ι8611996184
685 4812 808 4899 rapinis
839 4819 872 4878 et
902 4811 1210 4899 depraedationibus
1240 4819 1273 4878 et
1300 4812 1339 4877 de
1368 4810 1648 4878 coniurationibus
1682 4814 1715 4874 et
1738 4808 1778 4874 de
1802 4829 1878 4874 con-

210 4913 487 5000 aspirationibus
511 4920 545 4979 et
568 4913 608 4978 de
632 4915 734 5001 raptis
757 4913 960 4997 feminarum,
985 4922 1051 4981 tam
1075 4915 1244 4981 viduarum
1269 4937 1365 5002 quem
1390 4923 1423 4981 et
1439 4914 1622 5002 puellarum
1638 4919 1738 5000 atque
1754 4933 1879 4978 nonna-

357 5069 382 5135 e)
399 5069 521 5137 capitula
538 5069 631 5137 lingua
648 5071 858 5126 tbeodiscasacta
870 5081 1020 5140 repetuntur
1033 5073 1094 5125 aaa.
1107 5072 1131 5124 8.
1209 5073 1236 5136 d)
1255 5075 1291 5125 ita
1308 5071 1332 5126 3.
1402 5069 1427 5139 a)
1446 5081 1472 5124 et
1555 5073 1602 5124 Dei
1620 5088 1668 5122 οιιι.
1683 5069 1707 5124 1.
1777 5068 1803 5134 1)
1821 5070 1881 5121 mis-

256 5156 410 5209 laceranti.

301 5308 307 5318 ·
360 5293 403 5360 18)
421 5291 534 5348 illorum
559 5307 604 5347 eos
629 5291 824 5351 forconsiliabo
851 5297 881 5350 in
899 5297 964 5359 hoc,
989 5299 1021 5351 ut
1039 5296 1094 5366 ipsi
1113 5314 1180 5367 erga
1203 5313 1248 5351 me
1271 5295 1390 5351 similem
1413 5293 1622 5365 promissionem
1647 5293 1754 5348 iaciant
1771 5293 1801 5346 et
1818 5307 1882 5346 con-

256 5397 521 5464 sonantmale.
609 5398 652 5462 14)
676 5397 768 5467 obpro
785 5419 815 5470 p.
829 5403 891 5470 155,
919 5418 941 5456 c.
958 5403 1037 5455 1-6.
1142 5401 1185 5468 15)
1204 5399 1296 5469 Sapra
1314 5417 1344 5469 p.
1361 5399 1418 5466 156,
1443 5399 1502 5452 cl.
1609 5399 1652 5464 16)
1672 5395 1744 5450 Ibid.
1769 5395 1884 5450 c.9.10.

213 5517 238 5558 ιι
258 5501 301 5570 11)
319 5499 391 5554 Ibid.
408 5515 429 5554 c.
442 5501 467 5555 8.
557 5501 598 5564 18)
617 5499 674 5566 Csr.
692 5518 778 5570 sarpta
792 5521 821 5573 p.
834 5506 893 5570 269,
910 5510 967 5560 aot.
981 5506 1020 5560 17.
1116 5505 1159 5568 19)
1181 5503 1234 5571 Osr.
1247 5519 1333 5572 sopra
1346 5519 1377 5572 p.
1391 5502 1451 5564 157,
1467 5517 1488 5556 c.
1501 5501 1526 5556 9.
1607 5501 1652 5564 90)
1672 5498 1830 5568 capa-4.
1847 5497 1886 5552 od

256 5604 427 5670 cermtmsrrs
443 5603 605 5658 concordam
622 5620 683 5658 οιιιιι
700 5609 847 5674 capa-5.
865 5610 916 5664 tc.
1012 5611 1058 5678 21)
1079 5607 1135 5674 cfr.
1150 5625 1179 5676 p.
1194 5609 1252 5676 158,
1269 5608 1317 5662 tia.
1333 5608 1438 5676 19cqq.;
1461 5623 1490 5674 p.
1506 5606 1571 5672 298,
1597 5619 1618 5659 c.
1631 5604 1657 5660 4.
1745 5603 1790 5670 28)
1810 5599 1884 5656 Com-

256 5709 373 5778 posa'tum
391 5724 425 5763 rx
441 5722 498 5774 oop.
512 5707 535 5760 7.
553 5709 578 5774 6,
594 5725 622 5776 p.
635 5711 691 5766 tos.

1624 5805 1678 5860 33·
