<?xml version="1.0" encoding="UTF-8"?>
<!DOCTYPE html PUBLIC "-//W3C//DTD XHTML 1.0 Transitional//EN"
    "http://www.w3.org/TR/xhtml1/DTD/xhtml1-transitional.dtd">
<html xmlns="http://www.w3.org/1999/xhtml" xml:lang="en" lang="en">
 <head>
  <title>
</title>
<meta http-equiv="Content-Type" content="text/html;charset=utf-8" />
  <meta name='ocr-system' content='tesseract 3.04.00' />
  <meta name='ocr-capabilities' content='ocr_page ocr_carea ocr_par ocr_line ocrx_word'/>
</head>
<body>
  <div class='ocr_page' id='page_1' title='image "./monumentagerman07mittgoog_0409.png"; bbox 0 0 4590 6420; ppageno 0'>
   <div class='ocr_carea' id='block_1_1' title="bbox 338 670 398 723">
    <p class='ocr_par' dir='ltr' id='par_1_1' title="bbox 338 670 398 723">
     <span class='ocr_line' id='line_1_1' title="bbox 338 670 398 723; baseline -0.017 0"><span class='ocrx_word' id='word_1_1' title='bbox 338 670 398 723; x_wconf 79' lang='grc'><strong>879.</strong></span> 
     </span>
    </p>
   </div>
   <div class='ocr_carea' id='block_1_2' title="bbox 303 421 1872 518">
    <p class='ocr_par' dir='ltr' id='par_1_2' title="bbox 303 421 1872 518">
     <span class='ocr_line' id='line_1_2' title="bbox 303 421 1872 518; baseline -0.006 -11"><span class='ocrx_word' id='word_1_2' title='bbox 303 421 305 426; x_wconf 19' lang='lat' dir='ltr'>V</span> <span class='ocrx_word' id='word_1_3' title='bbox 416 455 478 518; x_wconf 81' lang='grc'>368</span> <span class='ocrx_word' id='word_1_4' title='bbox 589 450 833 505; x_wconf 75' lang='lat' dir='ltr'>uarlrunnrun</span> <span class='ocrx_word' id='word_1_5' title='bbox 855 449 980 505; x_wconf 81' lang='lat' dir='ltr'>REGUM</span> <span class='ocrx_word' id='word_1_6' title='bbox 1001 449 1186 504; x_wconf 63' lang='lat' dir='ltr'>reluctari</span> <span class='ocrx_word' id='word_1_7' title='bbox 1205 445 1467 503; x_wconf 78' lang='lat' dir='ltr'>occlunu&#39;rnuls</span> <span class='ocrx_word' id='word_1_8' title='bbox 1492 444 1675 516; x_wconf 74' lang='lat' dir='ltr'>(ausonis).</span> <span class='ocrx_word' id='word_1_9' title='bbox 1696 475 1727 484; x_wconf 91' lang='lat'><em>-</em></span> <span class='ocrx_word' id='word_1_10' title='bbox 1747 443 1794 499; x_wconf 89' lang='lat' dir='ltr'>Nr.</span> <span class='ocrx_word' id='word_1_11' title='bbox 1813 446 1872 499; x_wconf 75' lang='lat'>284.</span> 
     </span>
    </p>
   </div>
   <div class='ocr_carea' id='block_1_3' title="bbox 415 657 2091 4926">
    <p class='ocr_par' dir='ltr' id='par_1_3' title="bbox 930 657 1525 742">
     <span class='ocr_line' id='line_1_3' title="bbox 930 657 1525 742; baseline -0.002 -18"><span class='ocrx_word' id='word_1_12' title='bbox 930 659 999 740; x_wconf 82' lang='lat'><em>(0.)</em></span> <span class='ocrx_word' id='word_1_13' title='bbox 1032 657 1200 723; x_wconf 80' lang='lat' dir='ltr'>Electio¹¹</span> <span class='ocrx_word' id='word_1_14' title='bbox 1223 657 1390 722; x_wconf 75' lang='lat' dir='ltr'>Boeotiis</span> <span class='ocrx_word' id='word_1_15' title='bbox 1412 659 1525 742; x_wconf 79' lang='lat' dir='ltr'>repis.</span> 
     </span>
    </p>

    <p class='ocr_par' dir='ltr' id='par_1_4' title="bbox 415 777 2091 4926">
     <span class='ocr_line' id='line_1_4' title="bbox 524 777 2038 865; baseline -0.003 -20"><span class='ocrx_word' id='word_1_16' title='bbox 524 781 607 845; x_wconf 82' lang='lat' dir='ltr'>Cum</span> <span class='ocrx_word' id='word_1_17' title='bbox 631 781 862 847; x_wconf 87' lang='lat' dir='ltr'>convenissent</span> <span class='ocrx_word' id='word_1_18' title='bbox 891 779 994 845; x_wconf 90' lang='lat' dir='ltr'>sancti</span> <span class='ocrx_word' id='word_1_19' title='bbox 1017 785 1127 865; x_wconf 84' lang='lat' dir='ltr'>patres</span> <span class='ocrx_word' id='word_1_20' title='bbox 1151 779 1182 842; x_wconf 92' lang='lat' dir='ltr'>in</span> <span class='ocrx_word' id='word_1_21' title='bbox 1199 779 1328 844; x_wconf 87' lang='lat' dir='ltr'>nomine</span> <span class='ocrx_word' id='word_1_22' title='bbox 1346 778 1476 844; x_wconf 88' lang='lat' dir='ltr'>Domini</span> <span class='ocrx_word' id='word_1_23' title='bbox 1489 778 1663 843; x_wconf 84' lang='lat' dir='ltr'>salvatoris</span> <span class='ocrx_word' id='word_1_24' title='bbox 1687 777 1820 842; x_wconf 76' lang='lat' dir='ltr'>mundi⁸</span> <span class='ocrx_word' id='word_1_25' title='bbox 1843 783 2038 842; x_wconf 85' lang='lat' dir='ltr'>conventum</span> 
     </span>
     <span class='ocr_line' id='line_1_5' title="bbox 416 880 2039 971; baseline -0.003 -22"><span class='ocrx_word' id='word_1_26' title='bbox 416 885 611 951; x_wconf 81' lang='lat' dir='ltr'>celebraturi</span> <span class='ocrx_word' id='word_1_27' title='bbox 631 885 719 971; x_wconf 89' lang='lat' dir='ltr'>apud</span> <span class='ocrx_word' id='word_1_28' title='bbox 736 884 915 949; x_wconf 88' lang='lat' dir='ltr'>Mantalam</span> <span class='ocrx_word' id='word_1_29' title='bbox 935 883 1088 948; x_wconf 90' lang='lat' dir='ltr'>territorii</span> <span class='ocrx_word' id='word_1_30' title='bbox 1100 882 1310 962; x_wconf 78' lang='lat' dir='ltr'>Viennensis,</span> <span class='ocrx_word' id='word_1_31' title='bbox 1328 881 1368 946; x_wconf 90' lang='lat' dir='ltr'>de</span> <span class='ocrx_word' id='word_1_32' title='bbox 1384 883 1493 946; x_wconf 91' lang='lat' dir='ltr'>multis</span> <span class='ocrx_word' id='word_1_33' title='bbox 1511 881 1693 947; x_wconf 88' lang='lat' dir='ltr'>aecclesiae</span> <span class='ocrx_word' id='word_1_34' title='bbox 1708 881 1854 966; x_wconf 81' lang='lat' dir='ltr'>negociis</span> <span class='ocrx_word' id='word_1_35' title='bbox 1871 880 2039 946; x_wconf 78' lang='lat' dir='ltr'>tractaturi</span> 
     </span>
     <span class='ocr_line' id='line_1_6' title="bbox 416 985 2038 1071; baseline -0.002 -17"><span class='ocrx_word' id='word_1_36' title='bbox 416 996 450 1054; x_wconf 90' lang='lat' dir='ltr'>et</span> <span class='ocrx_word' id='word_1_37' title='bbox 473 995 604 1054; x_wconf 89' lang='lat' dir='ltr'>sanctae</span> <span class='ocrx_word' id='word_1_38' title='bbox 629 989 857 1054; x_wconf 83' lang='lat' dir='ltr'>sollicitudinis</span> <span class='ocrx_word' id='word_1_39' title='bbox 880 987 1113 1053; x_wconf 82' lang='lat' dir='ltr'>secretariumh</span> <span class='ocrx_word' id='word_1_40' title='bbox 1136 987 1347 1071; x_wconf 83' lang='lat' dir='ltr'>penetraturi,</span> <span class='ocrx_word' id='word_1_41' title='bbox 1371 987 1480 1051; x_wconf 91' lang='lat' dir='ltr'>multis</span> <span class='ocrx_word' id='word_1_42' title='bbox 1496 985 1739 1070; x_wconf 85' lang='lat' dir='ltr'>emergentibus</span> <span class='ocrx_word' id='word_1_43' title='bbox 1764 992 1796 1050; x_wconf 91' lang='lat' dir='ltr'>et</span> <span class='ocrx_word' id='word_1_44' title='bbox 1821 986 1939 1051; x_wconf 87' lang='lat' dir='ltr'>suimet</span> <span class='ocrx_word' id='word_1_45' title='bbox 1962 1007 2038 1051; x_wconf 91' lang='lat' dir='ltr'>con·</span> 
     </span>
     <span class='ocr_line' id='line_1_7' title="bbox 415 1089 2084 1178; baseline -0.002 -24"><span class='ocrx_word' id='word_1_46' title='bbox 415 1091 612 1160; x_wconf 91' lang='lat' dir='ltr'>sideratione</span> <span class='ocrx_word' id='word_1_47' title='bbox 643 1093 849 1178; x_wconf 81' lang='lat' dir='ltr'>cogentibus,</span> <span class='ocrx_word' id='word_1_48' title='bbox 887 1092 1098 1156; x_wconf 90' lang='lat' dir='ltr'>sacerdotalis</span> <span class='ocrx_word' id='word_1_49' title='bbox 1129 1089 1281 1156; x_wconf 78' lang='lat' dir='ltr'>affeetus¹</span> <span class='ocrx_word' id='word_1_50' title='bbox 1312 1110 1354 1156; x_wconf 87' lang='lat' dir='ltr'>cx</span> <span class='ocrx_word' id='word_1_51' title='bbox 1388 1091 1520 1176; x_wconf 88' lang='lat' dir='ltr'>antiquo</span> <span class='ocrx_word' id='word_1_52' title='bbox 1559 1097 1687 1177; x_wconf 91' lang='lat' dir='ltr'>patrum</span> <span class='ocrx_word' id='word_1_53' title='bbox 1725 1090 1877 1154; x_wconf 89' lang='lat' dir='ltr'>cordibus</span> <span class='ocrx_word' id='word_1_54' title='bbox 1914 1089 2041 1154; x_wconf 90' lang='lat' dir='ltr'>infusus</span> <span class='ocrx_word' id='word_1_55' title='bbox 2071 1109 2084 1150; x_wconf 83' lang='lat' dir='ltr'>s</span> 
     </span>
     <span class='ocr_line' id='line_1_8' title="bbox 417 1193 2040 1282; baseline -0.001 -22"><span class='ocrx_word' id='word_1_56' title='bbox 417 1195 589 1261; x_wconf 91' lang='lat' dir='ltr'>evidenter</span> <span class='ocrx_word' id='word_1_57' title='bbox 610 1196 744 1261; x_wconf 88' lang='lat' dir='ltr'>dictavit</span> <span class='ocrx_word' id='word_1_58' title='bbox 767 1195 859 1262; x_wconf 71' lang='lat' dir='ltr'>eiusl‘</span> <span class='ocrx_word' id='word_1_59' title='bbox 881 1217 1042 1282; x_wconf 87' lang='lat' dir='ltr'>personae</span> <span class='ocrx_word' id='word_1_60' title='bbox 1066 1216 1175 1259; x_wconf 92' lang='lat' dir='ltr'>curam</span> <span class='ocrx_word' id='word_1_61' title='bbox 1199 1215 1324 1280; x_wconf 87' lang='lat' dir='ltr'>gerere,</span> <span class='ocrx_word' id='word_1_62' title='bbox 1350 1196 1441 1259; x_wconf 90' lang='lat' dir='ltr'>cuius</span> <span class='ocrx_word' id='word_1_63' title='bbox 1459 1194 1655 1259; x_wconf 89' lang='lat' dir='ltr'>adminiculo</span> <span class='ocrx_word' id='word_1_64' title='bbox 1680 1203 1745 1258; x_wconf 89' lang='lat' dir='ltr'>tam</span> <span class='ocrx_word' id='word_1_65' title='bbox 1769 1193 1802 1256; x_wconf 94' lang='lat' dir='ltr'>in</span> <span class='ocrx_word' id='word_1_66' title='bbox 1819 1193 1923 1258; x_wconf 89' lang='lat' dir='ltr'>veteri</span> <span class='ocrx_word' id='word_1_67' title='bbox 1940 1198 2040 1259; x_wconf 89' lang='lat' dir='ltr'>testa-</span> 
     </span>
     <span class='ocr_line' id='line_1_9' title="bbox 416 1289 2041 1386; baseline -0.001 -22"><span class='ocrx_word' id='word_1_68' title='bbox 416 1306 535 1378; x_wconf 91' lang='lat' dir='ltr'>mento,</span> <span class='ocrx_word' id='word_1_69' title='bbox 561 1322 657 1386; x_wconf 89' lang='lat' dir='ltr'>quam</span> <span class='ocrx_word' id='word_1_70' title='bbox 681 1307 713 1364; x_wconf 91' lang='lat' dir='ltr'>et</span> <span class='ocrx_word' id='word_1_71' title='bbox 735 1289 775 1364; x_wconf 85' lang='lat' dir='ltr'>in¹</span> <span class='ocrx_word' id='word_1_72' title='bbox 792 1322 875 1365; x_wconf 94' lang='lat' dir='ltr'>novo</span> <span class='ocrx_word' id='word_1_73' title='bbox 900 1300 1071 1365; x_wconf 87' lang='lat' dir='ltr'>consucvit</span> <span class='ocrx_word' id='word_1_74' title='bbox 1093 1301 1214 1385; x_wconf 92' lang='lat' dir='ltr'>populo</span> <span class='ocrx_word' id='word_1_75' title='bbox 1231 1299 1427 1385; x_wconf 88' lang='lat' dir='ltr'>condignum</span> <span class='ocrx_word' id='word_1_76' title='bbox 1443 1301 1589 1385; x_wconf 88' lang='lat' dir='ltr'>regimen</span> <span class='ocrx_word' id='word_1_77' title='bbox 1607 1297 1783 1364; x_wconf 71' lang='lat' dir='ltr'>exhiberil.</span> <span class='ocrx_word' id='word_1_78' title='bbox 1830 1297 1873 1362; x_wconf 87' lang='lat' dir='ltr'>Et</span> <span class='ocrx_word' id='word_1_79' title='bbox 1890 1298 2041 1385; x_wconf 89' lang='lat' dir='ltr'>quoniam</span> 
     </span>
     <span class='ocr_line' id='line_1_10' title="bbox 416 1402 2041 1492; baseline -0.001 -24"><span class='ocrx_word' id='word_1_80' title='bbox 416 1405 479 1468; x_wconf 94' lang='lat' dir='ltr'>iam</span> <span class='ocrx_word' id='word_1_81' title='bbox 503 1405 579 1469; x_wconf 92' lang='lat' dir='ltr'>olim</span> <span class='ocrx_word' id='word_1_82' title='bbox 603 1405 748 1490; x_wconf 89' lang='lat' dir='ltr'>eiusdem</span> <span class='ocrx_word' id='word_1_83' title='bbox 772 1427 931 1492; x_wconf 83' lang='lat' dir='ltr'>personae</span> <span class='ocrx_word' id='word_1_84' title='bbox 954 1404 1104 1491; x_wconf 88' lang='lat' dir='ltr'>presidiis</span> <span class='ocrx_word' id='word_1_85' title='bbox 1128 1411 1193 1469; x_wconf 89' lang='lat' dir='ltr'>tam</span> <span class='ocrx_word' id='word_1_86' title='bbox 1217 1404 1280 1490; x_wconf 91' lang='lat' dir='ltr'>ipsi</span> <span class='ocrx_word' id='word_1_87' title='bbox 1302 1405 1432 1469; x_wconf 79' lang='lat' dir='ltr'>sanetim</span> <span class='ocrx_word' id='word_1_88' title='bbox 1455 1409 1576 1490; x_wconf 89' lang='lat' dir='ltr'>patres,</span> <span class='ocrx_word' id='word_1_89' title='bbox 1601 1424 1681 1489; x_wconf 91' lang='lat' dir='ltr'>quos</span> <span class='ocrx_word' id='word_1_90' title='bbox 1706 1403 1811 1488; x_wconf 90' lang='lat' dir='ltr'>gratia</span> <span class='ocrx_word' id='word_1_91' title='bbox 1836 1402 1947 1467; x_wconf 89' lang='lat' dir='ltr'>divina</span> <span class='ocrx_word' id='word_1_92' title='bbox 1971 1404 2041 1488; x_wconf 91' lang='lat' dir='ltr'>epi-</span> 
     </span>
     <span class='ocr_line' id='line_1_11' title="bbox 417 1508 2040 1596; baseline -0.001 -24"><span class='ocrx_word' id='word_1_93' title='bbox 417 1530 533 1594; x_wconf 88' lang='lat' dir='ltr'>scopos</span> <span class='ocrx_word' id='word_1_94' title='bbox 563 1510 673 1574; x_wconf 88' lang='lat' dir='ltr'>vocari</span> <span class='ocrx_word' id='word_1_95' title='bbox 703 1510 882 1590; x_wconf 89' lang='lat' dir='ltr'>concessit,</span> <span class='ocrx_word' id='word_1_96' title='bbox 913 1531 1010 1595; x_wconf 92' lang='lat' dir='ltr'>quam</span> <span class='ocrx_word' id='word_1_97' title='bbox 1039 1510 1202 1596; x_wconf 86' lang='lat' dir='ltr'>principes</span> <span class='ocrx_word' id='word_1_98' title='bbox 1235 1517 1268 1574; x_wconf 88' lang='lat' dir='ltr'>et</span> <span class='ocrx_word' id='word_1_99' title='bbox 1296 1515 1401 1574; x_wconf 89' lang='lat' dir='ltr'>totum</span> <span class='ocrx_word' id='word_1_100' title='bbox 1433 1510 1549 1594; x_wconf 92' lang='lat' dir='ltr'>vulgus</span> <span class='ocrx_word' id='word_1_101' title='bbox 1582 1516 1749 1588; x_wconf 88' lang='lat' dir='ltr'>carentes,</span> <span class='ocrx_word' id='word_1_102' title='bbox 1783 1508 1925 1572; x_wconf 80' lang='lat' dir='ltr'>nullius¹³</span> <span class='ocrx_word' id='word_1_103' title='bbox 1953 1528 2040 1572; x_wconf 88' lang='lat' dir='ltr'>corn-</span> 
     </span>
     <span class='ocr_line' id='line_1_12' title="bbox 417 1603 2085 1700; baseline -0.004 -24"><span class='ocrx_word' id='word_1_104' title='bbox 417 1611 572 1697; x_wconf 90' lang='lat' dir='ltr'>patientis</span> <span class='ocrx_word' id='word_1_105' title='bbox 603 1613 820 1678; x_wconf 81' lang='lat' dir='ltr'>fulciebantur</span> <span class='ocrx_word' id='word_1_106' title='bbox 842 1613 894 1677; x_wconf 91' lang='lat' dir='ltr'>vel</span> <span class='ocrx_word' id='word_1_107' title='bbox 918 1613 1113 1678; x_wconf 91' lang='lat' dir='ltr'>iuvabantur</span> <span class='ocrx_word' id='word_1_108' title='bbox 1136 1614 1281 1694; x_wconf 86' lang='lat' dir='ltr'>auxiliis,</span> <span class='ocrx_word' id='word_1_109' title='bbox 1305 1615 1499 1700; x_wconf 87' lang='lat' dir='ltr'>praesertim</span> <span class='ocrx_word' id='word_1_110' title='bbox 1524 1635 1597 1678; x_wconf 87' lang='lat' dir='ltr'>eum</span> <span class='ocrx_word' id='word_1_111' title='bbox 1627 1633 1704 1698; x_wconf 88' lang='lat' dir='ltr'>rege</span> <span class='ocrx_word' id='word_1_112' title='bbox 1728 1603 1914 1677; x_wconf 85' lang='lat' dir='ltr'>communi3</span> <span class='ocrx_word' id='word_1_113' title='bbox 1938 1619 2040 1677; x_wconf 87' lang='lat' dir='ltr'>morte</span> <span class='ocrx_word' id='word_1_114' title='bbox 2060 1634 2085 1672; x_wconf 85' lang='lat' dir='ltr'>ro</span> 
     </span>
     <span class='ocr_line' id='line_1_13' title="bbox 417 1715 2039 1802; baseline -0.001 -23"><span class='ocrx_word' id='word_1_115' title='bbox 417 1721 551 1802; x_wconf 89' lang='lat' dir='ltr'>recepto</span> <span class='ocrx_word' id='word_1_116' title='bbox 574 1717 682 1781; x_wconf 90' lang='lat' dir='ltr'>nullus</span> <span class='ocrx_word' id='word_1_117' title='bbox 707 1717 738 1780; x_wconf 93' lang='lat' dir='ltr'>in</span> <span class='ocrx_word' id='word_1_118' title='bbox 763 1739 820 1782; x_wconf 89' lang='lat' dir='ltr'>eos</span> <span class='ocrx_word' id='word_1_119' title='bbox 849 1739 908 1782; x_wconf 90' lang='lat' dir='ltr'>sua</span> <span class='ocrx_word' id='word_1_120' title='bbox 930 1717 1057 1781; x_wconf 88' lang='lat' dir='ltr'>viscera</span> <span class='ocrx_word' id='word_1_121' title='bbox 1081 1739 1139 1802; x_wconf 91' lang='lat' dir='ltr'>per</span> <span class='ocrx_word' id='word_1_122' title='bbox 1161 1717 1309 1782; x_wconf 87' lang='lat' dir='ltr'>karitatis</span> <span class='ocrx_word' id='word_1_123' title='bbox 1341 1718 1527 1802; x_wconf 89' lang='lat' dir='ltr'>largitatem</span> <span class='ocrx_word' id='word_1_124' title='bbox 1553 1716 1753 1796; x_wconf 90' lang='lat' dir='ltr'>extenderit,</span> <span class='ocrx_word' id='word_1_125' title='bbox 1788 1715 1913 1779; x_wconf 86' lang='lat' dir='ltr'>anxiari</span> <span class='ocrx_word' id='word_1_126' title='bbox 1938 1715 2039 1801; x_wconf 91' lang='lat' dir='ltr'>pluri-</span> 
     </span>
     <span class='ocr_line' id='line_1_14' title="bbox 417 1818 2041 1906; baseline -0.002 -22"><span class='ocrx_word' id='word_1_127' title='bbox 417 1840 504 1884; x_wconf 90' lang='lat' dir='ltr'>mum</span> <span class='ocrx_word' id='word_1_128' title='bbox 529 1821 686 1905; x_wconf 88' lang='lat' dir='ltr'>compulsi</span> <span class='ocrx_word' id='word_1_129' title='bbox 711 1827 795 1899; x_wconf 89' lang='lat' dir='ltr'>sunt,</span> <span class='ocrx_word' id='word_1_130' title='bbox 819 1822 980 1906; x_wconf 89' lang='lat' dir='ltr'>quianon</span> <span class='ocrx_word' id='word_1_131' title='bbox 1004 1821 1109 1884; x_wconf 91' lang='lat' dir='ltr'>solum</span> <span class='ocrx_word' id='word_1_132' title='bbox 1134 1821 1166 1884; x_wconf 94' lang='lat' dir='ltr'>in</span> <span class='ocrx_word' id='word_1_133' title='bbox 1190 1821 1326 1886; x_wconf 85' lang='lat' dir='ltr'>internis</span> <span class='ocrx_word' id='word_1_134' title='bbox 1349 1843 1409 1906; x_wconf 91' lang='lat' dir='ltr'>per</span> <span class='ocrx_word' id='word_1_135' title='bbox 1431 1821 1628 1885; x_wconf 86' lang='lat' dir='ltr'>invisibilem</span> <span class='ocrx_word' id='word_1_136' title='bbox 1651 1820 1834 1897; x_wconf 90' lang='lat' dir='ltr'>inimicum,</span> <span class='ocrx_word' id='word_1_137' title='bbox 1859 1818 1917 1882; x_wconf 90' lang='lat' dir='ltr'>sed</span> <span class='ocrx_word' id='word_1_138' title='bbox 1941 1819 2041 1883; x_wconf 90' lang='lat' dir='ltr'>etiam</span> 
     </span>
     <span class='ocr_line' id='line_1_15' title="bbox 417 1924 2041 2011; baseline -0.001 -25"><span class='ocrx_word' id='word_1_139' title='bbox 417 1924 449 1987; x_wconf 93' lang='lat' dir='ltr'>iu</span> <span class='ocrx_word' id='word_1_140' title='bbox 472 1924 592 2009; x_wconf 91' lang='lat' dir='ltr'>apertis</span> <span class='ocrx_word' id='word_1_141' title='bbox 615 1945 674 2010; x_wconf 91' lang='lat' dir='ltr'>per</span> <span class='ocrx_word' id='word_1_142' title='bbox 696 1924 842 1989; x_wconf 90' lang='lat' dir='ltr'>visibiles</span> <span class='ocrx_word' id='word_1_143' title='bbox 864 1924 1030 2001; x_wconf 91' lang='lat' dir='ltr'>inimicos,</span> <span class='ocrx_word' id='word_1_144' title='bbox 1060 1926 1157 1989; x_wconf 89' lang='lat' dir='ltr'>etiam</span> <span class='ocrx_word' id='word_1_145' title='bbox 1188 1946 1229 1988; x_wconf 90' lang='lat' dir='ltr'>ex</span> <span class='ocrx_word' id='word_1_146' title='bbox 1259 1925 1324 2002; x_wconf 89' lang='lat' dir='ltr'>his,</span> <span class='ocrx_word' id='word_1_147' title='bbox 1357 1947 1437 2010; x_wconf 91' lang='lat' dir='ltr'>quos</span> <span class='ocrx_word' id='word_1_148' title='bbox 1469 1927 1542 2011; x_wconf 91' lang='lat' dir='ltr'>ipsa</span> <span class='ocrx_word' id='word_1_149' title='bbox 1574 1925 1724 1989; x_wconf 74' lang='lat' dir='ltr'>Christo⁰</span> <span class='ocrx_word' id='word_1_150' title='bbox 1753 1925 1898 2011; x_wconf 88' lang='lat' dir='ltr'>peperit,</span> <span class='ocrx_word' id='word_1_151' title='bbox 1928 1930 2041 1986; x_wconf 89' lang='lat' dir='ltr'>sancta</span> 
     </span>
     <span class='ocr_line' id='line_1_16' title="bbox 418 2027 2039 2114; baseline 0 -22"><span class='ocrx_word' id='word_1_152' title='bbox 418 2035 521 2092; x_wconf 89' lang='lat' dir='ltr'>mater</span> <span class='ocrx_word' id='word_1_153' title='bbox 545 2027 686 2092; x_wconf 88' lang='lat' dir='ltr'>ecclesia</span> <span class='ocrx_word' id='word_1_154' title='bbox 713 2027 917 2113; x_wconf 87' lang='lat' dir='ltr'>pessumdari</span> <span class='ocrx_word' id='word_1_155' title='bbox 940 2027 1084 2092; x_wconf 85' lang='lat' dir='ltr'>funditus</span> <span class='ocrx_word' id='word_1_156' title='bbox 1107 2027 1309 2093; x_wconf 69' lang='lat' dir='ltr'>videbatur.</span> <span class='ocrx_word' id='word_1_157' title='bbox 1355 2028 1472 2114; x_wconf 90' lang='lat' dir='ltr'>Itaque</span> <span class='ocrx_word' id='word_1_158' title='bbox 1496 2029 1572 2094; x_wconf 92' lang='lat' dir='ltr'>dum</span> <span class='ocrx_word' id='word_1_159' title='bbox 1596 2029 1713 2095; x_wconf 91' lang='lat' dir='ltr'>mentis</span> <span class='ocrx_word' id='word_1_160' title='bbox 1736 2029 1839 2093; x_wconf 89' lang='lat' dir='ltr'>aciem</span> <span class='ocrx_word' id='word_1_161' title='bbox 1855 2049 2039 2113; x_wconf 88' lang='lat' dir='ltr'>usquequa-</span> 
     </span>
     <span class='ocr_line' id='line_1_17' title="bbox 417 2131 2085 2216; baseline -0.002 -21"><span class='ocrx_word' id='word_1_162' title='bbox 417 2153 479 2216; x_wconf 90' lang='lat' dir='ltr'>que</span> <span class='ocrx_word' id='word_1_163' title='bbox 503 2137 669 2196; x_wconf 88' lang='lat' dir='ltr'>verterent</span> <span class='ocrx_word' id='word_1_164' title='bbox 692 2139 725 2196; x_wconf 91' lang='lat' dir='ltr'>ct</span> <span class='ocrx_word' id='word_1_165' title='bbox 747 2132 843 2196; x_wconf 90' lang='lat' dir='ltr'>simul</span> <span class='ocrx_word' id='word_1_166' title='bbox 867 2153 939 2196; x_wconf 91' lang='lat' dir='ltr'>cum</span> <span class='ocrx_word' id='word_1_167' title='bbox 963 2132 1176 2198; x_wconf 90' lang='lat' dir='ltr'>nobilioribus</span> <span class='ocrx_word' id='word_1_168' title='bbox 1201 2132 1349 2196; x_wconf 83' lang='lat' dir='ltr'>adhunc</span> <span class='ocrx_word' id='word_1_169' title='bbox 1373 2134 1605 2199; x_wconf 86' lang='lat' dir='ltr'>necessitatem</span> <span class='ocrx_word' id='word_1_170' title='bbox 1622 2133 1877 2199; x_wconf 88' lang='lat' dir='ltr'>submovendam</span> <span class='ocrx_word' id='word_1_171' title='bbox 1902 2131 2037 2197; x_wconf 89' lang='lat' dir='ltr'>idoneas</span> <span class='ocrx_word' id='word_1_172' title='bbox 2060 2153 2085 2192; x_wconf 82' lang='lat' dir='ltr'>rs</span> 
     </span>
     <span class='ocr_line' id='line_1_18' title="bbox 418 2235 2042 2323; baseline -0.001 -23"><span class='ocrx_word' id='word_1_173' title='bbox 418 2257 575 2322; x_wconf 89' lang='lat' dir='ltr'>personas</span> <span class='ocrx_word' id='word_1_174' title='bbox 606 2235 849 2300; x_wconf 87' lang='lat' dir='ltr'>considerarent</span> <span class='ocrx_word' id='word_1_175' title='bbox 879 2257 944 2299; x_wconf 88' lang='lat' dir='ltr'>non</span> <span class='ocrx_word' id='word_1_176' title='bbox 973 2237 1194 2316; x_wconf 89' lang='lat' dir='ltr'>invenientes,</span> <span class='ocrx_word' id='word_1_177' title='bbox 1227 2235 1281 2322; x_wconf 87' lang='lat' dir='ltr'>qui</span> <span class='ocrx_word' id='word_1_178' title='bbox 1315 2259 1393 2302; x_wconf 88' lang='lat' dir='ltr'>suae</span> <span class='ocrx_word' id='word_1_179' title='bbox 1422 2238 1651 2302; x_wconf 86' lang='lat' dir='ltr'>consultationi</span> <span class='ocrx_word' id='word_1_180' title='bbox 1682 2237 1881 2323; x_wconf 89' lang='lat' dir='ltr'>respondere</span> <span class='ocrx_word' id='word_1_181' title='bbox 1910 2236 2042 2316; x_wconf 92' lang='lat' dir='ltr'>vellent,</span> 
     </span>
     <span class='ocr_line' id='line_1_19' title="bbox 417 2340 2044 2426; baseline -0.001 -22"><span class='ocrx_word' id='word_1_182' title='bbox 417 2346 531 2426; x_wconf 84' lang='lat' dir='ltr'>utpote</span> <span class='ocrx_word' id='word_1_183' title='bbox 560 2340 802 2424; x_wconf 89' lang='lat' dir='ltr'>negligentibus</span> <span class='ocrx_word' id='word_1_184' title='bbox 831 2341 956 2404; x_wconf 88' lang='lat' dir='ltr'>cunctis</span> <span class='ocrx_word' id='word_1_185' title='bbox 981 2346 1106 2405; x_wconf 83' lang='lat' dir='ltr'>tantum</span> <span class='ocrx_word' id='word_1_186' title='bbox 1130 2340 1276 2405; x_wconf 89' lang='lat' dir='ltr'>laborem</span> <span class='ocrx_word' id='word_1_187' title='bbox 1299 2341 1339 2405; x_wconf 96' lang='lat' dir='ltr'>ob</span> <span class='ocrx_word' id='word_1_188' title='bbox 1362 2342 1518 2406; x_wconf 90' lang='lat' dir='ltr'>honorem</span> <span class='ocrx_word' id='word_1_189' title='bbox 1541 2341 1604 2406; x_wconf 90' lang='lat' dir='ltr'>Dei</span> <span class='ocrx_word' id='word_1_190' title='bbox 1631 2347 1664 2404; x_wconf 91' lang='lat' dir='ltr'>et</span> <span class='ocrx_word' id='word_1_191' title='bbox 1692 2348 1879 2405; x_wconf 89' lang='lat' dir='ltr'>sanctorum</span> <span class='ocrx_word' id='word_1_192' title='bbox 1909 2340 1979 2405; x_wconf 90' lang='lat' dir='ltr'>cius</span> <span class='ocrx_word' id='word_1_193' title='bbox 2009 2345 2044 2404; x_wconf 91' lang='lat' dir='ltr'>et</span> 
     </span>
     <span class='ocr_line' id='line_1_20' title="bbox 417 2443 2039 2532; baseline 0 -24"><span class='ocrx_word' id='word_1_194' title='bbox 417 2444 528 2508; x_wconf 91' lang='lat' dir='ltr'>matris</span> <span class='ocrx_word' id='word_1_195' title='bbox 545 2445 704 2508; x_wconf 90' lang='lat' dir='ltr'>ecclesiae</span> <span class='ocrx_word' id='word_1_196' title='bbox 722 2464 860 2522; x_wconf 91' lang='lat' dir='ltr'>sumere,</span> <span class='ocrx_word' id='word_1_197' title='bbox 884 2465 994 2508; x_wconf 90' lang='lat' dir='ltr'>omncs</span> <span class='ocrx_word' id='word_1_198' title='bbox 1012 2443 1167 2509; x_wconf 88' lang='lat' dir='ltr'>inflamati</span> <span class='ocrx_word' id='word_1_199' title='bbox 1183 2443 1291 2510; x_wconf 91' lang='lat' dir='ltr'>Deum</span> <span class='ocrx_word' id='word_1_200' title='bbox 1307 2445 1448 2508; x_wconf 90' lang='lat' dir='ltr'>omnium</span> <span class='ocrx_word' id='word_1_201' title='bbox 1466 2445 1670 2532; x_wconf 82' lang='lat' dir='ltr'>principumq</span> <span class='ocrx_word' id='word_1_202' title='bbox 1693 2446 1872 2531; x_wconf 91' lang='lat' dir='ltr'>principem</span> <span class='ocrx_word' id='word_1_203' title='bbox 1895 2467 1953 2531; x_wconf 93' lang='lat' dir='ltr'>pro</span> <span class='ocrx_word' id='word_1_204' title='bbox 1977 2445 2039 2508; x_wconf 89' lang='lat' dir='ltr'>hac</span> 
     </span>
     <span class='ocr_line' id='line_1_21' title="bbox 418 2546 2042 2634; baseline -0.002 -21"><span class='ocrx_word' id='word_1_205' title='bbox 418 2547 569 2634; x_wconf 88' lang='lat' dir='ltr'>angustia</span> <span class='ocrx_word' id='word_1_206' title='bbox 598 2546 787 2612; x_wconf 86' lang='lat' dir='ltr'>medullitus</span> <span class='ocrx_word' id='word_1_207' title='bbox 817 2554 1049 2626; x_wconf 87' lang='lat' dir='ltr'>exoraverunt,</span> <span class='ocrx_word' id='word_1_208' title='bbox 1080 2555 1115 2612; x_wconf 93' lang='lat' dir='ltr'>ut</span> <span class='ocrx_word' id='word_1_209' title='bbox 1143 2547 1184 2627; x_wconf 94' lang='lat' dir='ltr'>is,</span> <span class='ocrx_word' id='word_1_210' title='bbox 1215 2549 1268 2633; x_wconf 93' lang='lat' dir='ltr'>qui</span> <span class='ocrx_word' id='word_1_211' title='bbox 1299 2569 1409 2612; x_wconf 87' lang='lat' dir='ltr'>euram</span> <span class='ocrx_word' id='word_1_212' title='bbox 1442 2549 1640 2633; x_wconf 84' lang='lat' dir='ltr'>singularem</span> <span class='ocrx_word' id='word_1_213' title='bbox 1667 2548 1768 2614; x_wconf 90' lang='lat' dir='ltr'>habet</span> <span class='ocrx_word' id='word_1_214' title='bbox 1797 2548 1979 2614; x_wconf 88' lang='lat' dir='ltr'>mortalium</span> <span class='ocrx_word' id='word_1_215' title='bbox 2010 2553 2042 2611; x_wconf 93' lang='lat' dir='ltr'>et</span> 
     </span>
     <span class='ocr_line' id='line_1_22' title="bbox 418 2651 2087 2739; baseline -0.005 -21"><span class='ocrx_word' id='word_1_216' title='bbox 418 2655 510 2718; x_wconf 91' lang='lat' dir='ltr'>ouius</span> <span class='ocrx_word' id='word_1_217' title='bbox 539 2652 706 2739; x_wconf 89' lang='lat' dir='ltr'>dispositio</span> <span class='ocrx_word' id='word_1_218' title='bbox 738 2651 896 2717; x_wconf 88' lang='lat' dir='ltr'>curricula</span> <span class='ocrx_word' id='word_1_219' title='bbox 924 2652 1032 2737; x_wconf 90' lang='lat' dir='ltr'>vergit</span> <span class='ocrx_word' id='word_1_220' title='bbox 1066 2653 1208 2717; x_wconf 90' lang='lat' dir='ltr'>omnium</span> <span class='ocrx_word' id='word_1_221' title='bbox 1238 2654 1437 2734; x_wconf 88' lang='lat' dir='ltr'>seculorum,</span> <span class='ocrx_word' id='word_1_222' title='bbox 1469 2659 1502 2718; x_wconf 92' lang='lat' dir='ltr'>et</span> <span class='ocrx_word' id='word_1_223' title='bbox 1531 2658 1655 2716; x_wconf 88' lang='lat' dir='ltr'>rectum</span> <span class='ocrx_word' id='word_1_224' title='bbox 1686 2653 1780 2717; x_wconf 92' lang='lat' dir='ltr'>daret</span> <span class='ocrx_word' id='word_1_225' title='bbox 1809 2653 1977 2718; x_wconf 88' lang='lat' dir='ltr'>consilium</span> <span class='ocrx_word' id='word_1_226' title='bbox 2009 2657 2042 2715; x_wconf 94' lang='lat' dir='ltr'>et</span> <span class='ocrx_word' id='word_1_227' title='bbox 2060 2671 2087 2710; x_wconf 84' lang='lat' dir='ltr'>so</span> 
     </span>
     <span class='ocr_line' id='line_1_23' title="bbox 418 2755 2040 2842; baseline -0.002 -19"><span class='ocrx_word' id='word_1_228' title='bbox 418 2757 552 2823; x_wconf 85' lang='lat' dir='ltr'>evidens</span> <span class='ocrx_word' id='word_1_229' title='bbox 576 2757 706 2821; x_wconf 69' lang='lat' dir='ltr'>auxiliir</span> <span class='ocrx_word' id='word_1_230' title='bbox 736 2763 900 2842; x_wconf 89' lang='lat' dir='ltr'>promeret</span> <span class='ocrx_word' id='word_1_231' title='bbox 927 2755 1091 2820; x_wconf 90' lang='lat' dir='ltr'>indicium.</span> <span class='ocrx_word' id='word_1_232' title='bbox 1136 2755 1287 2842; x_wconf 91' lang='lat' dir='ltr'>Denique</span> <span class='ocrx_word' id='word_1_233' title='bbox 1312 2757 1477 2842; x_wconf 89' lang='lat' dir='ltr'>cuipatet</span> <span class='ocrx_word' id='word_1_234' title='bbox 1500 2777 1595 2821; x_wconf 94' lang='lat' dir='ltr'>omne</span> <span class='ocrx_word' id='word_1_235' title='bbox 1623 2777 1679 2821; x_wconf 92' lang='lat' dir='ltr'>cor</span> <span class='ocrx_word' id='word_1_236' title='bbox 1703 2763 1734 2820; x_wconf 92' lang='lat' dir='ltr'>et</span> <span class='ocrx_word' id='word_1_237' title='bbox 1764 2757 1867 2820; x_wconf 90' lang='lat' dir='ltr'>omnis</span> <span class='ocrx_word' id='word_1_238' title='bbox 1891 2756 2040 2820; x_wconf 91' lang='lat' dir='ltr'>voluntas</span> 
     </span>
     <span class='ocr_line' id='line_1_24' title="bbox 419 2859 2040 2948; baseline -0.002 -22"><span class='ocrx_word' id='word_1_239' title='bbox 419 2860 572 2948; x_wconf 88' lang='lat' dir='ltr'>loquitur,</span> <span class='ocrx_word' id='word_1_240' title='bbox 596 2861 750 2946; x_wconf 85' lang='lat' dir='ltr'>fatigatos</span> <span class='ocrx_word' id='word_1_241' title='bbox 775 2860 932 2925; x_wconf 90' lang='lat' dir='ltr'>maiorum</span> <span class='ocrx_word' id='word_1_242' title='bbox 962 2866 995 2925; x_wconf 91' lang='lat' dir='ltr'>et</span> <span class='ocrx_word' id='word_1_243' title='bbox 1019 2860 1177 2924; x_wconf 93' lang='lat' dir='ltr'>minorum</span> <span class='ocrx_word' id='word_1_244' title='bbox 1208 2860 1386 2946; x_wconf 87' lang='lat' dir='ltr'>inspiciens</span> <span class='ocrx_word' id='word_1_245' title='bbox 1418 2861 1542 2925; x_wconf 90' lang='lat' dir='ltr'>animos</span> <span class='ocrx_word' id='word_1_246' title='bbox 1573 2860 1735 2945; x_wconf 90' lang='lat' dir='ltr'>quoddam</span> <span class='ocrx_word' id='word_1_247' title='bbox 1760 2861 1940 2925; x_wconf 88' lang='lat' dir='ltr'>clarescere</span> <span class='ocrx_word' id='word_1_248' title='bbox 1964 2859 2040 2924; x_wconf 85' lang='lat' dir='ltr'>fecit</span> 
     </span>
     <span class='ocr_line' id='line_1_25' title="bbox 422 2963 2042 3050; baseline -0.002 -20"><span class='ocrx_word' id='word_1_249' title='bbox 422 2966 588 3042; x_wconf 85' lang='lat' dir='ltr'>solatium,</span> <span class='ocrx_word' id='word_1_250' title='bbox 617 2971 650 3030; x_wconf 90' lang='lat' dir='ltr'>et</span> <span class='ocrx_word' id='word_1_251' title='bbox 672 2963 813 3050; x_wconf 51' lang='lat' dir='ltr'>¹quodam</span> <span class='ocrx_word' id='word_1_252' title='bbox 837 2964 931 3030; x_wconf 90' lang='lat' dir='ltr'>modo</span> <span class='ocrx_word' id='word_1_253' title='bbox 955 2965 1176 3050; x_wconf 89' lang='lat' dir='ltr'>praesentavit</span> <span class='ocrx_word' id='word_1_254' title='bbox 1198 2964 1403 3049; x_wconf 83' lang='lat' dir='ltr'>suffragium:</span> <span class='ocrx_word' id='word_1_255' title='bbox 1440 2985 1519 3029; x_wconf 91' lang='lat' dir='ltr'>sane</span> <span class='ocrx_word' id='word_1_256' title='bbox 1543 2964 1693 3030; x_wconf 91' lang='lat' dir='ltr'>omnibus</span> <span class='ocrx_word' id='word_1_257' title='bbox 1716 2986 1815 3029; x_wconf 91' lang='lat' dir='ltr'>unum</span> <span class='ocrx_word' id='word_1_258' title='bbox 1840 2964 2042 3050; x_wconf 88' lang='lat' dir='ltr'>sapientibus</span> 
     </span>
     <span class='ocr_line' id='line_1_26' title="bbox 419 3067 2043 3154; baseline -0.002 -19"><span class='ocrx_word' id='word_1_259' title='bbox 419 3076 452 3135; x_wconf 92' lang='lat' dir='ltr'>et</span> <span class='ocrx_word' id='word_1_260' title='bbox 474 3091 532 3154; x_wconf 91' lang='lat' dir='ltr'>pcr</span> <span class='ocrx_word' id='word_1_261' title='bbox 555 3069 697 3133; x_wconf 92' lang='lat' dir='ltr'>divinam</span> <span class='ocrx_word' id='word_1_262' title='bbox 721 3069 939 3134; x_wconf 86' lang='lat' dir='ltr'>visitationem</span> <span class='ocrx_word' id='word_1_263' title='bbox 964 3068 1049 3133; x_wconf 92' lang='lat' dir='ltr'>idem</span> <span class='ocrx_word' id='word_1_264' title='bbox 1066 3067 1306 3133; x_wconf 85' lang='lat' dir='ltr'>indivisibiliter</span> <span class='ocrx_word' id='word_1_265' title='bbox 1323 3068 1544 3133; x_wconf 89' lang='lat' dir='ltr'>ambientibus</span> <span class='ocrx_word' id='word_1_266' title='bbox 1566 3067 1654 3133; x_wconf 90' lang='lat' dir='ltr'>cordi</span> <span class='ocrx_word' id='word_1_267' title='bbox 1679 3069 1740 3133; x_wconf 85' lang='lat' dir='ltr'>fuit</span> <span class='ocrx_word' id='word_1_268' title='bbox 1756 3069 1920 3134; x_wconf 87' lang='lat' dir='ltr'>exhibitus</span> <span class='ocrx_word' id='word_1_269' title='bbox 1937 3069 2043 3147; x_wconf 90' lang='lat' dir='ltr'>homo,</span> 
     </span>
     <span class='ocr_line' id='line_1_27' title="bbox 420 3171 2086 3259; baseline -0.004 -21"><span class='ocrx_word' id='word_1_270' title='bbox 420 3171 607 3238; x_wconf 90' lang='lat' dir='ltr'>iamdudum</span> <span class='ocrx_word' id='word_1_271' title='bbox 632 3173 665 3237; x_wconf 92' lang='lat' dir='ltr'>in</span> <span class='ocrx_word' id='word_1_272' title='bbox 688 3174 870 3259; x_wconf 90' lang='lat' dir='ltr'>principatu</span> <span class='ocrx_word' id='word_1_273' title='bbox 894 3173 1005 3237; x_wconf 91' lang='lat' dir='ltr'>domni</span> <span class='ocrx_word' id='word_1_274' title='bbox 1021 3172 1136 3237; x_wconf 91' lang='lat' dir='ltr'>Karoli</span> <span class='ocrx_word' id='word_1_275' title='bbox 1160 3172 1313 3238; x_wconf 86' lang='lat' dir='ltr'>defensor</span> <span class='ocrx_word' id='word_1_276' title='bbox 1336 3180 1370 3238; x_wconf 92' lang='lat' dir='ltr'>et</span> <span class='ocrx_word' id='word_1_277' title='bbox 1392 3173 1521 3238; x_wconf 89' lang='lat' dir='ltr'>adiutor</span> <span class='ocrx_word' id='word_1_278' title='bbox 1544 3175 1765 3248; x_wconf 88' lang='lat' dir='ltr'>neccesarius;</span> <span class='ocrx_word' id='word_1_279' title='bbox 1791 3174 1883 3238; x_wconf 89' lang='lat' dir='ltr'>cuius</span> <span class='ocrx_word' id='word_1_280' title='bbox 1907 3181 1982 3259; x_wconf 88' lang='lat' dir='ltr'>poet</span> <span class='ocrx_word' id='word_1_281' title='bbox 2006 3194 2040 3236; x_wconf 92' lang='lat' dir='ltr'>se</span> <span class='ocrx_word' id='word_1_282' title='bbox 2061 3193 2086 3232; x_wconf 81' lang='lat' dir='ltr'>es</span> 
     </span>
     <span class='ocr_line' id='line_1_28' title="bbox 418 3275 2043 3364; baseline 0 -23"><span class='ocrx_word' id='word_1_283' title='bbox 418 3277 504 3341; x_wconf 90' lang='lat' dir='ltr'>filius</span> <span class='ocrx_word' id='word_1_284' title='bbox 532 3275 679 3341; x_wconf 90' lang='lat' dir='ltr'>eiusdem</span> <span class='ocrx_word' id='word_1_285' title='bbox 707 3277 912 3363; x_wconf 87' lang='lat' dir='ltr'>imperatoris</span> <span class='ocrx_word' id='word_1_286' title='bbox 941 3298 1078 3342; x_wconf 89' lang='lat' dir='ltr'>cernens</span> <span class='ocrx_word' id='word_1_287' title='bbox 1111 3278 1179 3340; x_wconf 90' lang='lat' dir='ltr'>eius</span> <span class='ocrx_word' id='word_1_288' title='bbox 1212 3277 1375 3362; x_wconf 88' lang='lat' dir='ltr'>insignem</span> <span class='ocrx_word' id='word_1_289' title='bbox 1404 3277 1612 3364; x_wconf 89' lang='lat' dir='ltr'>prudentiam</span> <span class='ocrx_word' id='word_1_290' title='bbox 1644 3279 1842 3364; x_wconf 89' lang='lat' dir='ltr'>amplificare</span> <span class='ocrx_word' id='word_1_291' title='bbox 1874 3278 2043 3363; x_wconf 90' lang='lat' dir='ltr'>delegerat</span> 
     </span>
     <span class='ocr_line' id='line_1_29' title="bbox 419 3379 2043 3466; baseline 0.002 -22"><span class='ocrx_word' id='word_1_292' title='bbox 419 3381 556 3445; x_wconf 90' lang='lat' dir='ltr'>domnus</span> <span class='ocrx_word' id='word_1_293' title='bbox 584 3401 645 3444; x_wconf 90' lang='lat' dir='ltr'>rex</span> <span class='ocrx_word' id='word_1_294' title='bbox 674 3379 869 3445; x_wconf 86' lang='lat' dir='ltr'>Ludovieus.</span> <span class='ocrx_word' id='word_1_295' title='bbox 914 3380 990 3466; x_wconf 91' lang='lat' dir='ltr'>Ipse</span> <span class='ocrx_word' id='word_1_296' title='bbox 1015 3381 1113 3446; x_wconf 88' lang='lat' dir='ltr'>etiarn</span> <span class='ocrx_word' id='word_1_297' title='bbox 1136 3387 1281 3445; x_wconf 81' lang='lat' dir='ltr'>tantum⁸</span> <span class='ocrx_word' id='word_1_298' title='bbox 1305 3402 1369 3446; x_wconf 93' lang='lat' dir='ltr'>non</span> <span class='ocrx_word' id='word_1_299' title='bbox 1394 3382 1498 3447; x_wconf 90' lang='lat' dir='ltr'>solum</span> <span class='ocrx_word' id='word_1_300' title='bbox 1523 3383 1554 3446; x_wconf 92' lang='lat' dir='ltr'>in</span> <span class='ocrx_word' id='word_1_301' title='bbox 1579 3382 1710 3463; x_wconf 81' lang='lat' dir='ltr'>Galliis,</span> <span class='ocrx_word' id='word_1_302' title='bbox 1743 3383 1801 3449; x_wconf 91' lang='lat' dir='ltr'>sed</span> <span class='ocrx_word' id='word_1_303' title='bbox 1833 3391 1866 3448; x_wconf 90' lang='lat' dir='ltr'>et</span> <span class='ocrx_word' id='word_1_304' title='bbox 1889 3385 1921 3447; x_wconf 92' lang='lat' dir='ltr'>in</span> <span class='ocrx_word' id='word_1_305' title='bbox 1946 3383 2043 3448; x_wconf 90' lang='lat' dir='ltr'>Italia</span> 
     </span>
     <span class='ocr_line' id='line_1_30' title="bbox 419 3477 2043 3574; baseline 0.001 -24"><span class='ocrx_word' id='word_1_306' title='bbox 419 3486 544 3550; x_wconf 88' lang='lat' dir='ltr'>cunctis</span> <span class='ocrx_word' id='word_1_307' title='bbox 572 3485 704 3564; x_wconf 88' lang='lat' dir='ltr'>enituit,</span> <span class='ocrx_word' id='word_1_308' title='bbox 733 3477 789 3549; x_wconf 62' lang='lat' dir='ltr'>ut4</span> <span class='ocrx_word' id='word_1_309' title='bbox 818 3485 956 3551; x_wconf 90' lang='lat' dir='ltr'>domnus</span> <span class='ocrx_word' id='word_1_310' title='bbox 988 3485 1188 3572; x_wconf 89' lang='lat' dir='ltr'>apostolicus</span> <span class='ocrx_word' id='word_1_311' title='bbox 1222 3485 1387 3552; x_wconf 90' lang='lat' dir='ltr'>Iohannes</span> <span class='ocrx_word' id='word_1_312' title='bbox 1420 3487 1596 3553; x_wconf 88' lang='lat' dir='ltr'>Romensis</span> <span class='ocrx_word' id='word_1_313' title='bbox 1627 3489 1731 3553; x_wconf 92' lang='lat' dir='ltr'>instar</span> <span class='ocrx_word' id='word_1_314' title='bbox 1763 3487 1820 3552; x_wconf 89' lang='lat' dir='ltr'>filii</span> <span class='ocrx_word' id='word_1_315' title='bbox 1851 3488 2043 3574; x_wconf 91' lang='lat' dir='ltr'>complexus</span> 
     </span>
     <span class='ocr_line' id='line_1_31' title="bbox 420 3588 2044 3674; baseline 0.001 -21"><span class='ocrx_word' id='word_1_316' title='bbox 420 3588 564 3655; x_wconf 91' lang='lat' dir='ltr'>eiusdem</span> <span class='ocrx_word' id='word_1_317' title='bbox 596 3589 817 3654; x_wconf 89' lang='lat' dir='ltr'>sinceritatem</span> <span class='ocrx_word' id='word_1_318' title='bbox 850 3589 960 3655; x_wconf 89' lang='lat' dir='ltr'>multis</span> <span class='ocrx_word' id='word_1_319' title='bbox 991 3589 1156 3674; x_wconf 88' lang='lat' dir='ltr'>preconiis</span> <span class='ocrx_word' id='word_1_320' title='bbox 1191 3589 1346 3654; x_wconf 84' lang='lat' dir='ltr'>extulerit</span> <span class='ocrx_word' id='word_1_321' title='bbox 1378 3597 1410 3654; x_wconf 93' lang='lat' dir='ltr'>et</span> <span class='ocrx_word' id='word_1_322' title='bbox 1442 3590 1483 3655; x_wconf 93' lang='lat' dir='ltr'>ad</span> <span class='ocrx_word' id='word_1_323' title='bbox 1517 3613 1608 3656; x_wconf 91' lang='lat' dir='ltr'>suam</span> <span class='ocrx_word' id='word_1_324' title='bbox 1640 3591 1775 3656; x_wconf 90' lang='lat' dir='ltr'>tutelam</span> <span class='ocrx_word' id='word_1_325' title='bbox 1804 3597 1972 3656; x_wconf 87' lang='lat' dir='ltr'>revertens</span> <span class='ocrx_word' id='word_1_326' title='bbox 2002 3590 2044 3662; x_wconf 88' lang='lat' dir='ltr'>ad</span> 
     </span>
     <span class='ocr_line' id='line_1_32' title="bbox 423 3693 2088 3781; baseline -0.002 -23"><span class='ocrx_word' id='word_1_327' title='bbox 423 3694 535 3760; x_wconf 92' lang='lat' dir='ltr'>sedem</span> <span class='ocrx_word' id='word_1_328' title='bbox 563 3695 725 3780; x_wconf 89' lang='lat' dir='ltr'>propriam</span> <span class='ocrx_word' id='word_1_329' title='bbox 754 3694 925 3780; x_wconf 88' lang='lat' dir='ltr'>delegerit.</span> <span class='ocrx_word' id='word_1_330' title='bbox 980 3693 1069 3779; x_wconf 87' lang='lat' dir='ltr'>Ergo</span> <span class='ocrx_word' id='word_1_331' title='bbox 1103 3699 1182 3758; x_wconf 92' lang='lat' dir='ltr'>nutu</span> <span class='ocrx_word' id='word_1_332' title='bbox 1211 3693 1274 3759; x_wconf 91' lang='lat' dir='ltr'>Dei</span> <span class='ocrx_word' id='word_1_333' title='bbox 1308 3717 1366 3780; x_wconf 91' lang='lat' dir='ltr'>per</span> <span class='ocrx_word' id='word_1_334' title='bbox 1395 3695 1551 3781; x_wconf 83' lang='lat' dir='ltr'>suffragia</span> <span class='ocrx_word' id='word_1_335' title='bbox 1579 3702 1766 3760; x_wconf 92' lang='lat' dir='ltr'>sanctorum</span> <span class='ocrx_word' id='word_1_336' title='bbox 1799 3696 1841 3759; x_wconf 94' lang='lat' dir='ltr'>ob</span> <span class='ocrx_word' id='word_1_337' title='bbox 1869 3696 2044 3760; x_wconf 90' lang='lat' dir='ltr'>instantem</span> <span class='ocrx_word' id='word_1_338' title='bbox 2062 3716 2088 3756; x_wconf 78' lang='lat' dir='ltr'>so</span> 
     </span>
     <span class='ocr_line' id='line_1_33' title="bbox 422 3799 2042 3886; baseline 0.001 -23"><span class='ocrx_word' id='word_1_339' title='bbox 422 3799 651 3864; x_wconf 87' lang='lat' dir='ltr'>necessitatem</span> <span class='ocrx_word' id='word_1_340' title='bbox 676 3805 709 3863; x_wconf 93' lang='lat' dir='ltr'>et</span> <span class='ocrx_word' id='word_1_341' title='bbox 732 3820 815 3880; x_wconf 88' lang='lat' dir='ltr'>eam,</span> <span class='ocrx_word' id='word_1_342' title='bbox 839 3820 936 3884; x_wconf 91' lang='lat' dir='ltr'>quam</span> <span class='ocrx_word' id='word_1_343' title='bbox 959 3799 992 3862; x_wconf 94' lang='lat' dir='ltr'>in</span> <span class='ocrx_word' id='word_1_344' title='bbox 1016 3820 1054 3862; x_wconf 91' lang='lat' dir='ltr'>eo</span> <span class='ocrx_word' id='word_1_345' title='bbox 1078 3806 1317 3884; x_wconf 89' lang='lat' dir='ltr'>compererunt,</span> <span class='ocrx_word' id='word_1_346' title='bbox 1341 3799 1551 3885; x_wconf 84' lang='lat' dir='ltr'>expetibilem</span> <span class='ocrx_word' id='word_1_347' title='bbox 1576 3799 1750 3864; x_wconf 91' lang='lat' dir='ltr'>utilitatem</span> <span class='ocrx_word' id='word_1_348' title='bbox 1775 3806 1806 3864; x_wconf 90' lang='lat' dir='ltr'>ct</span> <span class='ocrx_word' id='word_1_349' title='bbox 1829 3799 2042 3886; x_wconf 89' lang='lat' dir='ltr'>prudentissi-</span> 
     </span>
     <span class='ocr_line' id='line_1_34' title="bbox 421 3903 2042 3990; baseline -0.001 -22"><span class='ocrx_word' id='word_1_350' title='bbox 421 3925 507 3969; x_wconf 92' lang='lat' dir='ltr'>mam</span> <span class='ocrx_word' id='word_1_351' title='bbox 536 3907 584 3968; x_wconf 66' lang='lat' dir='ltr'>et‘</span> <span class='ocrx_word' id='word_1_352' title='bbox 614 3903 929 3990; x_wconf 89' lang='lat' dir='ltr'>providentissimam</span> <span class='ocrx_word' id='word_1_353' title='bbox 962 3905 1173 3989; x_wconf 88' lang='lat' dir='ltr'>sagacitatem</span> <span class='ocrx_word' id='word_1_354' title='bbox 1205 3906 1367 3969; x_wconf 89' lang='lat' dir='ltr'>communi</span> <span class='ocrx_word' id='word_1_355' title='bbox 1397 3906 1503 3969; x_wconf 88' lang='lat' dir='ltr'>enimc</span> <span class='ocrx_word' id='word_1_356' title='bbox 1530 3904 1665 3990; x_wconf 90' lang='lat' dir='ltr'>parique</span> <span class='ocrx_word' id='word_1_357' title='bbox 1697 3910 1772 3968; x_wconf 90' lang='lat' dir='ltr'>voto</span> <span class='ocrx_word' id='word_1_358' title='bbox 1806 3911 1839 3969; x_wconf 88' lang='lat' dir='ltr'>et</span> <span class='ocrx_word' id='word_1_359' title='bbox 1870 3925 1935 3968; x_wconf 92' lang='lat' dir='ltr'>uno</span> <span class='ocrx_word' id='word_1_360' title='bbox 1965 3924 2042 3967; x_wconf 93' lang='lat' dir='ltr'>con·</span> 
     </span>
     <span class='ocr_line' id='line_1_35' title="bbox 420 4006 2043 4094; baseline -0.001 -21"><span class='ocrx_word' id='word_1_361' title='bbox 420 4029 519 4074; x_wconf 92' lang='lat' dir='ltr'>sensu</span> <span class='ocrx_word' id='word_1_362' title='bbox 554 4007 767 4072; x_wconf 89' lang='lat' dir='ltr'>clarissimum</span> <span class='ocrx_word' id='word_1_363' title='bbox 805 4007 985 4094; x_wconf 90' lang='lat' dir='ltr'>principem</span> <span class='ocrx_word' id='word_1_364' title='bbox 1026 4006 1178 4072; x_wconf 88' lang='lat' dir='ltr'>domnum</span> <span class='ocrx_word' id='word_1_365' title='bbox 1214 4006 1377 4073; x_wconf 91' lang='lat' dir='ltr'>Bosonem</span> <span class='ocrx_word' id='word_1_366' title='bbox 1414 4008 1543 4074; x_wconf 76' lang='lat' dir='ltr'>Christo</span> <span class='ocrx_word' id='word_1_367' title='bbox 1583 4007 1724 4094; x_wconf 88' lang='lat' dir='ltr'>preduce</span> <span class='ocrx_word' id='word_1_368' title='bbox 1762 4007 1802 4072; x_wconf 89' lang='lat' dir='ltr'>ad</span> <span class='ocrx_word' id='word_1_369' title='bbox 1835 4007 1896 4072; x_wconf 91' lang='lat' dir='ltr'>hoc</span> <span class='ocrx_word' id='word_1_370' title='bbox 1932 4009 2043 4093; x_wconf 87' lang='lat' dir='ltr'>regale</span> 
     </span>
     <span class='ocr_line' id='line_1_36' title="bbox 420 4111 2044 4199; baseline -0.001 -21"><span class='ocrx_word' id='word_1_371' title='bbox 420 4113 592 4198; x_wconf 90' lang='lat' dir='ltr'>negocium</span> <span class='ocrx_word' id='word_1_372' title='bbox 615 4113 794 4199; x_wconf 88' lang='lat' dir='ltr'>petierunt,</span> <span class='ocrx_word' id='word_1_373' title='bbox 824 4119 856 4176; x_wconf 90' lang='lat' dir='ltr'>et</span> <span class='ocrx_word' id='word_1_374' title='bbox 885 4112 1081 4176; x_wconf 87' lang='lat' dir='ltr'>unanimiter</span> <span class='ocrx_word' id='word_1_375' title='bbox 1105 4113 1284 4196; x_wconf 90' lang='lat' dir='ltr'>elegerunt.</span> <span class='ocrx_word' id='word_1_376' title='bbox 1342 4112 1406 4176; x_wconf 63' lang='lat' dir='ltr'>utu</span> <span class='ocrx_word' id='word_1_377' title='bbox 1430 4134 1493 4199; x_wconf 89' lang='lat' dir='ltr'>qua</span> <span class='ocrx_word' id='word_1_378' title='bbox 1521 4111 1780 4177; x_wconf 90' lang='lat' dir='ltr'>consideratione</span> <span class='ocrx_word' id='word_1_379' title='bbox 1811 4113 1892 4177; x_wconf 90' lang='lat' dir='ltr'>tanti</span> <span class='ocrx_word' id='word_1_380' title='bbox 1922 4111 2044 4176; x_wconf 90' lang='lat' dir='ltr'>laboris</span> 
     </span>
     <span class='ocr_line' id='line_1_37' title="bbox 422 4216 2087 4302; baseline -0.004 -20"><span class='ocrx_word' id='word_1_381' title='bbox 422 4218 568 4282; x_wconf 89' lang='lat' dir='ltr'>renuerit</span> <span class='ocrx_word' id='word_1_382' title='bbox 584 4225 617 4282; x_wconf 92' lang='lat' dir='ltr'>et</span> <span class='ocrx_word' id='word_1_383' title='bbox 632 4217 805 4297; x_wconf 89' lang='lat' dir='ltr'>abdixerit,</span> <span class='ocrx_word' id='word_1_384' title='bbox 828 4216 985 4302; x_wconf 89' lang='lat' dir='ltr'>oppositis</span> <span class='ocrx_word' id='word_1_385' title='bbox 1008 4216 1069 4297; x_wconf 91' lang='lat' dir='ltr'>his,</span> <span class='ocrx_word' id='word_1_386' title='bbox 1092 4237 1175 4300; x_wconf 90' lang='lat' dir='ltr'>quae</span> <span class='ocrx_word' id='word_1_387' title='bbox 1191 4216 1255 4281; x_wconf 91' lang='lat' dir='ltr'>Dei</span> <span class='ocrx_word' id='word_1_388' title='bbox 1272 4223 1347 4280; x_wconf 90' lang='lat' dir='ltr'>sunt</span> <span class='ocrx_word' id='word_1_389' title='bbox 1371 4225 1404 4282; x_wconf 91' lang='lat' dir='ltr'>et</span> <span class='ocrx_word' id='word_1_390' title='bbox 1427 4217 1497 4281; x_wconf 92' lang='lat' dir='ltr'>eius</span> <span class='ocrx_word' id='word_1_391' title='bbox 1516 4217 1688 4294; x_wconf 87' lang='lat' dir='ltr'>ecclesiae,</span> <span class='ocrx_word' id='word_1_392' title='bbox 1709 4217 1837 4281; x_wconf 89' lang='lat' dir='ltr'>tandem</span> <span class='ocrx_word' id='word_1_393' title='bbox 1853 4216 2045 4281; x_wconf 90' lang='lat' dir='ltr'>obedienter</span> <span class='ocrx_word' id='word_1_394' title='bbox 2062 4239 2087 4278; x_wconf 76' lang='lat' dir='ltr'>cs</span> 
     </span>
     <span class='ocr_line' id='line_1_38' title="bbox 421 4319 2045 4407; baseline -0.001 -21"><span class='ocrx_word' id='word_1_395' title='bbox 421 4321 507 4386; x_wconf 90' lang='lat' dir='ltr'>colla</span> <span class='ocrx_word' id='word_1_396' title='bbox 529 4321 748 4407; x_wconf 91' lang='lat' dir='ltr'>promittendo</span> <span class='ocrx_word' id='word_1_397' title='bbox 772 4322 932 4386; x_wconf 91' lang='lat' dir='ltr'>submisit.</span> <span class='ocrx_word' id='word_1_398' title='bbox 978 4319 1112 4385; x_wconf 80' lang='lat' dir='ltr'>Electus</span> <span class='ocrx_word' id='word_1_399' title='bbox 1137 4326 1246 4384; x_wconf 89' lang='lat' dir='ltr'>autem</span> <span class='ocrx_word' id='word_1_400' title='bbox 1268 4320 1341 4385; x_wconf 92' lang='lat' dir='ltr'>Deo</span> <span class='ocrx_word' id='word_1_401' title='bbox 1366 4322 1534 4396; x_wconf 88' lang='lat' dir='ltr'>statuitur,</span> <span class='ocrx_word' id='word_1_402' title='bbox 1564 4342 1677 4406; x_wconf 91' lang='lat' dir='ltr'>preces</span> <span class='ocrx_word' id='word_1_403' title='bbox 1702 4319 1895 4400; x_wconf 85' lang='lat' dir='ltr'>funduntur,</span> <span class='ocrx_word' id='word_1_404' title='bbox 1922 4319 2045 4384; x_wconf 90' lang='lat' dir='ltr'>domini</span> 
     </span>
     <span class='ocr_line' id='line_1_39' title="bbox 422 4423 2045 4511; baseline 0 -21"><span class='ocrx_word' id='word_1_405' title='bbox 422 4425 523 4490; x_wconf 92' lang='lat' dir='ltr'>nostri</span> <span class='ocrx_word' id='word_1_406' title='bbox 553 4423 631 4489; x_wconf 90' lang='lat' dir='ltr'>Iesu</span> <span class='ocrx_word' id='word_1_407' title='bbox 663 4423 784 4490; x_wconf 83' lang='lat' dir='ltr'>Christi</span> <span class='ocrx_word' id='word_1_408' title='bbox 812 4425 935 4510; x_wconf 89' lang='lat' dir='ltr'>gratia,</span> <span class='ocrx_word' id='word_1_409' title='bbox 967 4445 1050 4511; x_wconf 89' lang='lat' dir='ltr'>quae</span> <span class='ocrx_word' id='word_1_410' title='bbox 1083 4425 1240 4510; x_wconf 89' lang='lat' dir='ltr'>precessit</span> <span class='ocrx_word' id='word_1_411' title='bbox 1267 4425 1300 4488; x_wconf 96' lang='lat' dir='ltr'>in</span> <span class='ocrx_word' id='word_1_412' title='bbox 1324 4425 1426 4505; x_wconf 89' lang='lat' dir='ltr'>velle,</span> <span class='ocrx_word' id='word_1_413' title='bbox 1461 4426 1494 4488; x_wconf 90' lang='lat' dir='ltr'>in</span> <span class='ocrx_word' id='word_1_414' title='bbox 1518 4431 1606 4490; x_wconf 90' lang='lat' dir='ltr'>certo</span> <span class='ocrx_word' id='word_1_415' title='bbox 1630 4425 1800 4511; x_wconf 69' lang='lat' dir='ltr'>perfectol</span> <span class='ocrx_word' id='word_1_416' title='bbox 1824 4426 1903 4490; x_wconf 89' lang='lat' dir='ltr'>satis</span> <span class='ocrx_word' id='word_1_417' title='bbox 1928 4426 2045 4490; x_wconf 82' lang='lat' dir='ltr'>efficax</span> 
     </span>
     <span class='ocr_line' id='line_1_40' title="bbox 420 4527 2044 4615; baseline -0.001 -22"><span class='ocrx_word' id='word_1_418' title='bbox 420 4528 651 4615; x_wconf 69' lang='lat' dir='ltr'>prestolatur.</span> <span class='ocrx_word' id='word_1_419' title='bbox 697 4527 740 4592; x_wconf 80' lang='lat' dir='ltr'>Et</span> <span class='ocrx_word' id='word_1_420' title='bbox 763 4537 799 4593; x_wconf 93' lang='lat' dir='ltr'>ut</span> <span class='ocrx_word' id='word_1_421' title='bbox 821 4529 904 4594; x_wconf 92' lang='lat' dir='ltr'>haec</span> <span class='ocrx_word' id='word_1_422' title='bbox 927 4529 1044 4594; x_wconf 90' lang='lat' dir='ltr'>electio</span> <span class='ocrx_word' id='word_1_423' title='bbox 1069 4529 1297 4615; x_wconf 89' lang='lat' dir='ltr'>praesentibus</span> <span class='ocrx_word' id='word_1_424' title='bbox 1322 4537 1355 4594; x_wconf 93' lang='lat' dir='ltr'>et</span> <span class='ocrx_word' id='word_1_425' title='bbox 1377 4530 1495 4594; x_wconf 81' lang='lat' dir='ltr'>futuris</span> <span class='ocrx_word' id='word_1_426' title='bbox 1527 4529 1648 4594; x_wconf 86' lang='lat' dir='ltr'>certius</span> <span class='ocrx_word' id='word_1_427' title='bbox 1675 4530 1875 4607; x_wconf 89' lang='lat' dir='ltr'>innotescat,</span> <span class='ocrx_word' id='word_1_428' title='bbox 1904 4529 2044 4593; x_wconf 93' lang='lat' dir='ltr'>omnium</span> 
     </span>
     <span class='ocr_line' id='line_1_41' title="bbox 422 4631 2045 4720; baseline -0.002 -22"><span class='ocrx_word' id='word_1_429' title='bbox 422 4633 645 4720; x_wconf 90' lang='lat' dir='ltr'>episcoporum</span> <span class='ocrx_word' id='word_1_430' title='bbox 670 4633 864 4718; x_wconf 88' lang='lat' dir='ltr'>subscriptio</span> <span class='ocrx_word' id='word_1_431' title='bbox 892 4634 965 4698; x_wconf 90' lang='lat' dir='ltr'>luce</span> <span class='ocrx_word' id='word_1_432' title='bbox 989 4633 1107 4697; x_wconf 91' lang='lat' dir='ltr'>clarius</span> <span class='ocrx_word' id='word_1_433' title='bbox 1131 4632 1262 4697; x_wconf 85' lang='lat' dir='ltr'>indicat.</span> <span class='ocrx_word' id='word_1_434' title='bbox 1319 4633 1437 4697; x_wconf 87' lang='lat' dir='ltr'>Actum</span> <span class='ocrx_word' id='word_1_435' title='bbox 1468 4633 1553 4718; x_wconf 88' lang='lat' dir='ltr'>apud</span> <span class='ocrx_word' id='word_1_436' title='bbox 1578 4631 1755 4696; x_wconf 87' lang='lat' dir='ltr'>Mantalam</span> <span class='ocrx_word' id='word_1_437' title='bbox 1786 4632 1932 4717; x_wconf 89' lang='lat' dir='ltr'>publice,</span> <span class='ocrx_word' id='word_1_438' title='bbox 1961 4653 2045 4696; x_wconf 90' lang='lat' dir='ltr'>anno</span> 
     </span>
     <span class='ocr_line' id='line_1_42' title="bbox 421 4733 2091 4818; baseline -0.002 -18"><span class='ocrx_word' id='word_1_439' title='bbox 421 4737 652 4802; x_wconf 89' lang='lat' dir='ltr'>incarnationis</span> <span class='ocrx_word' id='word_1_440' title='bbox 687 4737 869 4801; x_wconf 88' lang='lat' dir='ltr'>dominicae</span> <span class='ocrx_word' id='word_1_441' title='bbox 896 4735 1175 4818; x_wconf 63' lang='lat' dir='ltr'>Ducenium,</span> <span class='ocrx_word' id='word_1_442' title='bbox 1206 4737 1401 4802; x_wconf 81' lang='lat' dir='ltr'>indictione‘l</span> <span class='ocrx_word' id='word_1_443' title='bbox 1424 4735 1523 4816; x_wconf 78' lang='lat' dir='ltr'>XIl‘l,</span> <span class='ocrx_word' id='word_1_444' title='bbox 1557 4735 1668 4801; x_wconf 90' lang='lat' dir='ltr'>Idibus</span> <span class='ocrx_word' id='word_1_445' title='bbox 1698 4735 1858 4801; x_wconf 88' lang='lat' dir='ltr'>Octobris.</span> <span class='ocrx_word' id='word_1_446' title='bbox 1911 4733 2045 4799; x_wconf 84' lang='lat' dir='ltr'>Gratia¹</span> <span class='ocrx_word' id='word_1_447' title='bbox 2064 4759 2091 4797; x_wconf 80' lang='lat'>40</span> 
     </span>
     <span class='ocr_line' id='line_1_43' title="bbox 424 4840 1010 4926; baseline -0.002 -20"><span class='ocrx_word' id='word_1_448' title='bbox 424 4840 566 4907; x_wconf 85' lang='lat' dir='ltr'>tollendo</span> <span class='ocrx_word' id='word_1_449' title='bbox 590 4841 813 4926; x_wconf 91' lang='lat' dir='ltr'>ambiguitatis</span> <span class='ocrx_word' id='word_1_450' title='bbox 837 4861 901 4904; x_wconf 92' lang='lat' dir='ltr'>uno</span> <span class='ocrx_word' id='word_1_451' title='bbox 927 4888 1010 4906; x_wconf 89' lang='lat'><strong>....</strong></span> 
     </span>
    </p>
   </div>
   <div class='ocr_carea' id='block_1_4' title="bbox 422 5029 2091 5532">
    <p class='ocr_par' dir='ltr' id='par_1_5' title="bbox 422 5029 2091 5532">
     <span class='ocr_line' id='line_1_44' title="bbox 524 5029 2046 5100; baseline -0.002 -16"><span class='ocrx_word' id='word_1_452' title='bbox 524 5035 551 5100; x_wconf 86' lang='lat' dir='ltr'>g)</span> <span class='ocrx_word' id='word_1_453' title='bbox 570 5034 650 5084; x_wconf 87' lang='lat' dir='ltr'>nostri</span> <span class='ocrx_word' id='word_1_454' title='bbox 666 5031 690 5083; x_wconf 79' lang='lat'>2.</span> <span class='ocrx_word' id='word_1_455' title='bbox 792 5029 819 5096; x_wconf 89' lang='lat' dir='ltr'>b)</span> <span class='ocrx_word' id='word_1_456' title='bbox 837 5031 975 5082; x_wconf 85' lang='lat' dir='ltr'>sacrarium</span> <span class='ocrx_word' id='word_1_457' title='bbox 993 5032 1017 5080; x_wconf 74' lang='grc'>2.</span> <span class='ocrx_word' id='word_1_458' title='bbox 1114 5032 1132 5093; x_wconf 93' lang='lat' dir='ltr'>i)</span> <span class='ocrx_word' id='word_1_459' title='bbox 1151 5033 1256 5084; x_wconf 85' lang='lat' dir='ltr'>effectus</span> <span class='ocrx_word' id='word_1_460' title='bbox 1277 5031 1298 5084; x_wconf 87' lang='lat' dir='ltr'>l.</span> <span class='ocrx_word' id='word_1_461' title='bbox 1400 5033 1428 5097; x_wconf 84' lang='lat' dir='ltr'>k)</span> <span class='ocrx_word' id='word_1_462' title='bbox 1448 5034 1472 5084; x_wconf 89' lang='lat' dir='ltr'>ei</span> <span class='ocrx_word' id='word_1_463' title='bbox 1490 5031 1555 5082; x_wconf 74' lang='grc' dir='ltr'>2.ι</span> <span class='ocrx_word' id='word_1_464' title='bbox 1611 5031 1629 5093; x_wconf 84' lang='lat' dir='ltr'>l)</span> <span class='ocrx_word' id='word_1_465' title='bbox 1647 5032 1767 5083; x_wconf 87' lang='lat' dir='ltr'>exhibere</span> <span class='ocrx_word' id='word_1_466' title='bbox 1786 5030 1808 5082; x_wconf 91' lang='lat' dir='ltr'>l.</span> <span class='ocrx_word' id='word_1_467' title='bbox 1904 5033 1939 5092; x_wconf 87' lang='lat' dir='ltr'>m)</span> <span class='ocrx_word' id='word_1_468' title='bbox 1956 5048 2002 5082; x_wconf 84' lang='lat' dir='ltr'>cnr.</span> <span class='ocrx_word' id='word_1_469' title='bbox 2022 5030 2046 5081; x_wconf 80' lang='lat'>2.</span> 
     </span>
     <span class='ocr_line' id='line_1_45' title="bbox 423 5115 2046 5184; baseline -0.001 -14"><span class='ocrx_word' id='word_1_470' title='bbox 423 5123 450 5182; x_wconf 90' lang='lat' dir='ltr'>n)</span> <span class='ocrx_word' id='word_1_471' title='bbox 464 5117 577 5171; x_wconf 80' lang='lat' dir='ltr'>nullis2.</span> <span class='ocrx_word' id='word_1_472' title='bbox 660 5119 685 5182; x_wconf 80' lang='lat' dir='ltr'>ol</span> <span class='ocrx_word' id='word_1_473' title='bbox 703 5120 797 5171; x_wconf 78' lang='lat' dir='ltr'>Christi</span> <span class='ocrx_word' id='word_1_474' title='bbox 815 5117 840 5169; x_wconf 73' lang='lat'>2.</span> <span class='ocrx_word' id='word_1_475' title='bbox 928 5119 956 5184; x_wconf 88' lang='lat' dir='ltr'>p)</span> <span class='ocrx_word' id='word_1_476' title='bbox 976 5118 1129 5170; x_wconf 87' lang='lat' dir='ltr'>videbantur</span> <span class='ocrx_word' id='word_1_477' title='bbox 1145 5117 1169 5168; x_wconf 79' lang='lat'>⁶2.</span> <span class='ocrx_word' id='word_1_478' title='bbox 1258 5119 1285 5183; x_wconf 82' lang='lat' dir='ltr'>q)</span> <span class='ocrx_word' id='word_1_479' title='bbox 1305 5137 1354 5171; x_wconf 81' lang='lat' dir='ltr'>our.</span> <span class='ocrx_word' id='word_1_480' title='bbox 1373 5118 1396 5169; x_wconf 71' lang='grc'>2.</span> <span class='ocrx_word' id='word_1_481' title='bbox 1485 5119 1507 5182; x_wconf 90' lang='lat' dir='ltr'>r)</span> <span class='ocrx_word' id='word_1_482' title='bbox 1526 5117 1625 5170; x_wconf 88' lang='lat' dir='ltr'>consilii</span> <span class='ocrx_word' id='word_1_483' title='bbox 1642 5117 1667 5169; x_wconf 78' lang='grc'>2.</span> <span class='ocrx_word' id='word_1_484' title='bbox 1755 5118 1777 5180; x_wconf 74' lang='lat' dir='ltr'>sl</span> <span class='ocrx_word' id='word_1_485' title='bbox 1796 5135 1846 5169; x_wconf 90' lang='lat' dir='ltr'>non</span> <span class='ocrx_word' id='word_1_486' title='bbox 1864 5125 1965 5170; x_wconf 87' lang='lat' dir='ltr'>tantum</span> <span class='ocrx_word' id='word_1_487' title='bbox 1983 5119 2009 5168; x_wconf 91' lang='lat' dir='ltr'>in</span> <span class='ocrx_word' id='word_1_488' title='bbox 2022 5115 2046 5168; x_wconf 77' lang='lat'>2.</span> 
     </span>
     <span class='ocr_line' id='line_1_46' title="bbox 423 5201 2046 5273; baseline -0.003 -15"><span class='ocrx_word' id='word_1_489' title='bbox 423 5207 443 5270; x_wconf 92' lang='lat' dir='ltr'>t)</span> <span class='ocrx_word' id='word_1_490' title='bbox 461 5215 538 5273; x_wconf 85' lang='lat' dir='ltr'>atque</span> <span class='ocrx_word' id='word_1_491' title='bbox 556 5205 581 5258; x_wconf 78' lang='lat'>2.</span> <span class='ocrx_word' id='word_1_492' title='bbox 668 5204 696 5272; x_wconf 88' lang='lat' dir='ltr'>u)</span> <span class='ocrx_word' id='word_1_493' title='bbox 715 5206 759 5272; x_wconf 87' lang='lat' dir='ltr'>qui</span> <span class='ocrx_word' id='word_1_494' title='bbox 778 5206 825 5257; x_wconf 88' lang='lat' dir='ltr'>etsi</span> <span class='ocrx_word' id='word_1_495' title='bbox 843 5205 934 5266; x_wconf 55' lang='lat' dir='ltr'>Sirene</span> <span class='ocrx_word' id='word_1_496' title='bbox 952 5213 1062 5270; x_wconf 83' lang='lat' dir='ltr'>atquae</span> <span class='ocrx_word' id='word_1_497' title='bbox 1080 5202 1105 5254; x_wconf 75' lang='lat'>2.</span> <span class='ocrx_word' id='word_1_498' title='bbox 1194 5205 1221 5269; x_wconf 90' lang='lat' dir='ltr'>v)</span> <span class='ocrx_word' id='word_1_499' title='bbox 1241 5209 1380 5272; x_wconf 83' lang='lat' dir='ltr'>perfectum</span> <span class='ocrx_word' id='word_1_500' title='bbox 1403 5205 1423 5256; x_wconf 93' lang='lat' dir='ltr'>l.</span> <span class='ocrx_word' id='word_1_501' title='bbox 1512 5205 1546 5267; x_wconf 81' lang='lat' dir='ltr'>w)</span> <span class='ocrx_word' id='word_1_502' title='bbox 1566 5204 1710 5270; x_wconf 84' lang='lat' dir='ltr'>postulatur</span> <span class='ocrx_word' id='word_1_503' title='bbox 1728 5203 1753 5256; x_wconf 78' lang='lat'>2.</span> <span class='ocrx_word' id='word_1_504' title='bbox 1839 5201 1868 5268; x_wconf 92' lang='lat' dir='ltr'>x)</span> <span class='ocrx_word' id='word_1_505' title='bbox 1887 5205 1978 5256; x_wconf 78' lang='lat' dir='ltr'>Gratia</span> <span class='ocrx_word' id='word_1_506' title='bbox 1997 5242 2002 5255; x_wconf 91' lang='lat'>.</span> <span class='ocrx_word' id='word_1_507' title='bbox 2018 5242 2046 5254; x_wconf 88' lang='lat'>..</span> 
     </span>
     <span class='ocr_line' id='line_1_47' title="bbox 424 5289 2091 5359; baseline -0.002 -13"><span class='ocrx_word' id='word_1_508' title='bbox 424 5311 475 5345; x_wconf 91' lang='lat' dir='ltr'>uno</span> <span class='ocrx_word' id='word_1_509' title='bbox 488 5294 539 5346; x_wconf 75' lang='lat' dir='ltr'>dee.</span> <span class='ocrx_word' id='word_1_510' title='bbox 558 5294 585 5343; x_wconf 80' lang='lat' dir='ltr'>in</span> <span class='ocrx_word' id='word_1_511' title='bbox 603 5291 632 5353; x_wconf 75' lang='lat'>2;</span> <span class='ocrx_word' id='word_1_512' title='bbox 650 5294 683 5343; x_wconf 84' lang='lat' dir='ltr'>Et</span> <span class='ocrx_word' id='word_1_513' title='bbox 701 5293 908 5359; x_wconf 86' lang='lat' dir='ltr'>subscripserunt</span> <span class='ocrx_word' id='word_1_514' title='bbox 925 5293 1036 5358; x_wconf 85' lang='lat' dir='ltr'>episcopi</span> <span class='ocrx_word' id='word_1_515' title='bbox 1057 5293 1140 5358; x_wconf 67' lang='lat' dir='ltr'>pegpr&#39;t</span> <span class='ocrx_word' id='word_1_516' title='bbox 1158 5291 1249 5355; x_wconf 73' lang='lat' dir='ltr'>Sirra,</span> <span class='ocrx_word' id='word_1_517' title='bbox 1274 5293 1317 5356; x_wconf 83' lang='lat' dir='ltr'>qai</span> <span class='ocrx_word' id='word_1_518' title='bbox 1340 5292 1378 5343; x_wconf 76' lang='lat' dir='ltr'>‘ea</span> <span class='ocrx_word' id='word_1_519' title='bbox 1396 5291 1476 5342; x_wconf 82' lang='lat' dir='ltr'>uerbis</span> <span class='ocrx_word' id='word_1_520' title='bbox 1498 5291 1629 5342; x_wconf 72' lang='lat' dir='ltr'>I’orudini</span> <span class='ocrx_word' id='word_1_521' title='bbox 1651 5291 1659 5353; x_wconf 76' lang='lat' dir='ltr'>l</span> <span class='ocrx_word' id='word_1_522' title='bbox 1661 5307 1690 5354; x_wconf 82' lang='lat' dir='ltr'>p.</span> <span class='ocrx_word' id='word_1_523' title='bbox 1706 5289 1768 5342; x_wconf 77' lang='lat'>105:</span> <span class='ocrx_word' id='word_1_524' title='bbox 1791 5289 1835 5341; x_wconf 82' lang='lat' dir='ltr'>‘Et</span> <span class='ocrx_word' id='word_1_525' title='bbox 1850 5294 1945 5358; x_wconf 77' lang='lat' dir='ltr'>fierent</span> <span class='ocrx_word' id='word_1_526' title='bbox 1961 5292 2047 5343; x_wconf 78' lang='lat' dir='ltr'>leedits</span> <span class='ocrx_word' id='word_1_527' title='bbox 2065 5303 2091 5342; x_wconf 75' lang='lat' dir='ltr'>lu</span> 
     </span>
     <span class='ocr_line' id='line_1_48' title="bbox 423 5377 2048 5451; baseline -0.002 -19"><span class='ocrx_word' id='word_1_528' title='bbox 423 5398 537 5446; x_wconf 79' lang='lat' dir='ltr'>evesques</span> <span class='ocrx_word' id='word_1_529' title='bbox 555 5397 617 5451; x_wconf 73' lang='lat' dir='ltr'>ceux</span> <span class='ocrx_word' id='word_1_530' title='bbox 634 5380 678 5446; x_wconf 77' lang='lat' dir='ltr'>gui</span> <span class='ocrx_word' id='word_1_531' title='bbox 696 5380 868 5446; x_wconf 75' lang='lat' dir='ltr'>a&#39;easuproeat:</span> <span class='ocrx_word' id='word_1_532' title='bbox 894 5380 1045 5430; x_wconf 86' lang='lat' dir='ltr'>Ottramuus</span> <span class='ocrx_word' id='word_1_533' title='bbox 1063 5378 1132 5440; x_wconf 85' lang='lat' dir='ltr'>eto.&#39;)</span> <span class='ocrx_word' id='word_1_534' title='bbox 1155 5379 1350 5444; x_wconf 77' lang='lat' dir='ltr'>artbacriptioacs</span> <span class='ocrx_word' id='word_1_535' title='bbox 1375 5378 1534 5428; x_wconf 68' lang='lat' dir='ltr'>condonavit</span> <span class='ocrx_word' id='word_1_536' title='bbox 1556 5377 1646 5428; x_wconf 82' lang='lat' dir='ltr'>seriem</span> <span class='ocrx_word' id='word_1_537' title='bbox 1668 5387 1766 5429; x_wconf 77' lang='lat' dir='ltr'>occultus</span> <span class='ocrx_word' id='word_1_538' title='bbox 1789 5378 1964 5444; x_wconf 79' lang='lat' dir='ltr'>episcoporum</span> <span class='ocrx_word' id='word_1_539' title='bbox 1986 5395 2048 5443; x_wconf 80' lang='lat' dir='ltr'>quoa</span> 
     </span>
     <span class='ocr_line' id='line_1_49' title="bbox 422 5466 697 5532; baseline -0.011 -14"><span class='ocrx_word' id='word_1_540' title='bbox 422 5468 568 5532; x_wconf 77' lang='lat' dir='ltr'>interfuisse</span> <span class='ocrx_word' id='word_1_541' title='bbox 586 5466 697 5516; x_wconf 62' lang='lat' dir='ltr'>narrat!</span> 
     </span>
    </p>
   </div>
   <div class='ocr_carea' id='block_1_5' title="bbox 424 5631 2049 5814">
    <p class='ocr_par' dir='ltr' id='par_1_6' title="bbox 424 5631 2049 5814">
     <span class='ocr_line' id='line_1_50' title="bbox 527 5631 2049 5702; baseline -0.001 -12"><span class='ocrx_word' id='word_1_542' title='bbox 527 5638 554 5701; x_wconf 72' lang='grc'>3)</span> <span class='ocrx_word' id='word_1_543' title='bbox 576 5631 732 5688; x_wconf 79' lang='lat' dir='ltr'>lerdorcico</span> <span class='ocrx_word' id='word_1_544' title='bbox 751 5635 835 5688; x_wconf 80' lang='lat' dir='ltr'>Balbo</span> <span class='ocrx_word' id='word_1_545' title='bbox 852 5636 908 5701; x_wconf 67' lang='lat' dir='ltr'>filio</span> <span class='ocrx_word' id='word_1_546' title='bbox 932 5635 1032 5689; x_wconf 84' lang='lat' dir='ltr'>Karoli</span> <span class='ocrx_word' id='word_1_547' title='bbox 1051 5635 1090 5688; x_wconf 90' lang='grc' dir='ltr'>ΙΙ</span> <span class='ocrx_word' id='word_1_548' title='bbox 1106 5653 1131 5689; x_wconf 87' lang='lat' dir='ltr'>a.</span> <span class='ocrx_word' id='word_1_549' title='bbox 1145 5637 1203 5702; x_wconf 77' lang='lat' dir='ltr'>aru,</span> <span class='ocrx_word' id='word_1_550' title='bbox 1226 5634 1268 5687; x_wconf 85' lang='lat' dir='ltr'>dic</span> <span class='ocrx_word' id='word_1_551' title='bbox 1293 5636 1332 5687; x_wconf 90' lang='lat' dir='ltr'>ll.</span> <span class='ocrx_word' id='word_1_552' title='bbox 1351 5651 1383 5686; x_wconf 83' lang='lat' dir='ltr'>ru.</span> <span class='ocrx_word' id='word_1_553' title='bbox 1398 5632 1502 5701; x_wconf 67' lang='lat' dir='ltr'>Aprilis</span> <span class='ocrx_word' id='word_1_554' title='bbox 1523 5640 1639 5701; x_wconf 75' lang='lat' dir='ltr'>rumino,</span> <span class='ocrx_word' id='word_1_555' title='bbox 1656 5636 1731 5688; x_wconf 74' lang='lat' dir='ltr'>Aac.</span> <span class='ocrx_word' id='word_1_556' title='bbox 1751 5635 1854 5688; x_wconf 80' lang='lat' dir='ltr'>Bartia.</span> <span class='ocrx_word' id='word_1_557' title='bbox 1878 5633 1894 5687; x_wconf 89' lang='lat' dir='ltr'>l.</span> <span class='ocrx_word' id='word_1_558' title='bbox 1906 5650 1927 5688; x_wconf 85' lang='lat' dir='ltr'>e.</span> <span class='ocrx_word' id='word_1_559' title='bbox 1942 5651 1971 5702; x_wconf 83' lang='lat' dir='ltr'>p.</span> <span class='ocrx_word' id='word_1_560' title='bbox 1986 5633 2049 5700; x_wconf 77' lang='lat'>148,-</span> 
     </span>
     <span class='ocr_line' id='line_1_51' title="bbox 424 5737 1991 5814; baseline -0.004 -16"><span class='ocrx_word' id='word_1_561' title='bbox 424 5745 474 5811; x_wconf 77' lang='lat' dir='ltr'>csr.</span> <span class='ocrx_word' id='word_1_562' title='bbox 496 5743 628 5814; x_wconf 76' lang='lat' dir='ltr'>Reginca.</span> <span class='ocrx_word' id='word_1_563' title='bbox 647 5741 759 5795; x_wconf 78' lang='lat' dir='ltr'>clirmiie.</span> <span class='ocrx_word' id='word_1_564' title='bbox 780 5741 817 5794; x_wconf 82' lang='lat' dir='ltr'>acl</span> <span class='ocrx_word' id='word_1_565' title='bbox 836 5759 861 5795; x_wconf 89' lang='lat' dir='ltr'>a.</span> <span class='ocrx_word' id='word_1_566' title='bbox 879 5743 937 5810; x_wconf 79' lang='lat'>879,</span> <span class='ocrx_word' id='word_1_567' title='bbox 957 5758 1042 5811; x_wconf 80' lang='lat' dir='ltr'>supra</span> <span class='ocrx_word' id='word_1_568' title='bbox 1057 5759 1087 5810; x_wconf 81' lang='lat' dir='ltr'>p.</span> <span class='ocrx_word' id='word_1_569' title='bbox 1100 5743 1159 5796; x_wconf 81' lang='grc'>366.</span> <span class='ocrx_word' id='word_1_570' title='bbox 1247 5741 1275 5811; x_wconf 83' lang='grc'>4)</span> <span class='ocrx_word' id='word_1_571' title='bbox 1296 5737 1350 5807; x_wconf 78' lang='lat' dir='ltr'>Cfr.</span> <span class='ocrx_word' id='word_1_572' title='bbox 1370 5739 1579 5794; x_wconf 62' lang='lat' dir='ltr'>[attractionis.</span> <span class='ocrx_word' id='word_1_573' title='bbox 1599 5740 1674 5807; x_wconf 81' lang='lat'>111²,</span> <span class='ocrx_word' id='word_1_574' title='bbox 1693 5737 1841 5808; x_wconf 77' lang='lat' dir='ltr'>p.llsgq.;</span> <span class='ocrx_word' id='word_1_575' title='bbox 1859 5739 1991 5806; x_wconf 74' lang='lat' dir='ltr'>ptltleqq.</span> 
     </span>
    </p>
   </div>
   <div class='ocr_carea' id='block_1_6' title="bbox 0 0 2310 6420">
    <p class='ocr_par' dir='ltr' id='par_1_7' title="bbox 0 0 2310 6420">
     <span class='ocr_line' id='line_1_52' title="bbox 0 0 2310 6420; baseline 0 0"><span class='ocrx_word' id='word_1_576' title='bbox 0 0 2310 6420; x_wconf 95' lang='lat' dir='ltr'> </span> 
     </span>
    </p>
   </div>
  </div>
 </body>
</html>
