4590 6428
964 1663 1144 1790 ΧΙΙΙ.

360 1907 906 2070 HLUDOWICI
958 1912 1081 2039 PII
1133 1909 1753 2043 CAPITULARIA.

903 2147 1206 2266 828-840.

853 2449 1262 2457 ω--ᾑ--η--ν-ῇ

241 2671 481 2778 184-193.
523 2669 930 2784 CAPITULA
960 2670 1190 2783 ANNO
1218 2677 1319 2785 828.
1351 2673 1451 2784 ΕΤ
1479 2676 1579 2782 829.
1610 2672 1869 2786 EDITA.
1888 2703 1948 2757 ⁸2⁸·
1966 2703 2018 2756 888

208 2882 221 2920 8
347 2853 400 2932 In
425 2869 552 2934 concilii
573 2870 770 2937 Parisiensis
800 2875 882 2938 secti
911 2873 1007 2951 actis,
1040 2893 1122 2955 quae
1150 2894 1236 2938 anno
1259 2875 1332 2939 829.
1363 2872 1414 2936 die
1435 2877 1522 2936 seato
1543 2871 1660 2935 88888888
1681 2871 1774 2935 Iunii
1797 2871 1871 2956 (cfr.

241 2971 357 3036 Mansi
373 2971 470 3050 XIV,
494 2974 548 3038 888.
567 2977 645 3049 535)
668 2975 859 3041 Η88888888888
881 2977 1066 3057 imperatori
1088 2977 1279 3040 transmissa
1300 2981 1390 3053 sunt,
1414 2980 1517 3040 exstat
1538 2976 1752 3056 episcoporum
1773 2997 1883 3059 quae-

241 3075 317 3139 dam
344 3075 389 3139 ad
414 3097 485 3141 erim
515 3078 592 3142 data
618 3078 749 3162 epistola
770 3083 835 3161 (nr.
856 3082 947 3163 196),
974 3102 1039 3162 qua
1066 3081 1103 3145 de
1132 3081 1332 3161 imperatoris
1358 3079 1522 3145 88888888Ι
1509 3079 1636 3161 iopen
1656 3085 1775 3144 statum
1797 3102 1870 3146 con·

240 3179 461 3244 ditationibus
493 3180 690 3262 reformandi
723 3188 752 3248 88
784 3184 822 3248 de
849 3183 1000 3265 capitulis
1028 3185 1108 3249 86
1094 3204 1163 3266 ipso
1194 3184 1289 3248 editis
1314 3183 1407 3246 uerba
1434 3183 1527 3263 fiunt.
1579 3181 1703 3247 Dicunt
1735 3183 1871 3264 episcopi

242 3283 461 3363 imperatorem
483 3306 568 3351 anno
594 3292 668 3351 ante
690 3286 773 3351 888888
796 3287 958 3368 epistolam
980 3287 1102 3366 datam,
1132 3307 1216 3351 anno
1238 3287 1339 3368 8988888
1361 3287 1439 3361 828,
1468 3284 1646 3367 9888888888
1632 3287 1789 3350 ieiunium
1811 3287 1869 3350 tri·

196 3409 224 3448 ιο
242 3386 388 3451 duanam
403 3408 465 3468 per
487 3394 585 3454 totum
606 3411 736 3474 repnum
757 3389 942 3455 cedebrari'
928 3392 1059 3456 88888888
1080 3395 1110 3454 88
1131 3389 1228 3454 simul
1255 3390 1390 3454 8888888888
1415 3410 1446 3453 88
1473 3390 1509 3453 in
1530 3388 1653 3469 placito
1672 3388 1811 3470 9888888888
1833 3390 1871 3454 de

240 3493 330 3553 statu
351 3491 479 3571 imperii
500 3492 701 3574 reformando
722 3499 871 3558 actarum
893 3515 966 3559 8888.
1001 3494 1112 3558 Huius
1134 3495 1249 3558 ieiunii
1268 3492 1425 3576 pancratis
1446 3498 1475 3558 88
1493 3492 1592 3557 tinius
1602 3491 1721 3573 placiti
1734 3493 1870 3558 nabadi

240 3593 357 3658 mentio
379 3595 476 3659 etiam
495 3597 534 3677 fit
556 3597 592 3660 iu
606 3597 793 3662 Hludouici
814 3597 954 3679 quadam
971 3597 1101 3679 epistola
1119 3597 1260 3680 98888888
1282 3596 1372 3678 infra
1386 3617 1437 3663 nr.
1454 3598 1523 3662 185.
1548 3595 1643 3678 edita,
1666 3617 1747 3677 qaae
1765 3597 1870 3662 eadem

243 3717 328 3760 anuo
356 3699 477 3779 scripta
499 3705 556 3778 est,
585 3722 646 3782 quo
674 3702 832 3766 ieiunium
859 3700 1003 3783 9888888888
1026 3701 1181 3766 indictum
1203 3706 1272 3766 erat
1294 3706 1323 3765 88
1344 3701 1451 3764 minus
1465 3699 1626 3781 placitum
1647 3699 1790 3765 habitum
1811 3705 1867 3765 est.

243 3799 336 3864 Iliad
368 3807 476 3867 autem
507 3804 641 3869 edictam
673 3806 764 3871 8888888
795 3827 860 3870 non
892 3811 938 3870 888
973 3806 1137 3870 traditum.
1197 3806 1324 3870 Narrat
1351 3804 1463 3868 deinde
1491 3803 1705 3883 episcoporum
1738 3802 1869 3883 mostata

197 3931 223 3968 is
235 3909 368 3988 propter
388 3906 491 3971 8888888
517 3908 552 3971 in
573 3929 702 3990 requam
724 3911 880 3991 inpressos
902 3907 1003 3991 (anno
1025 3910 1098 3974 827.
1123 3907 1221 3972 Eion.
1237 3905 1330 3988 ann.)
1350 3906 1517 3972 concilium
1538 3905 1622 3969 iliud
1641 3905 1783 3987 98888888
1803 3926 1869 3970 non

241 4007 343 4088 [888888
364 4009 564 4089 celebratum,
596 4013 813 4093 imperatorem
834 4018 941 4077 autem
964 4012 1062 4077 88888888
1083 4012 1261 4092 insequenti
1287 4031 1358 4075 curn
1379 4009 1570 4091 quibusdam
1591 4008 1703 4073 saitem
1723 4008 1868 4090 fidelibus

237 4109 396 4192 placitam
423 4112 586 4190 8886888888,
618 4116 703 4196 quod
731 4119 838 4182 eadem
866 4116 925 4181 iila
951 4115 1138 4181 Hludourici
1166 4114 1298 4196 epistola
1324 4113 1481 4198 petieratis
1511 4114 1687 4194 continuat.
1743 4115 1785 4178 In
1812 4113 1868 4178 8888

243 4216 363 4282 minore
381 4216 512 4297 placito¹
538 4223 576 4282 ut
596 4224 733 4302 utraque
754 4220 885 4303 89888888
908 4221 1018 4302 refert,
1041 4221 1260 4300 imperatorem
1280 4224 1419 4302 quatuor
1441 4217 1656 4301 eparscoporum
1677 4217 1810 4300 synodos
1832 4218 1868 4282 in

244 4320 381 4386 88888888
406 4321 532 4402 imperii
558 4321 639 4387 locos
664 4344 860 4403 convocasse,
894 4325 1074 4402 decausis,
1101 4344 1183 4406 quae
1205 4323 1250 4388 ad
1271 4328 1393 4408 tempus
1413 4321 1628 4388 emendatione
1649 4322 1763 4404 88898888
1783 4321 1869 4386 visae

199 4447 226 4487 88
242 4424 374 4505 fuerint,
396 4445 533 4508 88889888
556 4425 698 4508 capitula
720 4428 883 4510 8898888888
896 4435 1101 4511 strenuosque
1116 4427 1241 4511 88988888,
1264 4433 1301 4492 ut
1315 4448 1377 4508 per
1392 4426 1499 4491 eadem
1514 4425 1657 4507 capitata
1672 4425 1868 4490 mundanda

244 4527 452 4606 emendarent,
475 4528 667 4611 delcpaoisse.
706 4531 793 4613 Quae
814 4534 851 4597 in
872 4533 928 4598 8888
949 4534 1070 4597 minore
1084 4531 1206 4614 placito
1221 4530 1320 4594 8888888
1334 4535 1373 4608 88,
1395 4535 1433 4593 ut
1447 4551 1486 4594 ea
1500 4530 1601 4594 verbis
1616 4528 1763 4611 epistolae
1776 4549 1866 4611 98888-

244 4629 324 4693 ratis
343 4630 404 4696 hoo
421 4653 505 4697 anno
520 4633 656 4714 (formae
670 4636 853 4720 utriusque)
867 4643 896 4701 et
911 4637 1088 4723 praeterito
1105 4657 1189 4700 anno
1205 4633 1342 4717 (formae
1355 4634 1501 4717 mimis)
1515 4639 1658 4714 apparet,
1684 4633 1751 4697 iam
1765 4653 1868 4697 mense

244 4731 409 4798 Decembri
427 4736 508 4798 anni
523 4737 594 4801 828.
618 4738 698 4803 inita
719 4743 843 4803 statuta
864 4745 953 4817 sunt,
976 4739 1149 4804 nmaimam
1170 4737 1207 4802 in
1221 4741 1350 4818 partem
1371 4736 1415 4800 ad
1435 4756 1493 4800 uos
1507 4736 1704 4801 8888888888.
1747 4735 1868 4800 Exstat

244 4838 326 4903 enim
340 4838 522 4903 constitutio
537 4840 574 4904 de
588 4848 727 4922 quatuor
741 4843 954 4924 episcoporum
968 4843 1097 4926 89888888
1111 4862 1197 4906 anno
1210 4843 1281 4907 829.
1299 4839 1450 4904 habendis
1463 4838 1571 4922 (infra
1584 4861 1633 4904 nr.
1650 4842 1740 4918 184),
1736 4860 1743 4874 ·
1765 4843 1869 4904 exstat

202 4963 227 5004 88
245 4942 469 5024 imperatorum
491 4943 622 5023 epistola
640 4945 809 5028 peneralis,
832 4967 897 5028 qua
922 4947 959 5011 de
980 4946 1032 5010 8888
1052 4946 1179 5028 synodis
1201 4943 1377 5009 convocatis
1398 4942 1563 5024 missosque
1585 4942 1733 5025 8888898888
1746 4941 1868 5024 popula

244 5047 424 5125 nuntiatur,
453 5046 577 5111 ieiunia
595 5069 716 5131 quoque
733 5049 894 5132 9888888888
920 5051 1034 5114 iterum
1048 5048 1237 5113 indicantur
1251 5048 1315 5130 (ur.
1330 5047 1422 5127 185);
1449 5052 1575 5111 uastant
1590 5067 1709 5129 quoque
1724 5046 1868 5130 capitula

245 5150 284 5213 oo
298 5151 452 5232 episcopis
466 5150 669 5216 deliberanda
680 5155 744 5236 (nr.
761 5154 838 5237 186)
852 5158 881 5217 88
896 5152 1091 5233 capitularia
1104 5151 1265 5233 complura
1279 5150 1324 5214 ad
1337 5150 1448 5215 missos
1462 5170 1566 5214 mense
1578 5149 1686 5231 Aprdi
1700 5170 1781 5214 anm
1775 5151 1866 5216 829.

246 5252 397 5335 8888898888
411 5257 646 5338 pertinentia(
646 5279 695 5321 nr.
715 5259 893 5334 187-189,
911 5255 1051 5341 fortasse
1070 5258 1165 5322 etiam
1184 5258 1269 5339 190).
1313 5253 1375 5320 Sed
1397 5253 1451 5318 ‘ad
1472 5252 1602 5334 tempus’
1625 5257 1750 5320 tantum
1771 5276 1867 5336 98888-

246 5357 369 5422 damin
384 5360 503 5449 minore
518 5359 571 5424 8888
578 5359 701 5441 placito
716 5362 875 5439 ordinata,
890 5361 958 5425 otia
974 5361 1011 5425 in
1023 5359 1166 5444 9888888888
1176 5357 1334 5440 placitum
1348 5357 1451 5422 dilata
1466 5362 1543 5423 sunt
1552 5356 1626 5440 (cfr.
1637 5378 1688 5425 nr.
1702 5359 1770 5434 188,
1782 5378 1807 5421 8.
1825 5362 1866 5438 1),

204 5483 229 5522 so
245 5461 328 5542 qaod
348 5482 450 5526 mense
464 5463 609 5545 Aupnsto
631 5465 712 5528 anni
727 5467 799 5532 829.
824 5465 1017 5531 Wormatrae
1030 5463 1195 5528 Einhardi
1209 5461 1382 5526 annalibus
1404 5467 1433 5526 88
1454 5463 1520 5526 oita
1535 5460 1575 5525 H
1576 5459 1722 5525 ludoroici
1738 5461 1868 5526 testibus

245 5563 387 5629 habitum
409 5571 464 5632 est.
508 5567 551 5630 In
572 5567 627 5631 troc
649 5575 801 5634 conoe-uta
824 5570 960 5651 episcopi
982 5570 1020 5634 de
1034 5573 1173 5650 quatuor
1187 5567 1378 5651 synodorum
1394 5565 1670 5630 88888888888888888888
1684 5565 1868 5650 imperatori

246 5667 420 5734 retulenint
433 5670 506 5754 (cfr.
523 5670 612 5751 infra
628 5692 678 5738 nr.
696 5675 779 5757 196),
798 5680 964 5755 praeterea
985 5678 1091 5738 autem
1105 5672 1303 5755 capitularia
1317 5670 1403 5736 edita
1416 5673 1502 5747 sunt,
1523 5689 1605 5751 quae
1619 5668 1738 5734 codices
1752 5689 1866 5734 manu-

245 5773 357 5854 scripti
377 5772 471 5838 multi
492 5781 694 5840 sermoerunt
716 5776 821 5857 (infra
843 5799 893 5844 nr.
912 5779 1107 5861 191-193).

349 5901 386 5942 ct.
411 5901 578 5942 8888888888
596 5903 622 5943 88.
1645 5885 1660 5937 1
