4568 6420
410 449 472 510 484
641 441 883 498 wauaraleus
901 441 948 496 DE
966 441 1138 496 exorturis
1157 440 1202 495 ΕΤ
1221 439 1470 496 inobaudieris
1489 440 1571 497 BER.
1590 441 1687 496 acet.
1706 459 1729 497 c.
1741 442 1767 497 8.
1784 443 1809 496 9.

410 625 503 683 turae
520 620 646 683 ratione
663 619 841 705 proveniat,
864 618 1089 704 multipliciter
1103 623 1209 702 patet:
1232 619 1372 703 primum
1388 616 1529 702 quidem,
1546 617 1623 700 quia
1640 618 1765 702 pictura
1782 605 1832 682 est
1852 617 2036 702 quaedam*

410 723 593 787 litteratura
621 723 817 800 inlitterata,
848 721 957 786 adeoW
987 728 1023 785 ut
1053 720 1189 805 quidam
1214 722 1357 806 priorum
1386 720 1514 804 legatur
1543 721 1744 805 expleturis
1768 720 1922 787 didicisse
1947 723 2032 786 anti-

411 829 546 910 quorum
561 826 731 901 historias;
755 824 883 905 deinde,
908 831 945 887 ut
960 822 1129 888 brevitatis
1147 843 1247 887 causa
1262 824 1520 909 praetermittam
1537 823 1686 907 plurima,
1711 825 1743 887 in
1766 821 1868 908 gestis
1885 823 2035 890 Silvestri

408 950 514 1014 papae
542 921 699 1014 Ιιςὶιιιι92
724 929 973 993 Constantinum
1008 928 1240 1013 imperatorem
1268 949 1327 1014 per
1356 927 1542 991 thoracidas
1575 928 1809 1012 apostolorum,
1834 929 1920 1014 quod
1943 931 2035 1014 ipsos

409 1035 590 1097 invisione
615 1034 740 1113 viderit,
765 1033 967 1117 cognovisse,
1014 1031 1058 1095 Et
1081 1031 1229 1096 videmus
1253 1030 1428 1116 aliquando
1452 1030 1616 1115 simplices
1639 1039 1672 1095 et
1695 1030 1823 1110 idiotas,
1846 1033 1900 1117 qui
1925 1034 2035 1097 verbis
2074 1051 2087 1090 ι

410 1137 465 1200 vix
489 1135 529 1199 ad
553 1136 650 1200 fidem
674 1141 840 1220 gestorum
863 1140 1000 1221 possunt
1023 1134 1173 1219 perduci,
1204 1155 1245 1198 ex
1269 1136 1396 1220 pictura
1422 1133 1583 1220 passionis
1612 1132 1792 1199 dominicae
1817 1137 1868 1199 vel
1899 1136 2035 1200 aliorum

410 1240 606 1304 mirabilium
629 1242 675 1304 ita
697 1241 883 1325 compungi,
906 1246 943 1303 ut
958 1238 1099 1302 lacrimis
1122 1245 1285 1304 testentur
1301 1239 1481 1302 exteriores
1498 1238 1620 1322 figuras
1639 1236 1727 1301 cordi
1744 1259 1803 1301 suo
1820 1240 1913 1323 quasi
1930 1240 2036 1303 lituris

410 1345 597 1427 impressas.
643 1344 769 1429 Igitur*
792 1344 892 1406 sicuty
915 1333 1072 1405 ‘omnial3
1095 1341 1215 1405 munda
1237 1339 1390 1424 mundis’,
1414 1342 1632 1425 coinquinatis
1657 1347 1767 1406 autem
1791 1348 1824 1406 et
1847 1342 2035 1407 infidelibus

410 1445 511 1510 nibil¹
535 1447 703 1527 mundum,
737 1449 813 1532 quia
841 1447 1068 1529 coinquinata·
1097 1451 1172 1508 aunt
1200 1465 1312 1508 eorum
1341 1445 1397 1509 etb
1426 1464 1516 1508 mens
1552 1451 1586 1508 et
1615 1445 1831 1526 conscientia,
1867 1447 1913 1509 ita
1941 1448 2036 1511 malis

412 1571 524 1614 omnes
548 1551 620 1614 viae
647 1549 856 1614 offensionis⁰
871 1548 989 1633 plenae
1006 1554 1096 1619 sunt;
1121 1554 1154 1611 et
1170 1548 1254 1611 sicut
1270 1546 1368 1611 lvoni‘¹
1391 1549 1489 1612 etiam
1505 1547 1620 1634 malise
1638 1547 1734 1627 bene,
1757 1549 1803 1612 sic
1820 1548 1917 1612 malis
1938 1552 2036 1614 etiam
2066 1575 2092 1613 ιο

411 1651 506 1716 bonis
531 1654 616 1718 male
640 1658 784 1717 utuntur.

523 1757 577 1822 Sic
606 1758 716 1842 itaque
744 1757 903 1841 imagines
931 1763 964 1819 et
991 1755 1138 1840 picturae
1167 1754 1339 1819 habendae
1364 1762 1438 1819 sunt
1461 1760 1494 1819 et
1516 1754 1689 1834 amandae,
1722 1761 1758 1819 ut
1781 1777 1840 1819 nec
1865 1755 2038 1844 dispectuss

412 1860 536 1924 utilitas
551 1860 735 1924 adnulletur
748 1898 788 1908 —
802 1867 834 1923 et
846 1859 928 1923 haee
940 1859 1160 1925 inreverentia
1173 1862 1205 1924 in
1218 1862 1372 1945 ipsorum,
1386 1880 1520 1954 quorum
1534 1859 1763 1924 similitudines
1781 1867 1865 1939 sunt,
1879 1861 2039 1926 redundet

413 1963 565 2027 iniuriam
584 2000 622 2010 -
639 1985 700 2028 nec
724 1965 812 2028 cultu
828 1962 1041 2028 immoderato
1063 1965 1139 2029 fidei
1162 1964 1284 2028 sanitas
1301 1964 1492 2028 vulneretur
1514 1969 1546 2026 et
1569 1962 1789 2047 corporalibus
1813 1963 1910 2027 rebus
1936 1963 2040 2029 honor

414 2066 510 2129 nimie
535 2067 701 2151 impensus
725 2074 841 2152 arguat
862 2088 921 2131 nos
943 2067 1050 2131 minus
1074 2067 1233 2153 spiritalia
1257 2067 1478 2152 contemplari.
1644 2077 1646 2082 '
2067 2093 2092 2130 ιι

522 2170 573 2236 9¹¹.
610 2169 705 2244 Quod
729 2172 853 2256 templa
868 2170 932 2236 Dei
948 2171 1152 2236 dedicatione
1169 2172 1308 2236 solemni
1324 2170 1542 2234 consecranda
1558 2171 1632 2251 sint,
1655 2171 1815 2255 exemplis
1833 2172 2039 2257 antiquorum

413 2281 446 2337 et
469 2293 614 2357 congrua
636 2275 763 2338 ratione
786 2273 959 2354 docemur,
990 2275 1067 2358 quia
1096 2281 1129 2338 et
1152 2275 1253 2339 Iacob
1279 2273 1464 2358 patriarcha
1488 2274 1636 2338 erexisse
1660 2272 1803 2359 lapidem
1826 2265 1981 2358 legiturll
2006 2282 2040 2340 et

413 2377 487 2441 oleo
510 2375 650 2463 desuper
673 2377 745 2442 luso
768 2378 906 2442 unxisse
930 2398 1004 2441 eum
1029 2385 1062 2442 et
1084 2398 1222 2442 vocasse
1247 2376 1376 2441 domum
1393 2375 1456 2440 Dei
1478 2376 1636 2461 itemque¹
1659 2397 1757 2461 super
1772 2377 1876 2442 altare
1894 2385 2040 2443 erectum

414 2482 585 2545 invocasse
609 2481 821 2545 fortissimum
852 2480 957 2545 Deum
981 2480 1093 2546 Israel.
1143 2480 1404 2546 Tabernaculum
1433 2485 1541 2544 autem
1563 2480 1695 2565 Moyses
1719 2487 1753 2545 et
1780 2479 1934 2546 Salomon
1956 2490 2040 2548 tem-

413 2585 500 2667 plum
525 2583 746 2649 celeberrimis
762 2582 1041 2648 dedicationibus¹¹
1056 2605 1266 2650 consecrasse
1283 2575 1496 2668 leguntur¹⁹⁵,
1520 2583 1606 2647 unde
1622 2585 1653 2647 in
1670 2585 1893 2648 testimonium
1910 2585 2040 2651 divinae
2068 2610 2095 2649 ao

414 2687 611 2751 ostensionis
643 2694 676 2751 et
697 2688 892 2752 visitationis
924 2688 1008 2772 ignis
1037 2686 1078 2751 de
1113 2689 1204 2752 caelo
1238 2685 1441 2752 descendens
1475 2685 1584 2751 oblata
1616 2689 1816 2773 consumpsit
1849 2695 1882 2752 et
1914 2701 2041 2775 superm

413 2798 583 2876 utramque
615 2789 746 2854 domum
775 2791 883 2854 fumus
912 2812 950 2856 ae
980 2791 1101 2856 nebula
1130 2790 1259 2856 divinae
1289 2791 1501 2877 protectionis
1526 2790 1684 2876 apparuit.
1731 2791 1919 2857 Notandum
1951 2814 2040 2875 vero,

414 2893 501 2977 quod
524 2915 587 2958 non
611 2900 736 2958 tantum
761 2895 794 2958 in
817 2895 919 2981 prima
942 2895 1183 2959 constructione
1213 2895 1326 2980 templi
1355 2893 1540 2959 dedicatio¹²
1562 2901 1614 2959 est
1637 2895 1822 2975 celebrata,
1851 2895 1909 2960 sed
1940 2898 2040 2961 etiam

414 2989 595 3062 secundo96
619 2999 673 3062 vel
696 2999 799 3063 tercio
823 3005 898 3084 post
920 2999 1125 3063 eversionem
1156 3004 1190 3063 et
1211 2999 1471 3084 profanationem
1496 2998 1643 3062 eiusdem
1667 2997 1781 3082 templi
1804 3005 1938 3084 propter
1960 3019 2039 3085 pcc-

414 3107 487 3165 cata
515 3101 624 3187 populi
653 3112 698 3165 a⁰
727 3101 880 3186 gentibue
910 3108 1149 3188 perpetratam,
1184 3123 1257 3166 curu
1286 3101 1549 3166 reaedificatum
1578 3101 1639 3166 sub
1667 3100 1852 3165 Zorobabel
1880 3104 1948 3167 sive
1979 3103 2040 3166 sub
2069 3129 2095 3170 aa

414 3203 604 3269 Mecbabeis
634 3202 751 3268 luisset
779 3204 1001 3289 purificatum,
1036 3206 1153 3269 iterata
1181 3204 1366 3270 dedicatio‘l
1395 3212 1467 3268 estq
1496 3205 1682 3269 subsecuta.
1734 3201 1829 3268 Unde
1862 3227 1916 3286 ee,
1955 3225 2040 3290 quae

413 3307 590 3372 novissime
613 3307 702 3371 facta
725 3313 793 3372 estr
816 3308 933 3371 hiemis
956 3314 1120 3393 tempore,
1150 3328 1254 3393 usque
1284 3307 1325 3371 ad
1351 3313 1498 3393 tempora
1527 3307 1690 3394 passionis
1716 3305 1835 3371 Obristi
1866 3308 2042 3372 observata

414 3413 651 3497 cognoscitur⁸,
690 3412 773 3475 sicut
804 3413 961 3496 scriptum
989 3419 1039 3475 est
1073 3413 1107 3476 in
1139 3411 1310 3495 evangelio
1346 3411 1517 3475 Iohannis:
1553 3401 1698 3475 ‘Factam
1728 3416 1803 3474 sunt
1836 3412 1973 3475 encenia
2008 3412 2042 3474 in

412 3513 658 3594 Hierosolimis,
687 3520 720 3578 et
756 3515 859 3579 hiems
888 3513 985 3590 erat',
1015 3521 1048 3579 et
1076 3515 1220 3601 reliqua;
1249 3535 1323 3578 nam
1353 3521 1483 3580 ceterae
1513 3513 1597 3579 duae
1628 3515 1699 3578 aliis
1729 3516 1805 3579 anni
1838 3515 2043 3600 temporibus

413 3618 531 3697 laetae,
555 3619 693 3703 septimo
719 3617 875 3683 videlicet
901 3625 935 3682 et
963 3620 1068 3704 primo
1092 3640 1205 3683 mense
1233 3624 1416 3683 narrantur.
1461 3617 1629 3682 Invenitur
1660 3620 1758 3682 etiam
1788 3619 1925 3683 concilio
1948 3618 2040 3703 Aga·
2070 3641 2098 3679 ao

413 3723 496 3786 tensi
520 3713 724 3803 statutumlss,
748 3729 784 3786 ut
807 3725 911 3787 altare
935 3731 1100 3808 unguatur
1122 3729 1157 3788 et
1186 3722 1408 3786 benedicatur.
1454 3721 1546 3785 Haec
1570 3720 1701 3807 quidem
1729 3729 1762 3786 et
1794 3723 1859 3786 alia
1888 3721 2042 3807 exempla

414 3823 664 3890 dedicandorum
689 3825 848 3892 habemus
872 3826 1068 3913 templorum
1092 3833 1125 3890 et
1147 3826 1309 3906 altarium,
1333 3846 1397 3890 non
1413 3825 1518 3889 minus
1542 3824 1583 3889 ad
1607 3825 1691 3889 hanc
1708 3825 1948 3890 observantiam
1966 3845 2041 3911 pro-

413 3927 514 3992 babili
545 3930 670 3992 ratione
697 3928 855 4015 perducti.
909 3928 944 3994 Si
979 3931 1065 3994 enim
1097 3930 1217 4016 pagani
1252 3931 1373 4016 templa
1402 3936 1436 3994 et
1463 3934 1589 3994 statuas
1620 3931 1738 3993 erroris
1774 3930 1823 3993 sui
1853 3929 2043 3993 testimonia

414 4033 593 4097 daemoniis
624 4032 852 4118 deceptoribus
890 4035 958 4098 suis
987 4054 1046 4119 per
1075 4034 1252 4118 quaedam‘
1274 4034 1382 4118 potius
1414 4039 1681 4113 exsecramenta,
1709 4053 1805 4116 quam
1835 4038 2042 4097 sacramenta

414 4133 576 4200 devovere
606 4142 639 4199 et
662 4134 813 4199 dedicare
837 4142 1028 4216 noscuntur,
1052 4141 1088 4198 ut
1111 4143 1166 4199 et¹¹
1190 4157 1283 4199 suam
1306 4134 1512 4200 devotionem
1541 4135 1618 4212 diis,
1646 4135 1762 4218 quibus
1791 4136 1922 4219 placere
1954 4134 2041 4198 desi·
2071 4171 2098 4210 ³,

414 4237 544 4316 derant,
577 4239 676 4301 artius
705 4239 871 4303 insinuent
900 4247 956 4303 et¹¹
979 4238 1018 4302 ad
1048 4259 1083 4302 se
1113 4238 1303 4302 invisendos
1327 4236 1520 4302 daemonum
1550 4237 1689 4321 gratiam
1713 4237 1797 4301 hac*
1819 4237 2043 4302 familiaritate

416 4340 479 4404 sibi
503 4340 692 4419 concilient,
721 4342 805 4404 sicut
826 4333 984 4426 legitnr⁹9
1007 4342 1310 4407 Nabuchodonosor
1340 4364 1399 4406 rex
1426 4341 1607 4426 Babylonis
1635 4341 1779 4406 fecissew
1802 4341 2044 4406 dedicationem

413 4446 559 4523 statuae,
592 4464 690 4528 quam
720 4451 870 4508 erexerat
896 4445 930 4508 in
959 4466 1072 4532 campo
1101 4444 1238 4511 Duram:
1269 4465 1370 4530 quare
1406 4465 1469 4508 non
1499 4446 1606 4530 potius
1634 4466 1694 4510 nos
1722 4446 1843 4530 templa
1872 4452 1905 4509 et
1927 4446 2044 4512 alteria

518 4633 546 4698 v)
563 4635 679 4686 doctrina
697 4635 759 4687 odd.
772 4635 802 4700 53
821 4637 847 4687 id
865 4645 904 4688 ast
921 4638 1040 4688 docmina
1056 4654 1182 4704 supertes.
1201 4654 1270 4687 marr.
1289 4637 1335 4688 alt
1354 4636 1499 4687 litteratura
1516 4632 1542 4685 4.
1612 4632 1647 4703 ιι)
1665 4636 1692 4686 in
1710 4642 1811 4687 tantum
1828 4652 1954 4701 supertes.
1973 4653 2045 4688 masa.
2072 4663 2099 4701 ω

413 4720 459 4770 alt.
477 4718 508 4783 43
527 4719 589 4770 edd.
608 4720 636 4771 ia
653 4731 769 4773 caruestu
787 4721 810 4773 5.
882 4725 911 4786 x)
928 4741 989 4790 argo
1007 4721 1032 4774 3.
1104 4724 1130 4790 y)
1149 4725 1186 4775 sic
1204 4722 1228 4774 5.
1307 4721 1333 4788 z)
1352 4729 1391 4774 est
1408 4721 1471 4772 add.
1490 4718 1528 4772 9.,
1584 4721 1610 4784 ιι)
1623 4722 1759 4787 inquinata
1770 4718 1846 4773 3-5.
1919 4720 1946 4788 b)
1959 4739 2006 4772 osa.
2018 4720 2042 4772 5.

413 4805 439 4870 c)
459 4807 642 4859 offensionibus
657 4808 679 4859 l.
692 4805 716 4859 2.
727 4807 750 4872 5,
770 4824 838 4860 corr.
851 4826 921 4859 arear.
934 4811 979 4860 alt.
992 4827 1023 4861 aa
1041 4811 1188 4862 offensionis
1208 4807 1230 4860 l.
1249 4809 1274 4860 5.
1327 4807 1355 4876 d)
1373 4809 1409 4859 ita
1426 4808 1488 4860 odd.
1504 4825 1573 4859 men.
1592 4806 1679 4860 eltb.
1738 4807 1763 4872 a)
1776 4807 1839 4860 mali
1856 4808 1880 4860 5.
1933 4807 2045 4871 llmalis

413 4890 437 4943 4.
451 4891 475 4958 5,
497 4909 563 4943 corr.
577 4894 638 4944 mali
656 4890 687 4957 43
705 4895 742 4944 sic
760 4911 829 4944 mars.
842 4895 888 4945 alt.
902 4894 963 4946 add.
978 4895 1002 4946 5.
1073 4898 1100 4963 g)
1118 4897 1241 4962 despectu
1259 4893 1282 4947 3.
1301 4895 1325 4960 5,
1344 4911 1357 4946 e
1373 4895 1490 4961 dispectu
1507 4911 1573 4945 corr.
1594 4891 1617 4944 2.
1693 4890 1853 4960 a)v111.2.
1928 4895 1947 4952 ἰ)
1965 4894 2045 4946 idem·

413 4994 464 5043 que
481 4975 505 5029 3.
598 4976 626 5045 k)
648 4978 813 5030 dedicationis
831 4977 856 5031 5.
950 4979 969 5048 l)
987 4999 1000 5033 e
1018 4983 1113 5049 legitur
1131 4999 1198 5034 corr.
1217 4981 1240 5032 1.
1337 4981 1372 5044 m)
1395 4997 1474 5047 supra
1491 4979 1516 5032 3.
1612 4979 1642 5044 n)
1660 4980 1846 5030 dedicationem
1870 4980 2001 5032 celebrata
2019 4979 2044 5032 5.

413 5061 439 5126 ο)
458 5072 593 5131 perpetrat.
611 5079 628 5115 a
645 5066 742 5131 gentib.
761 5063 785 5117 3.
894 5067 922 5133 p)
941 5069 1130 5120 reaedificatam
1152 5067 1178 5119 2.
1201 5066 1230 5128 4,
1255 5085 1322 5119 corr.
1340 5084 1410 5119 man.
1429 5067 1472 5116 alt.
1493 5067 1683 5118 reaedificatum
1705 5063 1730 5116 4.
1832 5064 1860 5130 q)
1884 5067 2045 5117 dedicatione
2071 5091 2099 5130 45

414 5147 496 5215 3-5,
522 5168 589 5202 corr.
608 5169 679 5202 maa.
698 5151 743 5202 alt.
762 5153 888 5205 dedicatio
906 5161 946 5205 est
963 5153 986 5206 5.
1073 5152 1098 5220 r)
1117 5171 1165 5204 om.
1184 5152 1208 5218 5,
1231 5170 1302 5204 maa.
1320 5153 1365 5204 alt.
1384 5151 1447 5203 aad.
1465 5154 1493 5204 in
1514 5169 1597 5219 scarp.
1615 5158 1683 5203 sunt.
1770 5149 1793 5214 a)
1813 5160 2002 5218 cognoscuntur
2020 5150 2044 5204 5.

413 5237 434 5299 t)
447 5237 571 5300 quaedam
584 5253 682 5288 exsecr.
696 5238 869 5304 magisquam
882 5238 908 5290 3.
977 5238 1005 5305 u)
1018 5259 1067 5293 om.
1079 5241 1105 5295 5.
1175 5237 1203 5306 v)
1219 5241 1267 5291 hac
1284 5256 1351 5290 corr.
1369 5255 1402 5291 ac
1419 5237 1444 5291 4.
1515 5236 1550 5306 ιι)
1563 5240 1654 5290 fecisse
1667 5243 1781 5290 statuam
1800 5253 1905 5290 auream
1923 5253 2002 5304 quam
2020 5237 2046 5290 2.

519 5389 563 5454 99)
583 5389 641 5456 Ost.
656 5361 741 5444 eard
758 5389 888 5460 Siloastst,
907 5392 945 5448 ed.
959 5393 1139 5459 Monsbrs'ts'as,
1165 5392 1241 5447 Vitae
1253 5391 1414 5447 &morum
1433 5388 1559 5458 (Madet.
1578 5391 1657 5458 1497)
1676 5389 1716 5458 Π,
1734 5388 1783 5457 sol.
1801 5389 1859 5444 281.
1931 5390 1975 5456 99)
1993 5387 2045 5442 Tit.

416 5495 485 5560 l,lb.
565 5493 611 5564 94)
632 5492 687 5560 Ost.
709 5493 808 5550 Genea.
826 5495 973 5565 talama.
1053 5498 1097 5564 95)
1117 5496 1174 5564 Osa.
1194 5495 1282 5550 Esca.
1300 5495 1351 5562 40;
1368 5496 1392 5549 3.
1406 5495 1470 5563 Rea.
1488 5493 1512 5547 8.
1582 5494 1626 5560 96)
1645 5492 1702 5560 Ofr.
1722 5497 1745 5549 1.
1755 5493 1880 5547 Maolseb.
1898 5493 1922 5559 4,
1936 5492 2046 5560 368qq.;

413 5595 728 5665 2.Machab.10,laqq.
810 5598 853 5662 97)
873 5597 929 5654 Iob.
948 5599 1042 5668 10,22.
1120 5600 1165 5668 98)
1186 5599 1266 5654 Coae.
1286 5597 1382 5668 Apatll.
1400 5614 1422 5654 c.
1442 5599 1483 5665 14,
1502 5597 1598 5652 Mami
1621 5596 1704 5666 VIII,
1724 5598 1771 5654 col.
1790 5597 1847 5652 327.
1920 5597 1965 5664 99)
1986 5593 2044 5665 Ost.
2072 5609 2100 5650 aa

414 5703 490 5758 Dan.
509 5704 534 5772 3,
550 5705 632 5771 lsqq.
