4568 6420
381 434 649 489 nuulutuuuun
668 435 717 488 AD
736 434 851 490 CAPIT.
869 436 951 490 ΒΕΘ.
970 435 1154 491 unnuolnu
1174 435 1364 492 occlnuuu.
1383 436 1531 505 (unnonl
1544 437 1589 506 Π).
1609 466 1642 476 -
1659 438 1708 492 Nr.
1721 438 1780 492 298
1830 444 1893 504 445

380 611 428 672 10.
462 608 506 672 Et
529 609 607 674 licet
630 609 803 672 multorum
827 630 985 674 annorum
1010 609 1188 674 secundum
1212 610 1376 694 praefixos
1401 632 1421 675 a
1444 611 1544 674 sacris
1569 611 1760 676 canonibus:
1773 612 1892 697 gradus
1911 619 1969 674 859.

269 713 487 795 poenitentia⁸
510 712 592 776 haec
615 719 804 798 perpetrata
826 714 973 779 facinora
996 715 1200 798 indigerent,
1232 721 1342 779 tamen
1368 715 1481 778 confisi
1510 713 1551 778 de
1575 713 1639 779 Dei
1661 715 1894 794 misericordia,

269 815 355 898 apud
379 836 475 900 quern
500 837 563 880 non
589 816 635 879 sic
657 823 846 901 acceptatur
875 838 1026 883 mensura
1055 819 1210 903 temporis
1239 825 1275 882 ut
1298 818 1418 883 doloris
1443 839 1503 882 nec
1526 818 1726 882 abstinentia
1749 819 1894 883 ciborum

270 920 354 982 sicut
377 919 583 983 mortificatio
607 921 769 998 vitiorum,
792 941 858 984 nou
882 922 1144 1007 praeiudicantes
1162 927 1290 1008 patrum
1308 923 1520 1000 sententias·,
1545 942 1628 1006 quae
1651 921 1691 985 dc
1707 921 1894 986 huiusmodi

238 1021 495 1102 sdecreverunr,
519 1022 575 1086 sed
600 1025 708 1109 potius
733 1044 845 1088 eorum
876 1031 1053 1109 sequentes
1083 1025 1308 1089 humaniorem
1338 1023 1563 1088 diffinitionem
1595 1026 1677 1089 haec
1708 1023 1892 1088 scribimus:

270 1125 326 1188 Ait
356 1131 470 1188 sancta
503 1124 645 1211 synodus
680 1125 851 1190 Africana:
890 1119 1188 1192 ‘Poenitentibus39
1221 1127 1401 1191 secundum
1434 1127 1650 1192 differentiam
1683 1133 1893 1213 peccatorum

269 1228 413 1312 episcopi
439 1227 574 1292 arbitrio
597 1229 820 1315 poenitentiae
844 1235 992 1315 tempora
1013 1229 1268 1304 discernantur';
1293 1236 1326 1293 et
1350 1237 1481 1294 sanctus
1497 1230 1566 1294 Leo
1583 1231 1783 1315 apostolicae
1808 1228 1894 1292 sedis

268 1332 434 1414 pontifex:
459 1323 589 1413 ‘His⁴⁰',
613 1333 728 1418 inquit,
753 1332 875 1417 ‘quiin
899 1340 1045 1420 tempore
1062 1335 1269 1398 necessitatis
1294 1340 1327 1398 et
1351 1335 1384 1396 in
1407 1333 1544 1418 periculi
1568 1334 1714 1418 urgentis
1738 1334 1894 1397 instantia

268 1434 468 1520 praesidium
492 1436 716 1520 poenitentiae
733 1444 767 1499 et
788 1458 867 1499 mox
883 1438 1157 1501 reconciliationis
1181 1436 1365 1521 implorant,
1389 1457 1449 1500 nec
1467 1437 1645 1501 satisfactio
1669 1435 1895 1502 interdicenda

224 1557 249 1594 1⁰
268 1548 319 1603 est
347 1562 408 1604 neo
441 1540 663 1604 reconciliatio
693 1540 903 1625 denegando;
940 1542 1017 1626 quia
1049 1541 1292 1605 misericordiae
1324 1539 1388 1603 Dei
1421 1561 1481 1604 neo
1517 1561 1686 1604 mensuras
1720 1560 1894 1625 possumus

268 1663 389 1728 ponere
412 1664 472 1706 nec
497 1648 644 1728 tempora
667 1642 815 1716 delinire,
846 1644 932 1728 apud
956 1665 1052 1728 quem
1075 1645 1183 1707 nullas
1206 1644 1327 1728 patitur
1344 1644 1459 1708 veniae
1482 1664 1591 1707 moras
1608 1663 1685 1706 vera
1708 1642 1893 1706 confessiob

270 1747 400 1810 dicente
416 1745 477 1808 Dei
496 1747 611 1830 spiritu
635 1767 694 1830 per
713 1746 918 1831 prophetam:
943 1739 1081 1810 *Ὃιιιιι41
1107 1767 1283 1810 conversus
1299 1746 1524 1831 ingemueris0,
1548 1753 1624 1811 tunc
1641 1748 1750 1810 salvus
1775 1744 1893 1812 eris‘¹”.

267 1850 310 1912 Et
333 1850 426 1913 olibi:
456 1841 577 1914 “Diem
601 1851 789 1935 iniquitates
813 1858 886 1915 tuas
910 1853 1006 1937 prior,
1030 1856 1065 1914 ut
1090 1847 1306 1915 iustificeris”.
1353 1849 1415 1913 ΕιΘ
1438 1850 1533 1914 item:
1558 1841 1699 1922 “Quial3
1722 1849 1807 1934 apud
1824 1849 1891 1912 Do-

268 1955 390 2017 minum
415 1952 638 2017 misericordia
661 1953 737 2031 ests,
769 1961 802 2018 et
830 1957 962 2040 copiosa
994 1954 1080 2040 apud
1110 1975 1183 2018 eum
1211 1951 1424 2039 redemptio''.
1469 1953 1509 2016 Iu
1531 1953 1758 2037 dispensandis
1781 1953 1892 2037 itaque

226 2057 362 2120 udonis
391 2056 474 2121 Deif
506 2079 568 2120 non
599 2057 756 2121 debemus
791 2079 864 2123 esse
894 2059 1061 2136 difficiles,
1097 2080 1157 2122 nec
1189 2080 1224 2122 se
1260 2057 1481 2121 accusantium
1510 2057 1651 2141 gemitus
1680 2058 1892 2141 lacrimasque

266 2161 454 2246 neglegere,
478 2182 551 2224 oum
575 2162 679 2247 ipsam
703 2162 889 2246 poenitendi
906 2163 1115 2226 affectionem
1138 2183 1181 2224 ex
1198 2160 1261 2223 Dei
1284 2158 1455 2224 credamus
1473 2159 1682 2244 inspiratione
1700 2165 1890 2244 conceptam

266 2267 396 2330 dicente
420 2265 582 2351 apostolo:
616 2258 723 2330 “Ne44
746 2267 830 2331 forte
861 2267 915 2329 det
942 2267 1005 2330 illis
1030 2266 1121 2330 Deus
1151 2260 1426 2350 poenitentiam'’,
1455 2269 1488 2326 ct
1516 2263 1708 2348 resipiscant
1731 2284 1750 2325 a
1773 2260 1891 2324 diaboli

266 2371 408 2454 laqueis,
440 2392 459 2432 a
486 2391 550 2453 quo
580 2371 699 2455 captivi
732 2378 886 2435 tenentur
916 2370 956 2434 ad
995 2371 1097 2455 ipsius
1130 2364 1356 2431 voluntatem’
1411 2365 1454 2428 Et
1484 2370 1616 2428 sanctus
1651 2364 1829 2450 Gregorius
1859 2365 1891 2426 in

267 2473 447 2559 evangeliir
470 2474 610 2538 homelia
633 2475 724 2538 dicit:
750 2467 917 2539 ‘veniatis‘
932 2475 1020 2538 foras
1035 2479 1194 2552 mortuus,
1218 2472 1326 2550 idest,
1351 2468 1498 2554 culpamf
1520 2468 1714 2531 confiteatur
1729 2473 1891 2552 peccator.

224 2595 249 2634 ιο
268 2578 464 2642 Venientem
497 2598 573 2640 vero
605 2577 690 2640 foras
718 2577 845 2641 solvont
875 2577 1043 2662 discipuli,
1079 2583 1115 2639 ut
1143 2581 1294 2660 pastores
1327 2573 1487 2637 ecclesiae
1518 2572 1547 2635 ei
1582 2591 1719 2656 poenam
1751 2569 1892 2634 debeant

266 2691 450 2760 amoveress,
475 2701 571 2764 quarn
594 2681 714 2744 meruit
737 2682 791 2765 qui
814 2701 878 2744 non
903 2679 1032 2744 erubuit
1055 2678 1203 2742 confiteri
1227 2677 1312 2762 quod
1336 2673 1435 2740 lecit!

379 2797 425 2856 ll.
460 2792 522 2856 His
545 2792 750 2877 perpensisl,
781 2793 898 2856 fratres
923 2793 1095 2870 carissimi,
1129 2790 1180 2868 si¹,
1210 2789 1258 2854 ut¹
1288 2789 1446 2867 diximus,
1478 2787 1541 2850 iam
1574 2786 1693 2850 dietum
1722 2807 1830 2870 regem
1855 2786 1893 2850 a‘

266 2897 358 2960 nobis
381 2895 578 2960 amabilem¹¹
601 2896 647 2959 ita
670 2901 948 2980 contemperatum
973 2894 1102 2958 divinae
1120 2894 1278 2958 voluntati
1302 2899 1335 2956 et
1358 2912 1471 2956 sacrae
1487 2891 1673 2955 auctoritati
1690 2891 1890 2966 inveneritis,

266 2992 445 3064 secundum
470 3000 684 3064 ministerium
708 3000 801 3062 vobis
824 3020 844 3062 a
866 2998 939 3063 Deo
964 2997 1117 3062 traditum
1143 3019 1215 3062 cum
1233 2995 1358 3060 nostra¹
1382 2996 1594 3059 unanimitate
1617 2993 1786 3058 absolvite.
1833 2993 1890 3057 Sin

220 3128 245 3166 a
265 3105 355 3180 alias,
382 3124 437 3166 vos
460 3103 555 3166 ullom
578 3103 674 3166 modo
697 3124 771 3167 cum
795 3123 852 3178 eo,
877 3122 971 3187 quem
996 3100 1167 3165 absolvere
1191 3121 1254 3164 non
1278 3100 1439 3184 poteritis,
1462 3098 1565 3183 ligare
1590 3097 1705 3170 nolite;
1738 3097 1890 3180 quoniam

265 3228 326 3270 nec
351 3228 459 3271 coram
483 3206 555 3270 Deo
585 3227 645 3270 nec
676 3206 709 3268 in
738 3206 862 3291 synodo
892 3226 951 3269 nos
981 3205 1056 3268 inde
1088 3210 1239 3268 auctores
1269 3201 1445 3280 habebitis,
1477 3202 1505 3264 si
1533 3219 1632 3285 agere
1662 3199 1771 3276 aliter,
1804 3198 1889 3284 quod

263 3311 361 3389 obsit,
391 3309 678 3395 praesumpseritis
701 3319 849 3394 vosquen
877 3314 910 3373 et
936 3309 970 3372 in
995 3307 1117 3394 synodo
1146 3313 1178 3371 et
1207 3327 1315 3371 coram
1345 3305 1417 3370 Deo
1446 3325 1505 3391 pro
1535 3303 1622 3366 lacto
1653 3303 1743 3366 irrito
1773 3301 1890 3366 dabitis

264 3414 418 3481 rationes.

375 3529 423 3590 12.
458 3524 502 3588 ut
525 3525 551 3590 si
576 3525 663 3610 ipse,
688 3525 775 3609 quod
798 3524 888 3589 Deus
910 3525 1006 3608 longe
1030 3523 1141 3603 faciat,
1166 3543 1219 3602 ea,
1248 3542 1332 3605 quae
1356 3521 1438 3606 egit,
1466 3521 1554 3584 unde
1578 3519 1669 3582 illum
1692 3540 1778 3582 nunc
1802 3539 1890 3582 oom-

220 3653 246 3692 ιο
265 3651 398 3693 monere
421 3651 479 3694 ros
502 3629 677 3707 mittimus,
708 3629 928 3707 reiteraverit,
953 3627 1061 3691 omnia
1085 3634 1119 3691 et
1142 3632 1217 3690 ante
1241 3625 1367 3689 divinos
1389 3625 1499 3688 oculos
1523 3629 1556 3686 et
1579 3622 1643 3685 ad⁰
1666 3621 1892 3687 ecclesiastica

264 3732 383 3795 iudicia
412 3731 557 3795 redivivo
581 3732 716 3795 vulnere
746 3730 891 3796 curanda
913 3731 966 3795 vel
997 3728 1197 3815 amputanda
1224 3728 1352 3791 noverit
1380 3728 1540 3791 revenire.
1593 3726 1627 3790 si
1658 3724 1737 3810 quid
1764 3745 1891 3810 quoque

264 3841 376 3899 contra
399 3842 545 3899 sanctam
570 3837 797 3899 auctoritatem
820 3842 1063 3920 praesumptum
1089 3834 1141 3898 vel
1172 3832 1363 3917 subreptum
1394 3831 1463 3894 sive
1493 3836 1655 3892 extortum
1680 3829 1796 3906 luerit,
1827 3847 1890 3889 non

265 3939 369 4002 solum
393 3939 425 4002 in
450 3939 571 4002 divinis
595 3937 901 4014 examinationibus,
925 3959 1038 4001 verum
1064 3957 1123 3999 nec
1146 3937 1179 3998 in
1203 3933 1322 3998 divinis
1347 3932 1476 4017 legibus
1496 3931 1660 4018 quippiam
1678 3930 1890 4016 praevalebit.

263 4040 307 4103 ut
330 4062 394 4104 non
419 4043 460 4105 sit
483 4042 524 4105 de
549 4049 678 4106 caetero
701 4041 873 4105 immemor
895 4041 980 4104 idem
1004 4061 1063 4104 rex
1087 4041 1268 4124 gloriosus,
1301 4037 1386 4124 quod
1417 4037 1498 4102 dicit
1529 4042 1663 4098 sanctus
1695 4031 1889 4118 Gregorius:

221 4171 245 4209 ss
265 4135 489 4206 ‘Sciendumll
513 4143 583 4222 est’,
606 4143 757 4228 inquiens
780 4145 877 4229 ‘quia,
902 4145 1047 4228 quisquis
1065 4143 1188 4207 inlicita
1210 4142 1300 4204 nulla
1317 4141 1488 4220 commisit,
1512 4138 1588 4202 huic
1605 4139 1675 4200 iure
1692 4135 1890 4212 conceditur,

265 4253 301 4309 ut
324 4248 422 4310 licitis
448 4253 569 4322 utatur;
594 4249 705 4332 sicque
729 4247 861 4331 pictatis
885 4268 983 4332 opera
1007 4248 1121 4322 iaciat,
1153 4251 1187 4309 ut
1211 4251 1337 4320 tamen,
1361 4245 1388 4308 si
1412 4244 1568 4318 noluerit,
1594 4263 1647 4320 ea,
1672 4261 1755 4324 quae
1778 4238 1890 4302 mundi

265 4359 354 4430 sunt,
384 4373 448 4415 non
473 4343 680 4436 relinquat47.
726 4349 871 4423 Quilibet
893 4373 970 4415 vero
993 4357 1125 4414 tantoa
1157 4371 1192 4412 se
1216 4339 1343 4412 licita⁴7
1367 4346 1465 4410 debet
1489 4345 1677 4425 abscidere,
1709 4349 1830 4428 quanto
1855 4363 1889 4405 se

264 4454 411 4516 meminit
440 4461 473 4518 et
500 4454 624 4518 inlicita
654 4461 876 4541 perpetrasse.
928 4452 1043 4537 Neque
1084 4452 1171 4515 euim
1200 4473 1258 4536 par
1285 4451 1410 4514 fructus
1439 4470 1512 4513 esse
1544 4448 1620 4512 boni
1651 4446 1758 4530 operis
1791 4443 1890 4507 debet

264 4554 344 4634 eius,
369 4559 423 4641 qui
446 4559 562 4635 miuus,
587 4565 621 4622 et
644 4560 726 4638 eius,
750 4559 803 4644 qui
827 4557 968 4642 amplius
991 4555 1144 4639 deliquit,
1177 4562 1233 4618 aut
1256 4556 1357 4632 riusa,
1382 4553 1435 4637 qui
1460 4553 1492 4615 in
1516 4551 1625 4628 nullis,
1649 4556 1682 4612 et
1705 4549 1810 4627 sius»,
1834 4548 1889 4632 qui

220 4805 246 4843 ιο
366 4783 391 4850 a)
410 4785 582 4850 poenitenliae
600 4781 624 4833 4.
714 4781 741 4846 a)
761 4783 894 4833 sententiis
911 4780 936 4832 4.
1030 4781 1058 4844 b)
1076 4782 1114 4830 ito
1132 4796 1217 4830 murres
1235 4779 1323 4838 ccdd.,·
1345 4778 1478 4830 conversio
1497 4775 1556 4826 Leo.
1650 4773 1675 4834 c)
1694 4772 1849 4839 ingemuerit
1865 4770 1891 4822 4.

263 4865 290 4932 d)
308 4871 357 4919 erit
373 4867 398 4921 4.
494 4871 518 4932 e)
537 4871 600 4920 Item
619 4870 744 4935 propheta
763 4869 847 4918 David
866 4867 956 4931 inquid
975 4864 999 4916 4.
1099 4865 1124 4928 s)
1143 4882 1191 4915 om.
1209 4863 1233 4914 4.
1332 4861 1358 4931 g)
1376 4863 1512 4914 admovere
1529 4858 1556 4911 4.
1651 4857 1678 4923 hl
1697 4860 1847 4925 perpetratis
1864 4855 1889 4908 4.

262 4953 282 5016 i)
302 4955 370 5005 sicut
386 4953 411 5005 4.
501 4956 529 5019 k)
547 4957 568 5005 ri
587 4956 650 5006 odd.
669 4953 693 5006 4.
781 4952 801 5018 1)
820 4959 907 5004 vestra
927 4953 950 5002 l.
1037 4951 1073 5016 ιιι)
1093 4951 1166 5002 nullo
1184 4948 1209 5001 4.
1297 4947 1325 5016 n)
1344 4967 1391 5000 vos
1409 4946 1433 4999 4.
1521 4944 1547 5014 ο)
1566 4953 1628 4998 ante
1645 4944 1668 4996 4.
1760 4944 1786 5011 p)
1806 4945 1829 4996 ei
1847 4943 1872 4994 4.

365 5159 409 5228 39)
430 5157 506 5212 Oonc.
525 5159 613 5224 Afric.
633 5175 655 5212 c.
670 5159 716 5224 10,
735 5158 797 5211 (lod.
819 5175 915 5212 conon.
935 5175 963 5226 p.
975 5159 1042 5220 213,·
1070 5155 1134 5211 uod.
1157 5173 1254 5210 conon.
1274 5155 1330 5209 cccl.
1350 5153 1438 5218 Afric.
1456 5167 1478 5206 c.
1491 5151 1536 5218 43,
1562 5151 1658 5204 Mauri
1672 5150 1739 5215 ΙΙΙ,
1762 5150 1811 5203 cot.
1831 5147 1889 5202 735.

261 5260 305 5327 40)
322 5259 458 5314 hunul.
477 5261 550 5328 epist.
568 5259 605 5312 od
626 5260 754 5314 Theodor.
773 5262 836 5328 cl,
863 5261 957 5314 blansi
973 5259 1026 5326 VI,
1051 5261 1098 5312 col.
1118 5259 1184 5325 210,
1209 5255 1547 5322 repercussisset.
1642 5252 1890 5319 tridentanus

218 5386 243 5425 45
262 5381 309 5419 sec.
323 5363 420 5418 LXX.
493 5365 539 5430 42)
558 5363 635 5416 Erat.
647 5365 690 5429 43,
701 5365 742 5416 26.
812 5363 857 5426 43)
877 5362 1080 5426 Psalm.129,i.
1151 5361 1196 5424 44)
1215 5361 1238 5412 2.
1255 5359 1366 5412 iinrollr.
1384 5359 1459 5423 225.
1534 5355 1579 5425 45)
1602 5354 1724 5422 Gregorii
1745 5353 1842 5406 Hamil.
1859 5354 1890 5405 in

261 5485 351 5538 crong.
373 5467 488 5534 XXVI,
505 5483 526 5520 c.
539 5469 564 5535 6,
585 5465 708 5536 OperoI,
728 5466 775 5519 col.
792 5467 865 5520 lbbli.
947 5466 992 5535 46)
1012 5465 1086 5519 ibid.
1098 5463 1184 5518 homil.
1206 5461 1275 5528 XX,
1294 5479 1315 5516 c.
1330 5464 1355 5528 8,
1373 5462 1389 5513 l.
1403 5477 1424 5514 c.
1442 5459 1631 5524 00415198),Ι
1649 5457 1698 5521 cfr.
1717 5455 1828 5523 Regino,
1847 5455 1890 5508 De

260 5573 354 5642 synod.
371 5571 482 5637 carmi,
500 5572 559 5626 322.
657 5570 702 5636 47)
723 5567 801 5622 Atei
819 5569 882 5636 quis
901 5569 930 5622 in
949 5566 1141 5623 fornicationis
1168 5565 1279 5634 culpam
1304 5565 1347 5617 rel
1377 5564 1508 5626 fumasse,
1536 5559 1610 5628 quod
1640 5560 1682 5611 est
1705 5557 1831 5626 gravius,
1859 5557 1889 5610 in

261 5677 431 5732 adulterium
449 5676 544 5745 lapsus
562 5676 611 5736 est,
632 5676 712 5726 tanto
731 5691 748 5725 a
767 5689 795 5726 se
814 5672 892 5726 licita
909 5690 983 5742 perp.
1007 5673 1082 5740 Grep.
