4568 6434
322 619 382 673 895.

399 444 462 503 244
515 435 785 492 ΑὓΒΙΤΑΜΕΝΤΑ
805 436 853 490 ΑΙ)
871 435 1117 490 carmennum
1137 434 1265 490 REGUM
1285 435 1469 490 rannerus*
1487 434 1720 490 OltlllN'PAblS.
1738 467 1772 475 -
1791 437 1838 490 Νι·.
1851 438 1911 490 ⁶252.

1239 611 1265 674 si
1289 612 1372 674 forte
1403 611 1554 676 habuerit
1578 611 1664 674 ritae
1695 631 1774 676 suae
1807 611 2025 690 insidiatores,

1238 715 1365 778 interim
1390 714 1559 781 differatur
1575 716 1604 780 ei
1622 714 1834 802 poenitentia,
1857 715 1961 780 donec
1984 717 2025 782 ab

1238 819 1390 905 episcopo
1426 817 1656 904 parroechiae⁰
1688 828 1785 883 suae⁰
1819 840 1885 905 pax
1920 821 1951 885 ei
1985 820 2025 884 ab

1237 922 1375 986 inimicis
1391 922 1554 988 reddatur.
1600 921 1643 986 Et
1660 922 1687 986 si
1703 921 1891 988 infirmitate
1909 923 2024 990 deten-

1237 1034 1289 1090 tus
1313 1026 1420 1104 luerit,
1444 1027 1489 1091 ita
1511 1031 1548 1090 ut
1570 1046 1635 1089 non
1658 1026 1764 1110 possit
1787 1025 1885 1111 digne
1909 1029 2022 1112 poeui—
2056 1061 2068 1098 r

1237 1137 1317 1210 tere,
1342 1129 1545 1195 adhibendar
1568 1137 1619 1194 cst
1642 1129 1867 1194 misericordia
1890 1131 2023 1211 tamdiu,

1237 1234 1359 1300 donecr
1375 1234 1506 1298 sanitati
1523 1235 1729 1307 restituatur;
1747 1235 1773 1298 si
1790 1241 1916 1300 autem·
1928 1237 2027 1321 longa

1238 1337 1422 1422 egritudine
1453 1339 1646 1423 occupatust
1669 1339 1787 1416 luerit,
1819 1338 1859 1402 ad
1890 1347 2025 1405 senten·

1231 1442 1316 1518 tiam
1345 1443 1487 1527 episcopi
1518 1441 1709 1526 pertinebit,
1741 1443 1901 1527 quomodo
1934 1463 2027 1509 reum

1238 1552 1271 1609 ct
1292 1544 1454 1610 infirmum
1478 1566 1593 1610 sanare
1616 1543 1800 1630 disponat.†
2046 1581 2072 1620 ,0

1260 1702 1287 1766 †)
1308 1699 1359 1752 sul.
1384 1698 1461 1753 add:
1488 1699 1641 1769 Complatis
1660 1699 1707 1754 XL
1734 1699 1831 1754 diebus
1855 1718 1930 1770 aqua
1953 1701 2027 1755 lotus

1305 1784 1473 1838 vestimenta
1496 1787 1525 1839 et
1548 1784 1749 1854 calceamenta,
1768 1803 1841 1855 quac
1862 1805 1880 1842 a
1902 1805 1931 1842 se
1951 1787 2027 1843 abie-

1308 1873 1398 1934 cerat,
1428 1888 1521 1924 mrsus
1551 1873 1644 1925 sumat
1675 1872 1876 1940 (calceamenta
1907 1873 2028 1943 accipiat

1310 1959 1420 2026 Bwrrlr.)
1440 1959 1469 2011 et
1487 1957 1620 2027 capillum
1638 1957 1753 2014 incidat.

509 2258 615 2346 Cap*
635 2260 686 2323 56.
732 2257 826 2320 Post
855 2257 916 2321 XL
945 2255 1029 2321 dies
1058 2257 1188 2344 poeni·
1581 2256 1689 2341 (bfia.)
2049 2299 2072 2339 ι,

398 2363 534 2426 tentia
557 2363 667 2447 primi
691 2363 791 2426 anni.
835 2360 914 2425 Post
942 2361 1015 2424 illos
1036 2359 1096 2423 XL
1119 2359 1189 2424 dies
1285 2359 1344 2422 In·
1372 2359 1474 2444 primo
1509 2381 1594 2425 anuo
1629 2367 1703 2446 post
1732 2359 1792 2424 XL
1825 2359 1896 2424 dies
1924 2366 2027 2424 totum

403 2485 503 2529 unum
527 2486 646 2529 annum
673 2466 836 2550 integrum
866 2463 907 2527 ab
929 2464 1063 2527 introitu
1085 2463 1189 2527 eccle·
1243 2463 1332 2526 illurn
1350 2485 1468 2528 annum
1485 2486 1504 2529 a
1519 2465 1604 2542 vino,
1630 2464 1668 2530 ab
1684 2464 1832 2545 medone,
1849 2474 1887 2528 a⁰
1902 2465 2029 2529 mellita

404 2569 473 2634 siae
502 2568 720 2654 suspendatur
748 2575 782 2633 et
803 2569 966 2634 abstineat
990 2590 1025 2632 se
1048 2588 1067 2630 a
1091 2587 1189 2630 carne
1244 2567 1400 2646 cerrisa‘l,
1436 2589 1455 2631 a
1485 2590 1597 2649 carne,
1635 2579 1672 2634 a⁰
1703 2579 1820 2634 caseo⁰
1853 2567 2027 2648 abstineat,

403 2678 457 2737 et·
479 2693 590 2750 caseo,
621 2682 659 2736 a·
681 2673 756 2737 vino
785 2679 818 2736 et
844 2671 983 2736 medone
1008 2693 1045 2736 ae
1069 2671 1191 2735 mellita
1242 2672 1305 2735 nisi
1333 2672 1428 2737 lestis
1460 2671 1591 2751 diebus,
1626 2673 1680 2759 qui
1713 2673 1744 2736 in
1775 2673 1831 2737 illo
1861 2673 2027 2759 episcopio

405 2776 575 2855 cervisial,
599 2776 662 2840 nisi
686 2775 854 2840 dominicis
877 2776 1061 2841 etdiebus⁰
1085 2775 1189 2854 festis,
1242 2775 1392 2860 publiceb
1427 2775 1531 2861 apudr
1564 2784 1715 2841 cunctum
1749 2776 1906 2863 populum
1941 2777 2026 2841 cele·
2046 2814 2071 2854 20

402 2881 456 2966 qui
480 2902 540 2967 per
563 2879 676 2944 illurn‘1
699 2881 924 2966 episcopatum
949 2879 1078 2968 publice
1102 2880 1187 2944 cele·
1244 2880 1394 2956 brantur,
1430 2887 1463 2944 et
1490 2880 1551 2943 uisi
1585 2881 1668 2945 forte
1698 2881 1730 2944 in
1760 2902 1878 2965 magno
1910 2882 2027 2946 itinere

401 2983 538 3048 brantur
574 2984 678 3069 apud⁹
718 2989 870 3048 cunctum
908 2983 1119 3070 populum**,
1155 2989 1189 3048 et
1242 2984 1292 3047 vel
1316 2984 1347 3047 in
1365 2983 1459 3048 hoste
1476 2984 1525 3047 vel
1543 2985 1662 3068 longeb
1686 2986 1763 3048 autl
1787 2983 1841 3049 diu
1866 2983 1906 3048 ad
1923 2983 2027 3048 domi-

402 3089 464 3151 nisi
489 3089 540 3153 vel
565 3088 598 3151 iu
622 3087 716 3153 hoste
741 3094 797 3151 aut
821 3087 853 3150 in
877 3087 985 3172 aliquo
1003 3108 1121 3172 magno
1146 3087 1188 3150 sit
1242 3087 1347 3150 nicam
1389 3093 1512 3150 curtem
1545 3089 1619 3152 vel⁸
1653 3088 1840 3152 infirmitate
1874 3088 2027 3152 detentus

401 3191 517 3255 itinere
546 3192 597 3256 vel
627 3192 724 3276 longe
756 3197 812 3256 aut
839 3191 895 3255 diu
924 3190 965 3256 ad
994 3189 1186 3254 dominicam
1241 3189 1314 3257 sith.
1360 3189 1452 3254 Tunc
1477 3191 1574 3256 liceat
1597 3212 1661 3256 uno
1686 3190 1820 3255 denario
1843 3192 1895 3256 vel
1918 3193 2025 3278 pretio

402 3302 528 3358 curtam
563 3297 616 3360 vel
656 3295 683 3358 si
723 3294 909 3358 infirmitate
950 3293 1100 3359 detentus
1137 3295 1187 3358 sit.
1241 3295 1335 3358 unius
1359 3293 1484 3358 denarii
1506 3303 1563 3358 aut
1585 3303 1651 3358 tres
1675 3316 1838 3381 pauperes
1862 3295 2026 3381 pascendo
2046 3326 2071 3366 25

401 3397 493 3462 Tunc
514 3399 638 3463 licitum
662 3398 704 3462 sit
720 3399 750 3462 ei
766 3397 827 3464 ΙΙΙ.
843 3399 958 3463 feriam
981 3404 1014 3461 et
1031 3397 1072 3460 V.
1089 3404 1186 3482 atquc
1241 3398 1370 3463 tertiam
1386 3398 1512 3476 feriam,
1537 3401 1681 3485 quintam
1699 3407 1733 3465 et
1748 3398 1923 3464 sabbatum
1940 3400 2026 3464 redi-

404 3501 576 3567 sabbatum
616 3493 815 3568 redimere³3
853 3523 918 3566 uno
964 3501 1097 3567 denario
1136 3503 1189 3566 vel
1242 3524 1347 3574 mere;
1379 3503 1425 3566 ita
1448 3503 1616 3582 duntaxat,
1644 3510 1680 3567 ut
1705 3502 1860 3568 vel¹vino
1886 3502 1935 3566 vel
1959 3524 2027 3567 me-

404 3606 513 3692 precio
539 3606 664 3671 denarii
688 3606 756 3671 sive
780 3613 847 3671 tres
864 3626 1026 3690 pauperes
1048 3627 1105 3691 pro
1129 3626 1188 3670 no·
1242 3606 1326 3671 done
1353 3612 1410 3670 aut
1433 3627 1541 3683 earne,
1565 3605 1597 3670 id
1621 3607 1688 3672 est¹
1711 3629 1776 3672 una
1799 3627 1835 3671 re
1859 3605 1900 3670 de
1923 3605 2029 3670 tribus

403 3711 488 3774 mine
503 3709 635 3774 Domini
652 3709 832 3796 pascendo;
857 3710 904 3772 ita
919 3708 1130 3790 duntaxat**,
1154 3717 1190 3774 ut
1241 3718 1362 3776 utatur.
1417 3709 1595 3794 Postquam
1630 3710 1760 3776 domum
1797 3709 1929 3776 veniat¹¹
1963 3707 2029 3774 rel¹

402 3814 455 3878 vel
483 3811 603 3878 earned
633 3810 705 3876 vel‘¹
739 3813 814 3876 vino
851 3814 903 3877 vel
936 3811 1100 3890 medones,
1135 3813 1189 3876 idss
1242 3815 1447 3899 pausaverit,
1490 3814 1614 3879 nullam
1659 3821 1853 3899 potestatem
1893 3813 2029 3878 habeat¹
2046 3847 2073 3888 ³0

506 4021 532 4088 *l
551 4021 586 4074 In
606 4020 1069 4100 Monac.14628initiurneapitia
1092 4021 1140 4075 boc
1158 4027 1210 4076 est:
1238 4021 1408 4075 Arnolfus.
1445 4021 1511 4075 Post
1528 4019 1576 4074 XL
1595 4020 1669 4084 dies,
1695 4038 1764 4090 quos
1788 4021 1927 4076 homicida
1946 4038 2029 4091 spon·

403 4109 502 4160 teneus
521 4107 611 4175 primo
630 4107 738 4162 ieiunat
756 4108 835 4162 iuxta
849 4108 1020 4178 praedictam
1039 4109 1216 4172 sententiam,
1235 4107 1332 4162 statim
1351 4107 1491 4177 integrum
1509 4125 1613 4162 annum
1633 4108 1668 4162 ab
1686 4107 1813 4177 ingressu
1831 4109 1964 4162 ecclesiae
1983 4114 2029 4162 etc.

492 4211 531 4278 “l
555 4211 597 4267 Id.
622 4213 717 4280 percit:
749 4212 916 4268 Eiusdem.
962 4211 991 4266 Si
1022 4211 1168 4281 paenitens
1196 4212 1227 4265 in
1254 4212 1332 4267 hoste
1360 4213 1397 4267 sit
1433 4212 1522 4281 primo
1554 4227 1628 4265 anno
1658 4215 1708 4266 aut
1734 4211 1762 4264 in
1792 4229 1894 4282 magno
1928 4212 2029 4266 itinere

401 4300 453 4350 aut
479 4297 562 4366 longe
588 4302 639 4352 aut
660 4298 709 4352 diu
732 4298 761 4353 in
785 4299 883 4367 aliqua
905 4297 1069 4351 infirmitate
1093 4297 1143 4364 sit,
1168 4298 1243 4366 quod
1268 4315 1323 4353 non
1348 4297 1437 4368 possit
1458 4298 1488 4351 in
1512 4297 1652 4352 dominica
1677 4297 1714 4351 ad
1738 4299 1900 4352 aecclesiam
1926 4298 2029 4361 venire,

401 4383 509 4436 licitum
528 4383 566 4437 sit
584 4383 609 4438 ei
628 4384 752 4449 terciam,
771 4385 900 4454 quintam
926 4388 955 4438 et
972 4382 1121 4454 septimam
1144 4384 1278 4438 redimere
1296 4402 1352 4439 uno
1371 4384 1486 4439 denario
1504 4388 1555 4439 aut
1573 4385 1632 4439 eius
1651 4384 1751 4454 precio,
1771 4387 1800 4439 et
1818 4388 1873 4439 tres
1892 4401 2029 4456 pauperes
2048 4425 2072 4465 35

403 4487 452 4540 pro
471 4470 574 4525 Christi
592 4470 704 4526 nomine
723 4474 832 4542 pascam
852 4472 893 4526 ita
911 4471 1051 4526 duntaxat
1068 4476 1114 4525 etc.

504 4647 564 4700 552.
601 4649 624 4712 r)
643 4649 776 4701 differatur
795 4647 830 4714 (oi
848 4649 911 4700 odd.
931 4648 1037 4713 salbo.)
1063 4650 1219 4715 poenitentia
1242 4649 1322 4700 donec
1346 4648 1423 4715 Κεφ,
1454 4646 1561 4710 saraa,
1589 4647 1686 4699 Barclr.
1786 4649 1809 4712 s)
1834 4651 1859 4700 in
1880 4649 1942 4702 add.
1967 4649 2030 4711 001,

404 4736 500 4802 Garis,
522 4735 628 4786 Vindob.
716 4733 737 4799 t.)
755 4735 873 4786 detentus
894 4733 962 4800 ch,
982 4733 1087 4801 Salat,
1106 4734 1203 4786 Barth.

505 4835 890 4900 56.a)0m.uronac.14628.
959 4835 987 4904 b)
1000 4839 1100 4891 cervisa
1112 4837 1149 4889 id.
1219 4837 1242 4900 c)
1255 4838 1313 4889 aliis
1322 4838 1393 4890 lastis
1405 4839 1496 4889 diebus
1508 4838 1544 4889 id.
1614 4838 1749 4902 dlorn.2'd.
1820 4839 1874 4904 ela
1886 4839 2029 4907 populoid.

402 4923 718 4991 f)velearneadd.id.
806 4921 1045 4992 g)id...tribus
1064 4924 1167 4976 mam
2048 4955 2075 4994 40

505 5028 569 5082 ota.
608 5029 663 5096 Ofr.
686 5029 747 5080 Tar.
762 5027 821 5092 III,
839 5046 881 5078 nr.
893 5025 936 5082 53.
971 5027 998 5091 a)
1018 5029 1053 5079 In
1074 5028 1148 5079 codd.
1173 5027 1239 5090 Uol,
1267 5027 1363 5094 (lueis,
1387 5027 1492 5080 lfindob.
1515 5029 1562 5081 boc
1580 5038 1602 5080 ct
1620 5029 1671 5079 duro
1689 5030 1820 5095 sequentia
1839 5030 1955 5096 capimlo
1973 5047 2031 5080 error

403 5115 558 5166 antecedenti
582 5117 609 5166 in
630 5133 711 5166 annm
728 5115 864 5167 coniuncta
881 5123 954 5174 annu
979 5117 1045 5180 Quid
1069 5117 1096 5166 in
1117 5116 1198 5181 primo
1216 5132 1285 5167 anno
1305 5116 1442 5167 observare
1459 5116 1552 5166 debeat
1570 5116 1640 5166 rubr.
1659 5116 1687 5166 in
1705 5115 1777 5181 Κεφ,
1797 5116 1901 5181 sarno,
1922 5117 2029 5180 Beroia,

402 5203 446 5267 qni
463 5202 549 5253 addit:
576 5205 615 5254 Ex
633 5203 722 5254 eodem
739 5203 847 5254 concilio
865 5218 922 5269 cap.
932 5203 962 5252 V.
1052 5201 1077 5262 b)
1096 5219 1144 5252 om.
1163 5202 1208 5253 iid.
1282 5201 1307 5266 c)
1325 5209 1351 5253 et
1366 5202 1412 5253 ild.
1498 5199 1525 5264 d)
1543 5203 1651 5254 cervisia
1663 5201 1725 5268 lisy.
1804 5204 1828 5264 e)
1847 5212 1873 5254 et
1890 5204 2031 5270 pinguibus

402 5290 516 5355 piscibus
534 5289 596 5340 add.
616 5289 685 5356 1209,
704 5289 809 5354 sarar,
828 5289 926 5340 Bar-cb.
1013 5287 1177 5348 slacuncto
1195 5289 1289 5354 populo
1307 5287 1351 5338 iid.
1439 5285 1467 5354 gl
1487 5289 1512 5338 in
1531 5287 1593 5338 odd.
1614 5289 1675 5351 Uol,
1695 5289 1782 5356 Gaels.
1871 5290 1899 5352 b)
1918 5306 1966 5340 om.
1985 5288 2030 5339 ild.

402 5385 426 5426 et
444 5375 549 5428 l'imlob.
636 5376 656 5438 i)
674 5377 715 5426 vel
807 5385 846 5428 est
868 5393 916 5427 om.
941 5374 1015 5442 lice,
1045 5373 1152 5440 Saena,
1182 5373 1279 5424 Barcb.
1380 5373 1409 5436 k)
1436 5375 1535 5425 venerit
1558 5375 1602 5426 ild.
1707 5373 1727 5441 1)
1755 5385 1800 5426 aut
1824 5378 1926 5428 sanitati
1952 5377 2030 5427 suerit
2047 5412 2072 5449 45

403 5465 545 5526 restitutus,
563 5463 661 5514 nullam
678 5464 808 5516 licentiam
827 5465 921 5516 babeat
937 5462 998 5524 tina
1014 5463 1056 5513 vel
1075 5462 1221 5529 pausaverit
1239 5478 1287 5512 orn.
1307 5460 1404 5527 (dacis,
1423 5461 1528 5512 Vrndob.

506 5619 550 5684 33)
573 5616 628 5682 Osr.
641 5616 783 5682 Binterim
802 5614 1069 5683 Dmlnoiirdiplrciten
1085 5614 1148 5682 153,
1164 5616 1328 5682 p.1ssbsqq.;
1347 5614 1420 5667 Dore
1431 5613 1462 5666 in
1476 5614 1549 5680 Ἠ,
1565 5613 1640 5668 KR!
1653 5613 1672 5666 1
1676 5615 1703 5682 V,
1718 5633 1747 5683 p.
1765 5618 1854 5682 llaq.,·
1875 5613 2031 5678 Himerius,

403 5721 597 5775 Kircbenreclrt
618 5720 666 5786 IV,
683 5737 709 5788 p.
723 5723 783 5776 827.
