4590 6420
400 441 645 496 CAPITULARIA
666 440 793 496 REGUM
813 439 998 496 aurneina
1016 441 1277 498 OCCIDENTALIS
1296 443 1444 513 (KAROLI
1457 444 1518 514 III).
1539 475 1569 484 -
1588 445 1637 499 Νι.
1649 445 1709 500 290.
1803 448 1866 510 379

246 616 377 682 dicitur:
406 609 545 684 ‘Deuml
569 618 699 697 timete,
726 636 837 702 regem
860 616 1095 700 honorificate',
1124 627 1171 684 et:
1201 612 1303 684 ιΝοιι5
1331 628 1380 685 ιιι
1404 627 1547 706 potestas
1571 621 1632 684 nisi
1657 641 1676 684 a
1699 617 1793 698 Dco’,
1817 627 1864 683 et:
1893 625 1953 681 920.

248 720 342 796 ‘Qui'
366 723 522 808 potestati
539 721 672 802 resistit,
696 720 760 785 Dei
783 720 975 788 ordinationi
998 723 1132 788 resistit.
1177 723 1250 788 Non
1274 732 1324 790 est
1346 726 1602 818 enimpotestas
1626 726 1689 790 nisi
1714 748 1733 790 a
1755 723 1869 804 Deo⁰’,

247 831 280 890 et
301 823 461 890 adversus
484 824 663 890 citharoedi
686 824 794 890 David
817 825 920 906 dicta,
948 828 1004 892 ubi
1027 828 1068 893 ad
1093 827 1267 892 Dominum
1291 828 1449 914 loquitur:
1481 821 1700 916 ίΙιιιροιιιὶιιι6
1722 829 1870 894 homines

129 923 131 926 ’
246 949 347 1017 super
369 927 478 1015 capita
500 926 633 1004 nostra’;
657 929 778 1014 quique
802 930 887 996 ultra
903 928 1058 996 Rhenum
1080 931 1120 996 ad
1136 931 1284 997 inimicos
1301 939 1427 998 nostros
1442 932 1655 1018 proficiscens
1671 934 1870 1018 minimeque

216 1025 459 1098 sreminiscens
483 1039 763 1100 sacramentorum
786 1054 918 1098 suorum
941 1035 1035 1100 nobis
1067 1037 1298 1122 promissorum
1329 1057 1434 1122 eaque
1457 1044 1544 1101 retro
1568 1036 1700 1100 dorsum
1723 1037 1871 1101 abiciens

246 1135 286 1202 ab
311 1136 467 1202 Heinrico
490 1137 622 1202 inimico
651 1145 765 1202 nostro
789 1139 991 1225 episcopium
1014 1139 1215 1226 Tungrensis
1238 1141 1400 1206 ecclesiae
1422 1141 1562 1227 expetiit
1585 1160 1709 1225 suaque
1733 1140 1868 1206 damna-

245 1242 333 1306 tione
357 1248 472 1306 contre
487 1243 598 1308 omnia
614 1249 738 1308 statuta
760 1248 826 1307 tam
844 1263 1009 1308 sacrorum
1032 1251 1170 1330 patrum,
1196 1266 1294 1331 qnam
1309 1265 1433 1330 regum,
1457 1245 1610 1310 videlicet
1625 1251 1870 1309 antecessorum

246 1353 447 1428 nostrorum,
475 1348 653 1433 usurpavit.
705 1346 757 1411 De
781 1347 933 1432 qualibus
962 1347 994 1411 in
1018 1347 1100 1414 libro
1129 1370 1244 1434 regum
1275 1348 1445 1436 capitulari
1472 1349 1519 1413 ita
1547 1348 1678 1413 dicitur:
1708 1341 1775 1412 *ΒΝ
1799 1348 1870 1433 quis

245 1451 514 1536 praesumpserit,
539 1472 636 1536 quam
661 1445 881 1530 non'meruit,
905 1472 925 1514 a
947 1452 1095 1538 principe
1119 1454 1172 1518 vel
1195 1454 1323 1518 seniore
1347 1453 1432 1518 iusto
1456 1452 1663 1538 dignitatem,
1694 1452 1872 1536 sacrilegus

206 1583 230 1620 ιι
247 1550 429 1629 habeatur’;
453 1561 487 1620 ιι
509 1555 626 1620 beatus
651 1554 844 1641 Gregorius:
879 1547 1001 1620 ‘Siout8
1025 1557 1079 1642 qui
1103 1557 1261 1622 invitatus
1284 1560 1401 1637 renuit,
1425 1558 1593 1643 quaesitus
1616 1557 1747 1642 refugit,
1770 1556 1872 1620 saeris

248 1665 300 1723 est
322 1656 480 1726 altaribus
503 1657 743 1738 admovendus,
774 1658 821 1723 sie
849 1659 904 1744 qui
934 1659 1019 1724 ultro
1050 1660 1164 1737 ambit,
1197 1661 1248 1725 vel
1273 1662 1327 1746 qui
1349 1662 1553 1748 importunus
1579 1682 1614 1724 se
1636 1660 1773 1745 ingerit,
1796 1681 1872 1745 pro-

247 1761 401 1826 culdubio
425 1769 477 1826 est
500 1761 721 1848 repellendus.
767 1762 850 1827 Nam
874 1754 952 1848 qui9
975 1763 1089 1827 nititur
1112 1763 1153 1827 ad
1177 1765 1294 1829 altiora
1316 1765 1524 1844 contendere,
1548 1764 1622 1850 quid
1647 1765 1729 1850 agit,
1753 1764 1815 1828 nisi
1838 1769 1873 1826 nt

248 1864 425 1930 crescendo
449 1864 641 1930 decrescat?
675 1865 740 1929 Cur
763 1886 825 1929 non
850 1867 1042 1952 perpendit,
1066 1867 1142 1952 quia
1164 1867 1351 1932 benedictio
1377 1869 1423 1932 illi
1449 1870 1480 1932 in
1505 1867 1714 1932 maledictum
1738 1887 1871 1932 conver-

247 1969 335 2048 titur,
361 1968 416 2053 qui
440 1967 480 2032 ad
505 1968 576 2047 hoo,
600 1977 635 2033 ut
659 1969 715 2033 fiat
739 1968 935 2049 haereticus,
959 1969 1197 2055 prornoveturl'

205 2101 227 2140 rs
355 2085 384 2146 ’2.
420 2079 500 2145 Cum
525 2079 657 2166 quidam
680 2082 829 2166 pestiferi
853 2084 924 2164 viri,
949 2090 1105 2169 utsupra
1129 2085 1390 2164 memoravimus,
1414 2105 1434 2147 a
1456 2090 1568 2148 nostra
1584 2082 1743 2148 fidelitate
1759 2082 1871 2148 devia-

247 2192 333 2265 rent,
357 2185 606 2250 convocavimus
629 2185 894 2273 archiepiscopos
917 2188 1089 2272 praesules
1113 2185 1195 2252 XVI
1218 2189 1318 2252 nostri
1342 2189 1450 2272 regni,
1475 2188 1649 2252 nonnullos
1674 2187 1773 2252 etiam
1797 2207 1871 2274 pro-

247 2309 356 2362 ceres,
391 2289 597 2354 marchiones
633 2298 666 2354 ιι
697 2292 833 2356 comites
862 2292 1117 2378 optimatesque,
1152 2299 1188 2356 ιιι
1218 2313 1330 2356 eorum
1359 2292 1510 2370 consilio,
1547 2291 1740 2356 auctoritate
1775 2298 1872 2375 atque

248 2393 368 2458 virtute
393 2399 503 2457 tantae
528 2395 681 2459 vesaniae
706 2396 946 2462 resisteremus.
989 2394 1163 2462 Inventum
1187 2402 1248 2473 est,
1272 2402 1307 2460 ut
1330 2418 1416 2461 nova
1439 2396 1611 2482 gibborum
1635 2415 1757 2480 genera
1779 2395 1873 2458 novis

249 2497 522 2563 medicationibus
547 2507 737 2564 secarentur
759 2521 797 2565 ac
821 2509 1030 2580 sanarentur,
1059 2501 1220 2588 pellentes
1249 2521 1306 2566 eos
1334 2501 1514 2588 episcopali
1541 2500 1733 2565 auctoritate
1762 2517 1872 2560 sacro-

206 2627 232 2666 ιι
249 2623 386 2687 rumque
411 2623 570 2667 canonum
599 2605 831 2668 constitutione
860 2627 880 2669 a
910 2611 1007 2670 coetu
1036 2615 1068 2668 et
1101 2606 1262 2670 consortio
1291 2605 1550 2670 christianorum.
1603 2601 1748 2676 Quorum
1778 2620 1873 2686 prae-

248 2706 425 2792 sumptioni
457 2728 494 2771 ac
527 2706 688 2772 nefandae
722 2707 886 2792 tyrannidi
922 2708 1096 2773 Hilduinus
1134 2731 1168 2774 se
1198 2707 1408 2774 immiscensd
1438 2707 1522 2772 datis
1552 2706 1706 2772 Heinrico
1740 2705 1873 2789 suisque

248 2810 439 2896 proceribus
475 2809 697 2896 complurimis
728 2812 798 2875 anri
834 2813 1026 2897 argentique
1060 2812 1261 2899 ponderibus
1297 2833 1362 2876 non
1398 2812 1501 2874 solnm
1540 2830 1613 2874 cum
1650 2809 1696 2872 eis
1732 2808 1874 2873 scienter

249 2914 471 3000 participavit,
497 2914 554 2980 sed
578 2916 676 2979 etiam
707 2937 748 2980 ex
778 2915 941 2981 thesauris
969 2915 1130 2981 ecclesiae
1163 2915 1385 3001 Tungrensis,
1417 2937 1498 3000 quos
1527 2914 1682 2978 instinctu
1713 2911 1874 2976 diabolico

250 3026 402 3106 rapuerat
433 3018 485 3082 vel
515 3019 640 3084 furatus
672 3019 795 3100 fuerat,
831 3021 1024 3106 quibusdam
1058 3021 1153 3086 minis
1185 3041 1223 3086 ac
1256 3020 1436 3086 terroribus
1470 3020 1553 3104 egit,
1587 3024 1623 3082 ιιι
1651 3016 1874 3082 Harimannus

205 3149 229 3188 ss
249 3121 451 3208 Agrippinae
475 3122 617 3186 civitatis
640 3123 906 3210 archiepiscopus
929 3146 989 3211 per
1011 3124 1199 3190 violentiam
1222 3124 1371 3190 Heinrici
1396 3121 1591 3208 suorumque
1615 3121 1760 3185 fidelium
1782 3120 1873 3184 illum

249 3227 281 3290 in
304 3226 490 3313 pontificem
514 3234 731 3290 consecraret.
776 3227 860 3292 Nam
884 3229 911 3292 si
936 3249 999 3292 non
1022 3228 1164 3306 fecisset,
1189 3229 1365 3316 sicutipse
1390 3228 1586 3293 venerabilis
1609 3225 1874 3311 archiepiscopus

248 3329 342 3394 nobis
365 3338 481 3415 postea
504 3331 535 3394 in
565 3331 755 3417 praesentia
781 3332 992 3417 plurimorum
1025 3333 1148 3412 retulit,
1185 3329 1245 3396 sibi
1268 3333 1369 3396 vitam
1397 3352 1514 3417 resque
1543 3330 1785 3395 ecclesiasticas
1815 3347 1873 3390 au-

248 3435 350 3500 ferret
379 3454 573 3519 omnemque
603 3433 759 3498 familiam
790 3433 968 3499 trucidaret
997 3455 1035 3499 ac
1066 3435 1194 3500 illorum
1230 3433 1315 3498 bona
1344 3434 1510 3521 diriperet.
1569 3433 1715 3518 Ideoque
1751 3430 1874 3514 absque

248 3537 469 3623 legitimorum
492 3542 740 3602 antecessorum
765 3537 959 3602 auctoritate
983 3559 1057 3602 eum
1084 3539 1304 3619 consecravit,
1332 3544 1367 3602 ut
1397 3537 1468 3624 ipse
1498 3537 1605 3601 adhuc
1634 3541 1785 3614 testatur,
1816 3531 1873 3598 scd

207 3642 349 3710 rotantis
380 3640 557 3706 terroribus
589 3663 628 3705 ac
656 3640 734 3706 diris
765 3643 1014 3707 crudelitatibus
1044 3649 1185 3709 coactus.
1238 3641 1331 3708 Unde
1362 3644 1395 3708 in
1424 3643 1569 3708 Nicaeno
1598 3641 1735 3706 concilio
1764 3639 1810 3703 ita
1833 3636 1872 3702 ad

239 3745 357 3809 locum
382 3745 560 3809 invenitur:
597 3737 772 3830 ‘Si10quis
801 3767 842 3810 ex
860 3746 960 3810 'clero
988 3744 1216 3832 deprehensus
1247 3747 1345 3812 fuerit
1372 3768 1445 3812 eum
1470 3744 1761 3812 excommunicatis
1785 3763 1872 3807 com-

252 3848 434 3928 municare,
464 3849 562 3914 ctiam
586 3849 657 3934 ipse
681 3850 830 3934 privetur
852 3851 1093 3930 communione,
1123 3859 1277 3937 tanquam
1310 3853 1364 3938 qui
1393 3852 1525 3937 regulas
1549 3845 1738 3914 confundit’
1783 3845 1876 3919 Quae

250 3952 348 4038 longe
380 3952 512 4038 lateque
542 3953 573 4017 in
606 3952 744 4018 diversis
779 3954 923 4019 conciliis
956 3962 990 4020 ιι
1017 3954 1250 4041 capitularibus
1283 3976 1398 4040 regum
1431 3954 1471 4020 de
1507 3951 1797 4020 excommunicatis
1827 3951 1876 4014 in-

250 4059 433 4124 veniuntur.

207 4196 233 4236 ιι
359 4174 388 4235 3.
423 4169 515 4235 Idem
540 4170 639 4234 etiam
663 4167 840 4234 Hilduinus
863 4191 915 4248 ιιι
938 4171 1040 4236 nostri
1064 4173 1155 4257 regni
1180 4193 1221 4237 ex
1238 4171 1386 4260 praefato
1404 4171 1570 4258 episcopio
1593 4169 1722 4248 invasit,
1746 4166 1879 4253 diripuit

251 4282 284 4339 et
306 4297 363 4362 pro
386 4274 478 4340 libito
507 4273 645 4338 abduxit
675 4295 777 4358 agens
808 4280 920 4338 contra
949 4282 1073 4338 statuta
1100 4275 1253 4341 Anacleti
1283 4295 1406 4361 papae,
1438 4272 1494 4338 ubi
1526 4273 1661 4337 dicitur:
1687 4262 1877 4336 ‘Sanctus¹¹

251 4378 444 4457 Anacletus,
468 4379 522 4464 qui
546 4378 587 4442 ab
611 4379 681 4464 ipso
697 4377 797 4442 Petro
820 4378 971 4463 apostolo
988 4379 1156 4444 ordinatus
1174 4387 1224 4445 est
1239 4379 1423 4465 presbyter,
1447 4384 1564 4464 postea
1586 4378 1618 4440 in
1634 4376 1712 4441 sede
1728 4374 1879 4440 Romana

251 4502 420 4547 successor
442 4482 529 4546 illius
556 4482 661 4546 factus
685 4482 857 4568 episcopus
880 4503 953 4547 cum
977 4483 1078 4547 totius
1101 4483 1213 4547 mundi
1237 4481 1463 4547 sacerdotibus
1487 4481 1656 4546 iudicavit:
1693 4479 1778 4562 „Qui
1803 4481 1876 4544 abs-

252 4583 397 4666 tulerit’',
426 4586 541 4672 inquit,
566 4586 670 4672 “patri
693 4586 745 4650 vel
769 4585 865 4650 matri
888 4586 1027 4672 aliquid,
1058 4587 1241 4652 homicidae
1256 4589 1422 4673 particeps
1446 4593 1507 4651 est.
1553 4585 1652 4650 Pater
1674 4591 1787 4648 noster
1809 4583 1878 4647 sine

207 4719 233 4758 so
252 4688 351 4755 dubio
375 4689 466 4754 Deus
490 4695 555 4766 est;
587 4697 691 4754 mater
714 4709 791 4752 vero
820 4695 932 4753 nostra
960 4690 1099 4754 ecclesia
1127 4696 1191 4768 ιιι,
1222 4710 1305 4775 quae
1334 4710 1393 4754 nos
1417 4691 1448 4753 in
1473 4688 1635 4775 baptismo
1659 4686 1876 4772 regeneravit.

252 4793 340 4880 Ergo
364 4794 418 4878 qni
435 4795 592 4881 pecunias
610 4791 732 4858 Christi
756 4799 790 4858 ιι
812 4793 972 4858 ecclesiae
997 4795 1089 4880 rapit,
1113 4795 1221 4859 aufert
1236 4794 1289 4857 vel
1304 4793 1499 4872 fraudatum,
1522 4791 1684 4855 homicida
1700 4798 1759 4870 est,
1779 4795 1878 4874 atque

251 4898 414 4963 homicida
445 4899 476 4962 in
507 4905 685 4984 conspectu
717 4897 793 4961 iusti
829 4895 943 4962 iudicis
977 4896 1202 4984 deputabitur;
1238 4898 1292 4983 qui
1327 4897 1412 4983 rapit
1442 4896 1613 4982 pecuniam
1649 4893 1788 4980 proximi
1817 4892 1878 4971 sui,

356 5103 381 5173 o)
398 5107 449 5171 Qui
534 5107 589 5157 Deo
608 5123 655 5157 om.
674 5105 698 5156 l.
787 5104 814 5171 d)
831 5107 1013 5168 intumescens,
1033 5125 1082 5160 om.
1101 5125 1137 5169 ee,
1157 5107 1180 5159 l.
1272 5105 1298 5170 e)
1316 5105 1419 5158 fraudat
1436 5102 1461 5156 2.

354 5294 383 5360 4)
403 5293 510 5348 arar.
532 5295 558 5362 2,
576 5295 614 5348 17.
720 5295 747 5361 5)
766 5294 843 5349 Rom.
867 5295 990 5360 13‚1.2.
1095 5294 1123 5360 6)
1145 5293 1244 5349 Paalm.
1268 5295 1312 5360 65,
1325 5294 1365 5348 12,
1470 5293 1496 5356 7)
1521 5291 1621 5346 Bracd.
1645 5290 1766 5358 LeaH,
1787 5291 1881 5346 aaut.

208 5418 233 5456 ιι
251 5399 279 5466 8)
299 5397 457 5466 Gregorfil
479 5395 1588 5468 nater.1n.1X,ep.aia,Jafft,qu.pomis.1²,nr.1mr;aaaeorea
1676 5395 1703 5461 9)
1722 5393 1761 5448 sic
1780 5393 1882 5447 nititur

250 5500 286 5554 ad
308 5501 412 5556 altiora
433 5501 615 5558 conscendere
719 5501 914 5572 perpenditur,
942 5499 1010 5570 quia
1027 5499 1187 5555 benedietio
1209 5500 1251 5554 illi
1278 5500 1308 5554 in
1330 5499 1555 5554 maledictionem
1576 5497 1748 5553 convertitur
1775 5497 1883 5568 ἅτερον.

253 5605 298 5672 10)
318 5605 392 5658 Haec
414 5605 495 5660 uerba
516 5607 556 5660 ita
578 5604 683 5674 quidm
704 5622 787 5674 usquc
809 5607 841 5660 in
864 5605 941 5660 cone.
964 5605 1027 5660 Nic.
1049 5621 1133 5672 acque
1153 5605 1240 5658 aliubi
1262 5604 1456 5670 inveniuntur,-
1479 5603 1528 5669 cfr.
1551 5608 1641 5657 erdem
1661 5601 1739 5656 Cone.
1761 5602 1884 5671 Gomhaq.

253 5725 274 5763 c.
288 5709 313 5775 9,
331 5713 393 5762 tom.
406 5708 430 5776 Ι,
444 5725 474 5778 p.
488 5711 530 5778 56,
549 5727 570 5766 o.
582 5711 625 5766 36.
716 5713 759 5775 ll)
779 5710 914 5766 Admonit.
927 5712 988 5778 857,
1006 5725 1093 5780 supra
1107 5726 1136 5778 p.
1149 5711 1242 5779 288sq.

1623 5807 1678 5860 480
