4634 6436
462 431 520 494 126
676 421 947 481 ΑΒΒΙΤΑΜΕΝΤΑ
965 425 1014 480 ΑΙ)
1032 425 1279 480 capricornum
1298 425 1425 480 REGUM
1443 424 1651 480 11111111.-
1669 425 1718 479 Nr.
1731 425 1791 480 230.
1808 425 1868 482 231.

378 607 437 662 898.
456 601 606 665 Romana
629 601 771 664 ecclesia
794 606 921 664 tantum
946 606 996 664 est
1018 597 1059 664 ad
1081 599 1217 665 nihilum
1233 598 1382 676 deducta,
1399 596 1493 683 ‘quod
1509 605 1543 663 et
1563 601 1803 684 eleemosynae,
1827 620 1909 685 qnae
1926 601 2079 686 pauperi-

455 704 515 769 bus
538 725 596 790 pro
622 705 780 790 sospitate
804 707 903 769 vestri
932 705 1059 789 imperii
1084 704 1234 769 distribui
1262 703 1425 782 solebant,
1455 709 1488 768 et
1512 702 1674 788 stipendia
1696 704 1888 768 clericorum
1911 725 1949 768 ac
1973 703 2079 769 famu-

456 810 558 874 lorum
584 810 654 872 eius
677 807 871 872 omnimodis
895 816 970 873 sunt
993 813 1168 882 evacuata;
1198 828 1255 893 pro
1279 806 1396 891 quibus
1421 825 1497 870 vero
1526 805 1566 870 ad
1592 805 1805 870 stabilitatem
1829 807 1957 891 imperii
1981 808 2080 871 vestri

455 913 559 996 magis
587 933 646 975 vos
676 918 805 998 oportet
833 932 905 974 cum
930 909 1048 975 restris
1076 909 1229 974 fidelibus
1261 908 1438 994 prudenter
1461 915 1618 986 tractare,
1653 914 1706 988 nt,
1739 910 1822 974 siout
1845 909 2079 994 praediximus,

454 1016 551 1079 alicui
574 1015 803 1079 restaurationi
827 1014 941 1100 ipsius,
966 1035 1049 1100 quae
1073 1014 1207 1078 nimium
1232 1017 1285 1076 est
1307 1011 1438 1092 afflicta,
1462 1031 1595 1097 operam
1619 1011 1713 1076 detis.
2110 1040 2122 1076 s

562 1239 649 1314 Quia
680 1243 789 1302 vestra
823 1238 966 1302 omnium
1001 1238 1187 1302 fraternitas
1221 1237 1371 1301 concordi
1403 1256 1483 1301 voce
1517 1235 1577 1300 sibi
1610 1237 1743 1321 placere
1772 1237 1961 1322 profitetur,
1996 1261 2079 1324 quae

455 1341 577 1406 Christi
604 1341 668 1406 Dei
700 1341 802 1406 nostri
834 1342 940 1425 gratia
970 1341 1151 1426 inspirante
1179 1340 1406 1426 praefiximus,
1441 1339 1622 1414 hortamur,
1657 1347 1693 1403 ut
1726 1340 1904 1404 secundum
1934 1341 2078 1407 debitam

454 1445 690 1510 solicitudinem
707 1445 899 1509 commissae
920 1444 982 1508 sibi
1003 1443 1111 1508 aDeo
1128 1443 1289 1508 ecclesiae
1307 1463 1417 1507 curam
1433 1443 1657 1527 unusquisque
1675 1450 1817 1506 vestrum
1834 1463 1931 1528 agere
1948 1445 2079 1510 studeat

455 1557 488 1613 et
519 1570 653 1634 gregem
681 1547 802 1612 Christi
837 1549 995 1632 sanguine
1027 1546 1232 1633 redemptum
1261 1547 1354 1610 honis
1386 1546 1547 1631 exemplis
1576 1567 1614 1609 uc
1646 1546 1843 1611 salutaribus
1874 1548 2077 1615 documentis

453 1653 593 1717 instruat
620 1651 744 1716 habens
775 1670 903 1734 semper
932 1670 1009 1734 prae
1039 1650 1142 1714 oeulis
1174 1649 1265 1714 illum
1295 1648 1502 1714 tremendum
1531 1648 1684 1728 iudicem,
1716 1650 1771 1735 qui
1801 1670 1895 1714 suum
1925 1655 2122 1719 sacratis-1⁰

454 1756 569 1819 simum
593 1756 784 1840 sauguinem
799 1774 857 1838 pro
875 1752 1024 1817 omnibus
1047 1752 1140 1830 fudit,
1163 1759 1209 1829 ut,
1232 1772 1305 1816 cum
1329 1758 1404 1816 ante
1428 1751 1531 1837 ipsius
1551 1751 1692 1816 tribunal
1710 1755 1877 1832 steteritis,
1901 1747 2076 1841 unicuique

454 1865 599 1921 vestrum
623 1857 721 1920 dicat:
757 1847 897 1940 ‘Euge14
922 1877 1016 1920 serve
1040 1857 1123 1921 bone
1151 1861 1184 1920 et
1207 1854 1328 1932 fidelis,
1356 1856 1433 1939 quia
1456 1876 1560 1940 super
1583 1877 1687 1940 pauca
1709 1856 1800 1920 fuisti
1825 1857 1948 1936 fidelis,
1980 1882 2080 1946 supra

454 1961 557 2024 multe
588 1966 621 2024 te
652 1960 862 2023 constituam:
903 1959 987 2022 intra
1018 1959 1051 2022 in
1082 1957 1236 2043 gaudium
1267 1957 1388 2022 domini
1421 1957 1489 2024 tui’
1548 1958 1696 2044 Oumque
1725 1959 1795 2024 Deo
1825 1964 2003 2027 auxiliante
2036 1962 2077 2027 ad

453 2064 585 2150 propria
607 2063 780 2142 veneritis,
804 2061 961 2126 ieiunium
983 2062 1132 2142 indicite,
1155 2063 1303 2126 litaniam
1328 2061 1496 2126 celebrate
1519 2071 1674 2148 rogantes
1699 2073 1731 2130 et
1755 2067 1966 2132 obsecrantes
1989 2070 2077 2154 pium

453 2173 488 2232 et
510 2166 754 2232 misericordem
773 2166 961 2244 Dominum,
983 2172 1019 2230 ut
1041 2166 1185 2231 furorem
1207 2167 1345 2250 mitiget,
1368 2167 1449 2230 iram
1465 2188 1485 2230 a
1501 2169 1623 2254 populo
1647 2176 1784 2252 avertat,
1807 2193 1920 2257 paoem
1944 2174 2076 2256 tribuat,
2096 2195 2120 2234 n
2158 2243 2163 2254 ¹

453 2270 629 2334 schismata
657 2275 690 2334 et
720 2267 899 2334 seditiones
929 2269 1136 2353 comprimat,
1166 2268 1361 2334 discordiam
1389 2269 1533 2346 auferat,
1564 2278 1728 2338 retroacta
1750 2283 1888 2360 peecata
1915 2283 2022 2361 tergat
2044 2285 2078 2343 et

453 2373 638 2438 miserando
659 2373 807 2448 aboleat;
830 2380 991 2457 quatenus
1011 2372 1148 2438 indultis
1165 2373 1316 2438 omnibus
1333 2373 1462 2439 delictis
1479 2375 1733 2440 misericordiam
1750 2381 1940 2464 rogantibus
1958 2382 2077 2465 largia-

452 2483 506 2541 tur
534 2483 567 2540 et
598 2474 640 2540 ad
670 2475 906 2561 protectionem
937 2481 971 2540 et
1003 2475 1238 2541 exaltationem
1272 2483 1405 2541 sanctae
1438 2496 1517 2541 suae
1549 2479 1708 2543 ecclesiae
1739 2481 1945 2565 spiritualem
1977 2484 2078 2549 filium

452 2586 608 2660 nostrum,
632 2579 945 2644 excellentissimum
968 2579 1093 2644 scilicet
1116 2581 1346 2666 imperatorem
1365 2579 1588 2661 Lambcrtum,
1613 2591 1784 2648 conservet
1807 2593 1840 2650 et
1862 2587 2076 2671 superbarum

451 2685 595 2769 gentium
624 2683 671 2746 illi
699 2682 783 2746 colla
810 2680 960 2746 subiiciat
988 2702 1047 2747 sua
1075 2683 1201 2768 potenti
1230 2680 1369 2747 dextera
1399 2681 1492 2746 Iesus
1516 2681 1663 2749 Christus
1690 2685 1838 2752 dominus
1865 2697 1992 2770 noster,
2027 2693 2079 2755 oui
2097 2713 2123 2752 ro

451 2793 503 2853 est
525 2807 599 2853 eum
621 2786 719 2852 Patre
743 2793 776 2851 et
800 2785 924 2872 Spiritu
947 2793 1059 2850 sancto
1082 2787 1188 2852 honor
1211 2792 1245 2852 et
1266 2787 1371 2872 gloria
1393 2788 1425 2851 in
1449 2787 1581 2852 saecula
1605 2791 1820 2855 saeculorum.
1866 2794 1982 2858 Amen.

557 2957 602 3025 14)
621 2955 722 3010 nam.
741 2957 783 3024 25,
796 2957 838 3011 aa

685 3310 781 3414 231.
830 3306 1355 3420 BERENGARH
1395 3310 1846 3425 PROMISSIO

743 3493 745 3498 ’
834 3463 1433 3575 ANGILTRUDAE
1474 3467 1700 3579 DATA.

1126 3645 1222 3728 898.
1257 3653 1342 3729 Dec.
1367 3655 1398 3729 1.
2096 3698 2121 3738 n

547 3815 746 3914 ‘Lepehotrrr
762 3834 943 3900 mone
958 3835 1189 3918 autographam
1203 3836 1391 3918 mnphcteas
1413 3839 1618 3918 speciosiorem,
1641 3859 1706 3918 quo
1728 3861 1799 3904 eum
1821 3843 1893 3922 ipsa
1908 3844 2078 3926 Apcitrade

444 3957 557 4016 pacem
579 3938 738 4001 statuebat
759 3937 986 4020 Bcrerrperius,
1008 3945 1121 4004 essum
1144 3940 1328 4021 dipihnioti’,
1350 3961 1412 4023 quo
1435 3943 1631 4023 imperatrici
1647 3947 1860 4024 possessiones
1881 3949 2079 4028 confirmauit

451 4038 605 4120 (Bdhmer
626 4061 675 4104 ma
695 4043 801 4120 1307),
824 4043 962 4122 deposito
983 4043 1020 4107 im
1041 4043 1168 4108 archivo
1185 4045 1409 4110 monachorum
1425 4043 1647 4111 Castrensium
1661 4050 1766 4112 sancti
1780 4049 1867 4113 Stati
1881 4050 2075 4117 thceritimi.

451 4141 506 4205 Ea
527 4163 588 4222 quo
609 4143 646 4206 irs
667 4143 766 4208 lucem
782 4147 947 4225 protraxit
969 4145 1189 4226 Muratmius,
1215 4146 1323 4228 Antip.
1347 4147 1423 4215 lat.
1446 4153 1518 4213 tom.
1538 4147 1596 4228 VI,
1620 4149 1674 4215 cot.
1692 4154 1770 4230 339,
1796 4154 1890 4217 cuius
1910 4155 2077 4222 editionem

450 4244 503 4308 hic
524 4246 703 4325 repetimus.
2094 4283 2120 4322 ao

560 4347 711 4430 Deplonm
731 4347 814 4413 illud
835 4355 864 4414 et
884 4352 1055 4433 promissio
1076 4351 1165 4432 foeta
1187 4357 1264 4416 suut
1285 4373 1315 4417 a.
1333 4356 1405 4419 898.
1428 4355 1479 4420 dio
1503 4362 1530 4421 1.
1553 4359 1669 4422 mersis
1691 4357 1885 4437 Decembris,
1905 4368 2076 4443 postquam

452 4452 619 4517 Lenrhoto
647 4454 834 4535 imperatore
860 4461 981 4521 mortuo
1003 4455 1221 4538 Bermporius
1247 4479 1304 4521 rec
1329 4460 1426 4522 totius
1448 4459 1565 4523 Italiae
1586 4459 1767 4525 declaratus
1794 4468 1858 4540 est;
1892 4463 1951 4543 cfr.
1978 4464 2076 4529 Gesta

452 4555 643 4638 Bereuparii
664 4555 715 4621 hb.
735 4557 806 4636 111,
828 4579 856 4624 v.
873 4561 1053 4638 asi-298,
1078 4561 1124 4626 ed.
1147 4559 1462 4642 Diimmlerp.125;
1492 4563 1691 4644 Liritprurrdi
1712 4566 1833 4648 Aatep.
1857 4565 1907 4630 hb.
1929 4569 1958 4647 Ι,
1982 4589 2007 4633 c.
2025 4573 2074 4648 43,

451 4659 508 4723 SS.
529 4659 601 4738 ΙΙΙ,
617 4680 655 4740 p.
672 4663 744 4726 386.
1630 4667 1688 4768 (β.
1705 4669 1788 4735 deest
1795 4690 1806 4748 ;
1828 4669 1866 4734 P.
1884 4673 1972 4751 565.)

555 4854 723 4966 Promitte
753 4921 814 4987 ego
843 4901 1063 4990 Berengarius
1094 4927 1153 4970 rex
1184 4907 1243 4972 tibi
1266 4909 1484 4994 Ageltrudae‚
1519 4910 1633 4974 relicta
1661 4910 1825 4994 quondam
1849 4912 1984 4978 Widoni
2013 4914 2072 4978 im·
2092 4937 2116 4977 as

451 5006 625 5090 peratoris,
658 5005 735 5089 qnia
762 5005 804 5069 ab
833 5006 893 5070 hac
923 5028 980 5072 ora
1008 5015 1042 5074 et
1069 5010 1224 5096 deinceps
1247 5012 1370 5077 amicus
1393 5012 1452 5076 tibi
1476 5032 1563 5093 sum,
1593 5015 1688 5078 sicuti
1711 5021 1801 5079 recte
1825 5017 1948 5080 amicus
1972 5017 2076 5082 amico

452 5129 525 5172 esse
549 5106 655 5174 debet.
694 5105 739 5171 Et
762 5114 880 5173 cuneta
903 5116 960 5176 tua
981 5113 1203 5197 praeceptalia
1226 5134 1384 5179 concessa
1407 5113 1584 5180 aWidone
1606 5137 1665 5181 seu
1684 5138 1704 5182 a
1724 5118 1790 5182 filio
1813 5119 1882 5184 eius
1898 5119 2076 5185 Lamberto

451 5202 721 5295 imperatoribus¹
746 5231 807 5276 nec
831 5212 910 5276 tollo
933 5234 995 5278 nec
1018 5215 1076 5280 ulli
1100 5215 1222 5301 aliquid
1243 5216 1418 5303 aliquando
1442 5219 1557 5284 tollere
1581 5217 1707 5284 dimitto
1731 5222 1861 5288 iniuste.

555 5398 582 5467 1)
602 5397 655 5464 thr.
677 5397 869 5469 Forschaayen
886 5416 907 5455 ι.
921 5399 958 5454 D.
973 5401 1064 5457 Germ.
1079 5400 1116 5470 X,
1130 5417 1161 5471 p.
1174 5403 1225 5457 275
1236 5419 1308 5473 sqq.;
1332 5404 1447 5460 Br'r'hmer
1463 5421 1505 5460 ar.
1522 5407 1596 5463 1270.
1607 5408 1682 5463 1271.
1694 5409 1853 5464 11811184.
