4568 6420
379 451 649 508 ADDITAMENTA
668 453 717 507 Al)
733 453 850 509 CAPIT.
870 453 949 508 REG.
969 455 1154 510 veruclata
1172 457 1361 512 occlouuu.
1381 457 1530 525 (usuum
1543 457 1589 526 11).
1608 485 1642 496 -
1661 457 1708 512 Nr.
1722 457 1782 513 30³.
1832 461 1897 522 459

267 625 394 691 diaconi
416 628 471 690 vel
494 629 688 714 quicumque
715 629 777 694 sub
801 629 917 714 regula
938 649 1070 714 prorsus
1093 631 1256 708 existunt,
1288 630 1320 694 hi
1350 651 1558 715 nequequam
1585 629 1707 695 debent
1735 631 1768 694 in
1796 630 1894 694 aliam
1913 638 1974 692 871.

268 730 442 794 ecclesiam
465 732 582 817 recipi;
606 731 664 796 sed
688 752 824 796 omnem
848 735 1085 798 necessitatem
1110 737 1262 799 convenit
1285 735 1349 798 illis
1365 735 1498 821 imponi,
1521 741 1559 798 ut
1575 734 1616 799 ad
1632 756 1708 799 sues
1725 735 1897 819 parochias

184 881 192 894 .
267 838 482 898 revertantur.
528 832 654 907 Quodsi
677 855 742 899 non
765 835 917 914 fecerint,
942 843 1072 922 oportet
1099 857 1154 901 eos
1185 837 1411 901 communione
1434 835 1575 922 privari’
1621 837 1693 901 Hoc
1717 837 1758 902 de
1781 838 1898 922 Tyrso,

267 939 321 1024 qui
346 937 575 1022 inregulariter
597 957 617 1000 e
640 945 699 1002 sue
723 939 854 1003 civitate
879 938 1041 1020 discessit,
1066 939 1233 1004 decretum
1257 947 1317 1006 est.
1364 939 1521 1005 Ceterum
1544 940 1585 1005 de
1608 942 1679 1027 ipso
1702 946 1736 1005 et
1759 939 1799 1004 de
1823 940 1898 1004 aliis

236 1066 248 1103 s
268 1039 545 1126 contemptoribus
571 1040 810 1106 Antiochenam
835 1043 1011 1106 concilium
1035 1041 1131 1106 dicit:
1168 1033 1236 1106 ‘Si3
1266 1043 1339 1127 quis
1368 1045 1543 1130 presbyter
1567 1052 1624 1107 aut
1647 1043 1804 1108 diaconus
1828 1045 1898 1129 epi-

267 1165 402 1230 scopum
425 1144 594 1230 proprium
617 1150 829 1209 contemnens
852 1167 898 1210 se,
912 1147 953 1210 ab
978 1147 1119 1211 ecclesia
1141 1149 1362 1231 sequestravit
1385 1154 1418 1212 et
1441 1168 1588 1212 scorsum
1607 1148 1769 1232 colligens
1792 1147 1897 1211 altare

268 1247 435 1314 constituit
459 1255 492 1310 et
515 1249 734 1312 commonenti
758 1249 914 1335 episcopo
939 1270 1003 1313 non
1027 1249 1231 1334 adquieverit
1254 1272 1315 1315 nec
1332 1251 1517 1316 consentire
1534 1252 1589 1315 vel
1606 1250 1740 1315 obedire
1759 1251 1897 1314 volucrit

268 1351 370 1414 semel
386 1351 551 1414 etiterum
568 1352 772 1430 convocanti,
796 1351 848 1416 hic
866 1352 1038 1419 damnetur
1054 1355 1256 1436 omnimodo,
1278 1377 1339 1420 nec
1360 1356 1445 1420 ultra
1467 1354 1648 1419 remedium
1668 1361 1896 1439 consequatur,

268 1455 344 1540 quia
367 1475 457 1518 suem
482 1455 629 1538 recipere
654 1475 718 1518 non
735 1461 849 1540 potest
864 1455 1069 1541 dignitatem.
1115 1455 1241 1530 Quodsi
1258 1459 1432 1523 ecclesiam
1449 1457 1644 1522 conturbare
1669 1465 1702 1522 et
1719 1458 1896 1521 sollicitere

227 1558 422 1643 supersistit,
447 1565 600 1642 tenquem
629 1556 805 1622 seditiosus
828 1580 888 1644 per
909 1568 1093 1645 potestates
1118 1569 1250 1626 exteras
1269 1559 1494 1648 opprimatur.’
1539 1561 1626 1625 Hinc
1651 1563 1748 1626 etiam
1767 1561 1898 1625 Africae

268 1661 456 1747 provinciae
480 1651 640 1724 canones⁴
663 1660 891 1726 decreverunt.
950 1663 1015 1729 Sed
1046 1671 1174 1728 tentum
1206 1666 1267 1729 hoc
1300 1666 1480 1751 capitulum
1511 1665 1553 1729 de
1582 1665 1789 1729 Antiocheno
1820 1686 1897 1728 con·

268 1764 341 1829 cilio
365 1764 515 1849 posuisse
538 1763 689 1827 sufficiat.
743 1764 794 1829 De
830 1765 974 1830 basilicis
1006 1773 1117 1831 autem
1151 1774 1184 1832 et
1207 1767 1344 1832 decimis
1376 1768 1460 1832 sacri
1490 1789 1633 1832 canones
1663 1767 1897 1832 decreverunt:

268 1861 343 1933 ι111ὑ
366 1888 478 1932 omnes
503 1867 671 1947 basilicae,
695 1888 777 1951 quae
801 1889 860 1954 per
882 1868 1012 1933 diversa
1032 1869 1106 1934 loca
1129 1876 1335 1936 constructae
1362 1877 1440 1935 sunt
1463 1872 1517 1935 val
1541 1871 1687 1957 quotidie
1704 1878 1897 1936 construun-

268 1979 329 2062 tur,
354 1971 533 2036 secundum
555 1971 699 2056 priorum
723 1992 884 2036 canonum
908 1973 1054 2057 regulam
1077 1973 1110 2036 in
1134 1973 1204 2068 eius
1228 1974 1383 2059 episcopi,
1407 1975 1440 2038 in
1464 1974 1556 2038 cuius
1580 1975 1745 2038 territorio
1768 1977 1896 2059 positae

226 2105 249 2144 c
269 2083 353 2154 sunt,
377 2080 540 2160 potestate
565 2073 765 2138 consistant)
812 2073 855 2138 Et
877 2084 1011 2140 sanctus
1035 2075 1186 2140 Gelasius
1217 2077 1249 2140 in
1276 2075 1418 2142 decretis
1441 2079 1522 2141 suis:
1554 2073 1753 2155 ‘Qnetuor⁶',
1777 2079 1894 2163 inquit,

268 2185 344 2244 ‘tam
371 2177 413 2242 de
442 2177 547 2242 reditu
577 2198 674 2262 quam
703 2177 743 2241 de
775 2177 939 2242 oblatione
968 2177 1129 2257 fidelium,
1162 2185 1259 2264 prout
1288 2179 1462 2245 cuiuslibet
1490 2181 1651 2244 ecclesiae
1673 2181 1813 2245 facultas
1837 2180 1895 2244 ed-

268 2285 374 2362 mittit,
398 2284 483 2347 sicut
505 2282 628 2347 dudum
652 2282 893 2347 rationabiliter
915 2291 967 2348 est
990 2282 1169 2362 decretum,
1194 2283 1352 2348 convenit
1375 2284 1446 2347 fieri
1462 2284 1645 2368 portiones:
1673 2305 1809 2368 quarum
1832 2305 1897 2347 una

269 2389 311 2452 sit
328 2387 499 2474 pontificis,
525 2386 629 2450 altere
645 2387 850 2463 clericorum,
874 2406 1054 2471 pauperum
1070 2386 1179 2465 tertie,
1202 2393 1318 2470 quarte
1340 2385 1474 2449 fabricis
1499 2386 1705 2472 applicanda.
1750 2386 1801 2450 De
1817 2386 1895 2470 qui-

269 2493 347 2570 bus,
382 2490 466 2554 sicut
497 2488 677 2554 sacerdotis
707 2489 857 2553 intererit
888 2489 1051 2573 integram
1085 2489 1240 2553 ministris
1271 2489 1432 2553 ecclcsiae
1464 2493 1677 2553 memoratam
1707 2487 1892 2573 dependere

225 2627 251 2668 ρο
268 2595 493 2679 quantitatem,
517 2594 564 2656 sic
588 2592 693 2656 clerus
716 2592 802 2666 ultra
824 2592 1008 2676 delegatam
1031 2593 1093 2657 sibi
1115 2615 1275 2658 summam
1299 2594 1379 2658 nihil
1394 2593 1574 2658 insolenter
1590 2593 1718 2657 noverit
1734 2601 1892 2679 expeten-

268 2696 354 2761 dum.
408 2695 457 2760 Ee
484 2716 578 2775 vero,
608 2715 692 2781 quac
722 2695 957 2760 ecclesiasticis
987 2696 1146 2762 aediliciis
1179 2697 1343 2762 adtributa
1374 2704 1466 2777 sunt,
1502 2697 1577 2760 huic
1613 2697 1704 2781 operi
1736 2697 1897 2761 veraciter

268 2808 443 2887 prorogate
466 2799 612 2862 locorum
635 2798 753 2863 doceat
776 2798 968 2863 instauratio
992 2800 1167 2865 manifesta
1190 2807 1393 2872 sanctorum
1423 2800 1501 2884 quia
1524 2799 1617 2862 nefes
1643 2805 1712 2878 est,
1743 2799 1770 2862 si
1795 2800 1896 2863 sacris

268 2905 405 2969 aedibus
428 2904 592 2968 destitutis
615 2904 646 2966 in
672 2906 797 2967 lucrum
822 2923 916 2967 suum
939 2904 1071 2989 praesul
1096 2903 1262 2991 impendia
1284 2903 1335 2968 his
1366 2903 1538 2988 designate
1561 2909 1740 2967 convertat.
1787 2901 1896 2988 Ipsam

268 3007 480 3071 nihilominus
504 3005 701 3092 adscriptam
726 3007 926 3093 pauperibus
948 3008 1141 3093 portionem,
1169 3007 1317 3092 quamvis
1342 3006 1459 3071 divinis
1490 3005 1673 3070 rationibus
1705 3027 1740 3070 se
1764 3006 1895 3091 dispen-

225 3148 250 3186 23.
269 3133 360 3176 sasso
387 3116 625 3175 monstraturus
649 3132 724 3175 esse
748 3109 907 3192 videatur,
930 3117 1051 3190 tamen,
1075 3112 1168 3175 iuxta
1184 3111 1268 3196 quod
1294 3109 1537 3195 scriptumest,
1555 3101 1899 3194 “utlvideantopera

270 3211 486 3280 vestra‘bona
509 3221 543 3278 et
570 3214 752 3297 glorificent
779 3221 906 3299 patrem
934 3222 1094 3296 vestrum,
1123 3216 1177 3301 qui
1206 3217 1238 3278 in
1272 3214 1373 3278 coelis
1404 3211 1486 3293 est”‚
1516 3219 1644 3298 oportet
1672 3214 1771 3278 etiam
1801 3233 1895 3298 pree-

269 3319 354 3382 senti
378 3317 605 3382 testificatione
630 3315 811 3402 praedicari
836 3324 871 3381 et
893 3317 999 3382 bonae
1022 3318 1126 3382 famae
1149 3318 1330 3403 praeconiis
1354 3337 1416 3380 non
1439 3315 1561 3380 taceri’
1607 3316 1651 3380 Et
1667 3317 1748 3380 baec
1765 3315 1896 3400 quidem

269 3423 310 3487 de
338 3421 497 3487 reditibus
526 3417 604 3506 [etl]
634 3420 697 3483 illis
725 3420 945 3484 oblationibus
972 3420 1116 3484 fidelium
1144 3420 1275 3485 decreta
1306 3425 1395 3498 sunt,
1426 3439 1510 3504 quae
1542 3419 1728 3505 specialiter
1761 3417 1800 3482 ed
1826 3419 1895 3504 epi-

270 3545 386 3610 scopos
409 3524 621 3588 ecclesiarum
646 3523 678 3587 in
701 3524 766 3587 illis
790 3524 979 3608 regionibus
996 3525 1169 3609 pertinent,
1195 3544 1279 3609 quae
1296 3545 1361 3587 non
1379 3522 1550 3587 abundant
1567 3523 1676 3602 rebus,
1700 3522 1757 3587 scd
1775 3528 1898 3586 tentum

227 3655 252 3694 so
270 3629 310 3692 de
334 3627 478 3693 fidelium
501 3626 635 3691 decimis
659 3649 697 3691 ec
720 3627 806 3691 votis
830 3629 1023 3696 subsistunt.
1077 3628 1233 3694 (laterum
1261 3628 1302 3692 dc
1330 3627 1504 3692 rusticanis
1526 3627 1710 3712 parochiis,
1739 3633 1898 3712 quantum

188 3755 192 3762 ·
271 3733 443 3818 episcopus
475 3730 508 3793 in
542 3730 690 3816 partibus
725 3729 945 3818 Septimauiee
981 3738 1079 3817 atque
1114 3731 1271 3796 Gallioiae
1303 3753 1322 3796 a
1357 3731 1559 3816 presbyteris
1601 3731 1735 3814 exigere
1769 3729 1899 3804 debeat,

271 3835 475 3899 Bracarense
511 3834 682 3898 concilium
717 3834 860 3920 capitulo
895 3827 1058 3900 secundo⁸
1088 3841 1121 3900 et
1151 3835 1347 3900 Toletanum
1383 3834 1556 3900 concilium
1589 3834 1732 3921 capitulo
1761 3823 1900 3918 quarto⁹

271 3938 506 4002 demonstrent.
552 3936 603 4000 Dc
626 3935 676 4000 his
700 3944 819 4018 autem,
841 3938 896 4024 qui
920 3945 1032 4004 contra
1047 3938 1276 4003 auctoritatem
1300 3946 1333 4002 et
1350 3937 1602 4001 Barcinonensis
1619 3937 1765 4022 episcopi
1783 3938 1898 4000 volun-

271 4049 371 4106 tatem
395 4041 534 4127 Tyrsum
556 4040 785 4126 presbyterum
809 4041 841 4105 in
866 4042 1005 4106 ecclesia
1029 4041 1237 4105 Barcinonae
1257 4040 1397 4105 civitatis
1414 4041 1566 4116 retinent,
1590 4039 1769 4125 capitulare
1792 4059 1898 4122 augu-

227 4173 253 4213 re
272 4153 394 4211 storum
417 4145 528 4210 domni
550 4143 665 4208 Keroli
691 4151 724 4208 et
750 4145 860 4209 domni
890 4145 1077 4209 Hludowici
1108 4143 1254 4210 decernit
1286 4144 1347 4208 hoc
1376 4142 1486 4207 modo:
1515 4133 1619 4206 .‘De¹⁰
1651 4142 1717 4224 his,
1746 4141 1801 4227 qui
1829 4141 1900 4205 sine

245 4297 247 4302 .
272 4270 433 4314 consensu
456 4249 599 4335 episcopi
628 4247 838 4334 presbyteros
868 4248 899 4312 in
925 4247 1072 4312 ecclesiis
1096 4249 1299 4312 constituunt
1323 4247 1374 4311 vel
1398 4245 1439 4310 de
1465 4245 1615 4311 ecclesiis
1639 4245 1760 4308 eiciunt
1784 4243 1834 4307 vel
1858 4243 1900 4308 ab

272 4355 426 4440 episcopo
450 4353 502 4416 vel
525 4374 545 4416 a
568 4351 712 4437 quolibet
729 4352 827 4416 misso
844 4351 1004 4415 dominico
1021 4351 1177 4415 admoniti
1193 4349 1327 4416 obedire
1343 4350 1516 4427 noluerint,
1533 4354 1569 4412 ut
1593 4347 1735 4411 bannum
1755 4352 1899 4410 nostrum

271 4456 448 4521 rewadiare
481 4463 640 4541 cogantur
672 4460 705 4519 et
735 4476 793 4541 per
821 4454 1031 4520 fideiussores
1065 4454 1107 4519 ad
1141 4454 1297 4540 palatium
1329 4461 1475 4518 nostrum
1505 4452 1614 4516 venire
1645 4450 1836 4522 iubeantur;
1869 4455 1903 4513 ct

272 4567 349 4624 tunc
372 4581 432 4624 nos
456 4560 679 4640 decernamus,
703 4563 811 4622 utrum
828 4557 924 4622 nobis
941 4558 1078 4643 placeat,
1103 4565 1139 4622 ut
1161 4561 1217 4621 aut
1232 4558 1324 4620 illum
1341 4556 1486 4619 bannum
1505 4555 1707 4640 persolvant,
1730 4559 1787 4617 aut
1803 4552 1901 4615 aliam

228 4690 254 4727 so
272 4664 491 4727 harmsceram
516 4661 719 4724 sustineant)
766 4660 851 4735 Quia
874 4683 951 4726 vero
975 4662 1108 4746 longum
1133 4667 1184 4726 est
1207 4661 1287 4724 istos
1311 4659 1352 4724 ad
1377 4660 1602 4744 praesentiam
1627 4657 1714 4742 regis
1737 4655 1901 4719 adducere

272 4768 323 4830 vel
345 4766 564 4851 periculosum
588 4773 639 4830 est
662 4766 833 4849 longius'a
857 4765 990 4830 marcha
1012 4787 1067 4828 eos
1093 4764 1275 4838 abducere,
1309 4762 1445 4826 domnus
1478 4783 1537 4825 rex
1568 4759 1808 4824 commendabit
1844 4779 1903 4822 suo

272 4863 496 4948 marchioni¹¹,
520 4870 660 4954 qualiter
676 4890 732 4932 eos
754 4867 927 4954 distringat
944 4875 1041 4954 atque
1061 4869 1210 4952 castiget.
1255 4866 1307 4930 De
1323 4866 1457 4930 decimis
1475 4886 1563 4944 vero,
1587 4886 1671 4949 quae
1688 4865 1720 4928 in
1737 4868 1902 4948 potestate

376 5060 404 5126 b)
423 5061 460 5112 ita
477 5060 602 5128 supplevi,
620 5077 675 5126 om,
688 5059 768 5112 Sina.

375 5214 403 5282 3)
425 5213 505 5268 (lonc.
517 5212 624 5267 Antioc.
641 5228 663 5266 c.
675 5214 701 5280 5,
720 5213 736 5267 t.
748 5229 770 5268 c.
787 5213 833 5266 col.
848 5213 924 5266 1322.
1005 5213 1033 5280 4)
1055 5212 1110 5278 Osr.
1125 5211 1203 5266 Cone.
1220 5211 1345 5281 Cortice.
1360 5209 1393 5264 Π
1407 5210 1445 5276 (a.
1456 5209 1526 5277 390),
1537 5219 1559 5262 c.
1572 5207 1597 5275 8,
1620 5206 1714 5260 ltlaaei
1729 5205 1784 5271 ΙΙΙ,
1795 5204 1903 5258 aucas

228 5334 254 5373 rs
271 5315 350 5382 (coc.
362 5331 459 5370 moon.
473 5331 503 5383 p.
519 5315 575 5382 189,
591 5330 613 5370 c.
627 5315 681 5383 10).
751 5317 778 5380 5)
797 5314 877 5370 Coae.
889 5314 983 5368 Armet.
998 5315 1018 5368 Ι
1031 5315 1068 5382 (u.
1082 5317 1153 5383 511),
1171 5331 1193 5369 c.
1209 5316 1248 5382 ll,
1267 5313 1329 5368 LL.
1345 5313 1423 5366 (bac.
1442 5312 1465 5380 1,
1481 5328 1511 5380 p.
1524 5313 1548 5365 6.
1618 5306 1902 5376 emmerentianae,

274 5419 372 5474 Macci
389 5419 474 5486 vm,
498 5419 545 5474 ccl.
562 5419 608 5488 45,
630 5435 652 5474 c.
664 5421 705 5474 21.
815 5422 841 5485 l)
863 5419 961 5475 Metti.
978 5421 1056 5486 nlo.
1163 5420 1191 5486 8)
1211 5418 1290 5472 Ocnc.
1308 5419 1423 5471 Brocar.
1443 5415 1496 5469 ΙΠ
1510 5415 1547 5481 (a.
1560 5414 1632 5482 512),
1654 5428 1675 5466 c.
1688 5413 1713 5478 2,
1741 5409 1836 5464 Mouet
1849 5409 1904 5476 IX,

272 5525 318 5579 cot.
334 5525 394 5580 839.
514 5524 542 5592 9)
562 5521 640 5578 Corte.
664 5523 740 5577 Τοῖά.
757 5521 816 5576 VII
834 5525 962 5592 (acer),
986 5525 1049 5592 ct,
1075 5523 1172 5577 Maeui
1191 5523 1232 5591 X,
1256 5523 1304 5576 col.
1317 5522 1380 5589 ’168;
1406 5521 1453 5586 cfr.
1476 5519 1542 5587 Cap.
1561 5518 1705 5586 Septimma
1729 5517 1794 5582 844,
1820 5530 1905 5582 supra

268 5645 298 5696 p.
310 5629 376 5694 256,
394 5642 416 5680 c.
429 5628 453 5680 2.
550 5627 592 5692 10)
612 5625 707 5680 Bmcd.
727 5625 825 5692 Iaeul,
845 5629 914 5681 atltl
936 5627 1014 5694 (Gap.
1045 5626 1167 5680 Wormot.
1184 5627 1250 5692 829,
1278 5641 1365 5694 supro
1389 5641 1416 5691 p.
1437 5625 1481 5690 12,
1509 5639 1530 5677 c.
1549 5625 1582 5688 1).
1672 5623 1715 5686 11)
1742 5617 1904 5672 canterdo

272 5731 372 5794 amira·
393 5733 443 5796 cfr.
463 5729 615 5798 manae,
636 5729 772 5796 oscam.
793 5728 877 5784 aaa
889 5728 948 5796 η’,
964 5746 994 5797 p.
1007 5731 1066 5784 aco.

1648 5816 1697 5870 58*
