4568 6420
633 437 846 494 HINCMARUS
865 441 911 494 DE
930 440 1234 496 emolumenturn
1253 459 1275 496 c.
1290 441 1407 496 21-24.
1772 443 1836 504 525

208 609 369 676 rectitudo
393 613 445 678 νε]
476 621 590 678 sancta
619 615 795 678 auctoritas
825 615 942 680 merito
968 636 1030 678 nou
1056 615 1268 693 consentiret,
1298 615 1361 680 hoc
1392 614 1432 679 ad
1464 615 1550 698 regis
1579 613 1835 678 moderationem

208 715 457 801 perduceretur,
489 722 524 780 ut
553 717 625 802 ipse
656 737 728 780 cum
760 716 823 796 his,
852 719 906 803 qui
935 723 1108 804 utramque
1137 719 1246 802 legem
1278 725 1412 783 nossent
1441 725 1474 783 et
1497 718 1561 782 Dei
1590 718 1709 801 magis,
1740 737 1836 802 qnam

208 819 424 883 humanarum
448 821 559 905 legum
583 825 705 884 statuta
728 827 921 901 metuerent,
952 823 998 885 ita
1021 821 1223 902 decerneret,
1246 822 1293 886 ita
1317 829 1487 900 statueret,
1511 828 1559 901 ut,
1582 821 1638 886 ubi
1662 827 1835 904 utrumque

210 923 333 986 servari
358 929 488 1008 posset,
519 929 694 1008 utrumque
727 930 928 1004 servaretur,
959 925 1008 988 sin
1033 929 1157 1004 autem,
1188 924 1243 988 lex
1267 924 1390 989 saeculi
1413 925 1529 989 merito
1556 924 1835 1010 comprimeretur,

169 1050 181 1088 s
209 1025 332 1090 iustitia
354 1025 417 1090 Dei
441 1032 699 1092 conservaretur.

318 1144 398 1231 Cap.
423 1149 473 1212 22.
519 1146 571 1212 De
601 1147 772 1212 honestate
796 1169 873 1213 vero
904 1148 1017 1234 palatii
1046 1169 1104 1212 seu
1134 1147 1321 1233 specialiter
1350 1153 1541 1212 ornamento
1573 1147 1675 1231 regali
1707 1165 1835 1210 necnon

211 1256 244 1314 ct
267 1249 307 1314 de
330 1249 424 1314 donis
449 1252 563 1315 annuis
586 1243 771 1329 militumssss,
801 1251 924 1337 absque
949 1253 1023 1317 cibo
1052 1258 1086 1318 et
1107 1259 1188 1337 potu
1212 1251 1264 1316 vel
1287 1251 1394 1336 equis,
1424 1250 1464 1314 ad
1489 1250 1636 1334 reginam
1661 1249 1835 1335 praecipue

211 1359 244 1416 et
268 1352 326 1416 sub
343 1353 416 1439 ipsa
432 1353 473 1418 ad
490 1347 741 1419 camerarium89
763 1355 964 1440 pertinebat3
990 1362 1023 1421 et
1040 1353 1220 1420 secundum
1243 1355 1400 1439 cuiusque
1421 1355 1468 1418 rei
1485 1354 1674 1439 qualitatem
1692 1353 1835 1438 ipsorum

212 1457 395 1522 sollicitudo
421 1464 500 1538 erat,
524 1465 561 1522 ut
583 1464 730 1544 tempore
754 1478 897 1544 congruo
921 1479 1051 1544 semper
1073 1460 1183 1523 futura
1206 1459 1442 1543 prospicerent,
1473 1479 1514 1522 ne
1539 1455 1625 1542 quid,
1654 1455 1729 1520 dum
1754 1476 1835 1540 opus

158 1587 182 1626 re
211 1567 309 1641 esset,
333 1560 497 1625 ullatenus
521 1567 704 1646 opportuno
733 1567 879 1647 tempore
904 1562 1072 1627 defuisset.
1119 1561 1170 1626 De
1194 1561 1286 1625 donis
1309 1581 1387 1625 vero
1411 1561 1611 1625 diversarum
1636 1559 1835 1644 legationum

209 1664 250 1728 ad
275 1665 491 1729 camerarium
514 1664 708 1750 aspiciebat,
739 1665 800 1728 nisi
832 1666 914 1730 forte
938 1666 1071 1730 iubente
1103 1686 1180 1750 rege
1208 1665 1273 1729 tale
1305 1663 1426 1748 aliquid
1452 1670 1556 1743 esset,
1589 1662 1675 1748 quod
1698 1663 1833 1746 reginae

210 1768 251 1833 ad
275 1767 479 1832 tractandum
496 1769 657 1853 cumipse
676 1773 881 1852 congrueret.
915 1767 1009 1832 Haec
1033 1771 1142 1832 autem
1159 1767 1266 1831 omnia
1290 1775 1323 1832 et
1338 1768 1389 1831 bis
1414 1767 1534 1831 similia
1553 1788 1592 1832 eo
1610 1766 1835 1844 intendebant,

210 1879 247 1936 ut
269 1872 310 1936 ab
334 1872 422 1935 omni
445 1871 661 1935 sollicitudine
686 1871 864 1936 domestice
889 1871 941 1935 vel
964 1872 1120 1957 palatina,
1144 1873 1177 1935 in
1201 1877 1356 1956 quantum
1382 1869 1617 1934 rationabiliter
1640 1876 1673 1932 et
1696 1869 1834 1933 honeste

209 1997 283 2040 esse
306 1980 450 2060 peterat,
483 1973 620 2038 domnus
650 1995 709 2038 rex
733 1976 946 2060 omnipotenti
970 1974 1041 2039 Deo
1070 1995 1161 2061 spem
1187 1995 1278 2039 suem
1308 1974 1528 2038 indesinenter
1558 1973 1763 2038 committens
1794 1971 1836 2037 ad

155 2104 180 2143 n
208 2081 308 2144 totius
332 2079 424 2163 regni
455 2083 575 2143 statum
599 2078 812 2143 ordinandum
837 2079 890 2143 vel
913 2077 1171 2143 conservandum
1201 2079 1344 2142 animum
1369 2099 1500 2162 semper
1532 2097 1624 2140 sunm
1649 2081 1834 2162 promptum

211 2183 359 2248 haberet.

321 2301 401 2387 Cap.
418 2304 467 2366 23.
509 2301 560 2365 Ad
585 2307 650 2366 tres
675 2305 783 2366 autem
805 2302 1047 2366 ministeriales:
1076 2294 1348 2382 senescalcum90,
1377 2302 1604 2366 buticularium
1628 2307 1660 2365 et
1683 2300 1834 2364 comitem

211 2406 341 2484 stabuli,
370 2404 546 2470 secundum
570 2406 823 2491 uniuscuiusque
848 2407 1013 2470 ministerii
1038 2408 1229 2492 qualitatem
1252 2407 1305 2472 vel
1328 2407 1544 2492 quantitatem
1569 2405 1769 2491 pertinebat,
1799 2410 1835 2467 ut

213 2531 285 2574 cum
309 2509 471 2574 communi
496 2529 655 2572 consensu
678 2508 719 2572 de
744 2531 801 2572 suo
826 2509 963 2594 quisque
987 2510 1167 2573 ministerio
1192 2509 1387 2574 admonendi
1412 2531 1477 2574 non
1501 2515 1613 2574 essent
1636 2529 1765 2593 segnes,
1788 2515 1834 2588 ut,

54 2627 57 2636 ¹
153 2637 179 2677 so
212 2611 423 2698 quantocius¹¹
451 2634 524 2677 esse
554 2614 724 2699 potuisset,
754 2633 865 2676 omnes
894 2619 1022 2678 actores
1053 2615 1139 2700 regis
1168 2605 1412 2699 praescirent9¹,
1442 2615 1498 2678 ubi
1522 2614 1575 2678 νε]
1605 2613 1660 2677 ubi
1691 2633 1751 2676 rex
1780 2612 1834 2675 illo

211 2719 264 2784 vel
287 2721 343 2784 illo
367 2725 514 2803 tempore
542 2725 632 2783 tanto
656 2721 709 2785 νε]
741 2725 831 2784 tanto
863 2721 973 2806 spacio
1002 2739 1133 2786 manere
1163 2720 1341 2798 debuisset,
1372 2725 1503 2804 propter
1531 2716 1759 2781 adductionem
1783 2717 1835 2780 νε]

208 2823 506 2909 praeparationem
538 2844 578 2887 ne
608 2823 691 2887 forte
722 2822 813 2888 tarde
846 2825 1000 2905 scientes,
1032 2823 1108 2888 dum
1139 2825 1356 2910 inopportuno
1386 2828 1535 2908 tempore
1559 2822 1611 2886 νε]
1639 2841 1712 2885 cum
1736 2821 1835 2884 nimia

207 2926 415 2990 festinatione
434 2927 633 3011 exigeretur,
657 2926 778 2991 familia
794 2928 915 3011 regalis
939 2949 999 3012 per
1016 2929 1259 3012 neglegentiam
1284 2928 1353 2991 sine
1370 2925 1569 2990 necessitate
1586 2924 1834 3010 opprimeretur.

209 3029 301 3102 Quae
325 3029 478 3093 videlicet
509 3051 587 3094 cura
617 3050 802 3115 quanquam
832 3030 872 3094 ad
900 3030 1130 3094 buticularium
1160 3031 1212 3094 νε]
1242 3031 1283 3095 ad
1315 3031 1463 3094 comitem
1495 3027 1615 3092 stabuli
1645 3027 1832 3113 pertineret,

154 3153 179 3194 ss
206 3133 350 3197 maxima
372 3137 483 3196 tamen
501 3153 578 3196 cura
601 3133 642 3196 ad
667 3134 892 3198 senescalcum
910 3133 1117 3221 respiciebat,
1142 3133 1282 3219 eoquod
1305 3134 1412 3198 omnia
1430 3139 1563 3198 caetera
1586 3136 1716 3216 praeter
1737 3134 1831 3215 potus
1944 3133 1950 3144 '

207 3237 259 3300 νε]
282 3236 388 3299 victus
411 3235 612 3299 caballorum
635 3235 676 3298 ad
700 3236 840 3301 eundem
865 3239 1090 3302 senescalcum
1114 3238 1303 3324 respiceret.
1341 3236 1432 3301 Inter
1456 3257 1536 3322 quos
1561 3235 1661 3299 etiarn
1685 3239 1717 3297 et
1739 3254 1830 3298 man-

209 3329 406 3402 sionarius92
428 3339 594 3419 intererat,
619 3359 716 3424 super
733 3341 824 3403 cuius
841 3341 1057 3404 ministerium
1075 3340 1294 3420 incumbebat,
1319 3341 1406 3404 sicut
1422 3346 1455 3402 et
1478 3338 1683 3408 nomeneius
1699 3335 1832 3415 indicat,

208 3448 244 3505 ut
266 3443 299 3505 in
321 3440 383 3504 hoc
406 3441 548 3505 maxime
573 3441 755 3506 sollicitudo
779 3443 850 3508 eius
875 3444 1000 3508 intenta
1025 3449 1121 3521 esset,
1151 3449 1276 3508 uttam
1301 3443 1479 3530 supradicti
1504 3450 1641 3522 actores,
1670 3461 1832 3526 quamque

210 3551 244 3610 et
267 3536 523 3630 susceptores⁹³‚
547 3565 610 3630 quo
635 3551 780 3632 tempore
805 3546 846 3611 ad
869 3568 924 3611 eos
948 3547 1003 3610 illo
1020 3548 1073 3612 vel
1095 3547 1152 3610 illo
1176 3548 1208 3611 in
1232 3547 1301 3611 loco
1317 3567 1377 3611 rex
1396 3550 1553 3610 venturus
1577 3550 1674 3626 esset,
1699 3548 1833 3629 propter

152 3676 178 3715 sc
213 3649 417 3712 mansionum
440 3649 733 3734 praeparationem,
762 3657 798 3715 nt
828 3657 988 3736 oportuno
1018 3657 1164 3735 tempere
1194 3651 1356 3736 praescire
1380 3650 1579 3736 potuissent;
1608 3667 1648 3711 ne
1677 3654 1733 3712 ant
1756 3645 1831 3710 inde

205 3750 298 3816 tarde
325 3752 467 3816 scientes
485 3758 617 3837 propter
633 3753 842 3818 afflictionem
858 3754 1001 3818 familiae
1024 3754 1210 3838 importuno
1228 3760 1373 3840 tempore
1390 3760 1560 3838 peccatum
1578 3758 1634 3816 aut
1650 3753 1682 3816 hi
1698 3755 1832 3836 propter

205 3875 268 3919 non
293 3854 486 3940 condignam
512 3857 767 3940 susceptionem,
791 3876 829 3919 ac
847 3857 874 3919 si
899 3856 984 3920 bene
1009 3855 1199 3936 noluissent,
1225 3877 1298 3921 cum
1323 3864 1412 3921 certe
1436 3877 1499 3920 non
1517 3854 1668 3935 volendo,
1693 3852 1830 3917 sednon

208 3959 359 4041 valendo,
384 3960 598 4025 offensionem
621 3961 831 4024 incurrerent.
1711 3967 1714 3974 '

314 4077 392 4165 Cap.
417 4082 467 4142 24.
525 4079 683 4143 Similiter
720 4100 849 4165 quoque
884 4086 1024 4164 quatuor
1058 4070 1268 4143 νεεεωνεε94
1298 4084 1331 4144 et
1366 4079 1496 4164 quintus
1528 4078 1726 4142 falconarius
1759 4098 1831 4141 cum

152 4207 178 4246 as
206 4182 320 4246 cadem
343 4183 557 4247 unanimitate
594 4182 772 4246 secundnm
801 4184 958 4268 temporis
987 4183 1176 4268 qualitatem
1201 4182 1376 4247 admonere
1401 4180 1587 4262 studebant,
1617 4181 1758 4265 qualiter
1781 4203 1830 4260 ea,

205 4306 291 4371 quae
315 4285 356 4350 ad
381 4286 580 4371 singulorum
608 4285 859 4350 ministeriorum
885 4306 997 4349 curam
1021 4286 1242 4372 pertinebant,
1266 4287 1308 4350 'ut
1331 4291 1514 4372 opportuno
1538 4291 1683 4370 tempore
1713 4291 1745 4349 et
1767 4305 1831 4348 non

205 4387 297 4453 tarde
321 4388 619 4469 considerarentur,
649 4388 779 4475 quaudo
802 4387 896 4453 tanti¹
920 4389 973 4452 νε]
998 4388 1126 4473 quando
1155 4389 1251 4469 tenti,
1280 4387 1408 4473 quando
1436 4387 1497 4452 toti
1531 4395 1564 4452 et
1592 4388 1721 4473 quando
1748 4388 1830 4452 nulli

205 4493 317 4557 autin
341 4491 460 4577 palatio
484 4492 704 4555 retinerentur
727 4498 783 4556 aut
805 4513 895 4556 more
914 4491 1010 4555 solito
1034 4491 1113 4557 foris
1137 4490 1301 4556 nutriendi
1324 4513 1428 4577 usque
1451 4491 1492 4556 ad
1508 4498 1637 4578 tempus
1660 4492 1830 4556 mitteren-

205 4601 259 4659 tur
293 4601 349 4658 aut
377 4600 523 4681 tempore
556 4615 697 4680 congruo
728 4617 788 4681 per
816 4595 1026 4659 denominata
1054 4596 1125 4660 loca
1153 4595 1292 4660 venandi
1324 4615 1423 4660 causa
1453 4596 1575 4682 pariter
1603 4601 1637 4659 et
1667 4594 1830 4660 nutriendi

152 4723 179 4762 m
205 4696 462 4783 disponerentur.
509 4696 573 4761 Sed
604 4704 637 4762 et
663 4698 724 4763 boc
754 4705 787 4762 et
814 4698 909 4779 illud,
940 4697 971 4762 id
1005 4704 1055 4763 est
1078 4706 1112 4763 et
1140 4699 1226 4763 intra
1249 4707 1282 4763 et
1312 4705 1407 4763 extra
1430 4700 1604 4784 palatium,
1627 4699 1673 4763 ita
1701 4720 1831 4786 semper

206 4822 279 4866 curn
303 4821 455 4866 mensura
483 4808 516 4864 et
544 4803 668 4868 ratione
697 4803 917 4878 ordinaretur,
940 4809 990 4880 ut,
1016 4809 1170 4887 quantum
1199 4801 1387 4888 prodesset,
1412 4808 1508 4882 esset,
1532 4809 1565 4866 et
1588 4808 1743 4889 quantum
1767 4824 1829 4867 non

204 4905 386 4992 prodesset,
399 4925 464 4968 non
481 4911 579 4986 esset,
596 4907 672 4990 quia
688 4907 720 4969 in
736 4905 815 4991 ipsis
833 4906 1020 4969 ministeriis
1038 4926 1102 4970 non
1125 4907 1171 4971 sic
1187 4905 1282 4970 facile
1299 4912 1407 4970 certus
1423 4926 1577 4970 numerus
1593 4911 1649 4971 aut
1664 4905 1830 4971 hominum

208 5014 265 5072 eut
288 5029 403 5072 canum
427 5013 484 5072 aut
515 5009 624 5073 avium
652 5009 783 5074 diffiniri
814 5015 936 5096 potest:
967 5008 1041 5073 ideo
1066 5009 1099 5074 in
1127 5011 1271 5096 ipsorum
1302 5009 1436 5074 arbitrio
1462 5009 1629 5090 manebat,
1662 5010 1773 5095 quanti
1797 5015 1830 5073 et

206 5113 320 5197 quales
345 5118 463 5176 essent.

150 5333 175 5371 ⁴³
306 5320 336 5386 k)
354 5321 392 5372 ito
410 5338 477 5372 corr.
496 5320 589 5380 δίνην)
607 5321 712 5385 quaudo
729 5321 786 5372 eius
803 5319 866 5370 Bas.
958 5319 978 5383 l)
996 5336 1046 5369 sa:
1063 5319 1187 5384 homiues,
1206 5336 1292 5384 canes,
1310 5337 1382 5380 eves;
1400 5322 1449 5388 cfr.
1469 5322 1514 5372 tin.
1533 5318 1575 5372 42.
1593 5318 1635 5372 43.

306 5509 351 5576 88)
374 5507 430 5574 cfr.
449 5525 471 5562 c.
483 5509 525 5563 27.
613 5508 658 5574 89)
681 5505 736 5572 Osr.
754 5522 775 5560 c.
787 5506 826 5559 16.
845 5505 892 5572 aa·
911 5503 999 5558 Woitz
1016 5506 1035 5558 l.
1051 5521 1072 5559 c.
1092 5505 1146 5559 ΙΙΙ
1150 5510 1169 5574 ²,
1185 5523 1215 5576 p.
1227 5505 1338 5574 502sqq.
1429 5507 1474 5576 90)
1494 5505 1550 5573 Ofr.
1567 5509 1652 5576 c.16,·
1669 5507 1757 5562 Woitr
1774 5507 1841 5564 l.'c.'

205 5611 281 5678 ΠΡ,
302 5627 331 5680 p.
343 5612 457 5680 499sqq.
561 5611 607 5678 91)
628 5609 685 5676 Osr.
704 5610 836 5664 anmcr
857 5611 872 5663 t
892 5626 914 5662 c.
934 5609 973 5676 11,
994 5627 1023 5678 p.
1036 5611 1091 5665 123.
1157 5641 1159 5646 -
1199 5612 1244 5678 92)
1265 5611 1321 5678 Gfr.
1340 5613 1418 5674 ε.16,·
1440 5611 1530 5666 Woitr
1552 5613 1569 5667 l.
1587 5629 1609 5667 c.
1629 5612 1708 5680 111¹,
1726 5631 1756 5684 p.
1769 5615 1828 5670 507.

212 5717 257 5792 93)
277 5715 334 5790 Osa.
351 5715 439 5770 Waitz
456 5717 473 5771 l.
491 5733 512 5776 c.
532 5715 604 5780 ΙΨ,
617 5733 647 5790 p.
661 5716 701 5783 13,
719 5721 773 5770 not.
861 5715 905 5781 94)
926 5713 980 5784 Ost.
998 5731 1019 5769 c.
1032 5717 1071 5770 18.
1086 5717 1132 5788 17,·
1149 5717 1237 5772 Waitz
1253 5717 1269 5770 1.
1287 5731 1309 5771 c.
1328 5715 1405 5783 111²,
1420 5731 1448 5786 p.
1462 5716 1520 5771 508.
