4634 6436
425 437 484 498 146
676 430 795 487 Plora
814 428 862 485 ΕΤ
881 428 1098 485 palaearum
1112 426 1294 482 vasallos
1313 425 1552 494 (Buaaaeaau
1570 427 1602 494 Ι.)
1623 458 1654 468 -
1673 427 1721 481 Nr.
1734 427 1794 483 238.

342 605 402 659 888.
423 605 472 657 fiat
490 603 574 658 semel
592 606 643 658 aut
661 603 716 664 bis;
739 605 838 672 postca
855 601 915 656 fieri
933 601 1035 656 debeat
1053 599 1227 670 pignoratio;
1251 616 1316 652 uam
1336 597 1383 666 qui
1403 597 1486 652 aliter
1503 599 1593 654 facere
1613 599 1820 668 presumpserit,
1839 598 1954 667 duplum
1974 617 2046 654 com-

421 691 518 758 ponat,
538 691 567 744 et
585 687 608 743 si
626 688 753 743 nesciens
767 687 967 758 pigneraverit,
987 687 1122 757 praebeat
1140 688 1354 749 sacramentum,
1374 689 1403 740 et
1421 685 1458 740 sit
1475 685 1620 750 sollicitus,
1640 686 1702 755 usk]
1721 685 1813 755 ipsum
1825 685 1928 755 pignus
1941 685 2049 740 salvum

420 773 560 830 restituat.

529 861 610 948 (23.)
644 870 681 925 Et
703 871 756 925 boc
778 870 859 925 stetit
878 869 1106 924 deceptionibus
1126 870 1185 924 sive
1201 869 1235 924 de
1251 868 1424 938 quibuslibet
1440 869 1739 936 commendationibus,
1763 869 1786 923 si
1807 858 1925 938 aliquis¹
1940 868 2050 923 dederit

421 959 457 1012 ad
479 958 685 1028 negociandum
713 957 771 1011 sive
798 957 894 1026 aliqua
921 956 1039 1026 pignera
1061 956 1213 1026 posueritm
1237 960 1266 1010 et
1289 954 1414 1010 solid0s¹³
1437 956 1623 1021 mutuaverit,
1651 956 1707 1010 ut⁰
1731 955 1882 1010 secundum
1906 956 1996 1024 legem
2021 959 2050 1010 ct
2079 969 2090 1004 ι

421 1045 561 1100 iustitiam
583 1043 696 1098 incedat
715 1042 863 1107 iuditium;
894 1047 923 1098 et
944 1042 1083 1097 iustitiam
1103 1043 1208 1097 fatiant
1225 1059 1290 1112 pars
1306 1041 1382 1111 parti
1401 1042 1435 1097 de
1455 1041 1509 1096 hiis
1532 1042 1600 1108 [etr]
1622 1042 1759 1097 similibus
1776 1042 1875 1107 causis,
1898 1041 2050 1110 dequibus

421 1131 452 1185 in
473 1131 610 1186 anteriori
633 1133 717 1200 pacto
740 1129 909 1184 continetur.

531 1225 612 1309 (24.)
645 1232 683 1287 Et
704 1232 758 1288 boc
781 1233 873 1296 stetit,
901 1235 934 1286 ut
955 1232 989 1286 de
1013 1233 1126 1302 capulo,
1154 1233 1230 1301 quod
1252 1231 1459 1297 ltivoaltenses‚
1483 1231 1687 1297 Olivolenses‘l,
1710 1231 1938 1297 Amoriauenses‚
1962 1233 2050 1286 Meta·

423 1338 594 1386 maucenses,
617 1319 802 1385 Albiolenses,
825 1319 1013 1382 Torcelenses,
1037 1310 1255 1373 Amianeuses
1279 1318 1407 1373 lecerunt
1429 1318 1465 1372 ab
1483 1318 1575 1382 hodie,
1600 1316 1686 1373 retro
1709 1318 1738 1372 in
1754 1318 1835 1372 annis
1851 1318 1978 1388 triginta,
2002 1317 2049 1372 ubi

423 1407 634 1477 capulaverunt,
650 1405 775 1460 habeant
790 1405 935 1460 licentiam
950 1391 1108 1474 capulandi,
1126 1405 1199 1459 sicut
1212 1417 1271 1480 per
1283 1405 1525 1474 suprascriptos
1538 1421 1626 1458 annos
1640 1404 1800 1458 babuerunt
1811 1405 2050 1470 consuetudinem,
2071 1416 2095 1453 1⁰

423 1493 522 1560 [sivepl
546 1492 745 1563 perflamine,
770 1491 828 1546 sive
851 1509 902 1561 per
923 1508 1013 1554 mare;
1042 1494 1070 1545 et
1092 1491 1220 1555 flumina,
1244 1508 1317 1560 quae
1340 1494 1440 1560 aperta
1462 1491 1622 1545 habuerunt
1643 1491 1673 1544 in
1696 1492 1750 1545 fine
1773 1490 1950 1556 Tarvisiana,
1975 1490 2050 1556 [abl]

423 1579 507 1635 bodie
530 1580 559 1633 in
582 1596 671 1633 annos
694 1578 813 1648 triginta
836 1577 1058 1647 resperisnturf.

532 1675 613 1759 (25.)
648 1683 830 1752 aquilenses·
854 1700 920 1737 vero
949 1682 1080 1751 capulare
1109 1681 1213 1735 debent
1241 1679 1311 1746 [inv]
1339 1680 1401 1749 ripa
1429 1680 1519 1734 sancti
1542 1672 1677 1734 Zenonist
1699 1697 1787 1749 usque
1809 1671 1841 1733 in
1865 1680 1941 1734 fossa
1964 1681 2050 1735 Meta·

424 1770 515 1826 mauri
538 1773 567 1824 et
583 1770 731 1825 Gentiouis
755 1769 907 1824 secundum
930 1767 1160 1823 consuetudinem
1184 1785 1295 1822 omnem
1318 1766 1446 1821 arborem
1469 1785 1526 1821 non
1546 1769 1708 1835 portantem
1728 1770 1757 1821 et
1773 1783 1873 1836 vegere
1894 1785 1956 1820 cum
1973 1785 2052 1822 carro

424 1857 532 1913 autad
556 1856 687 1921 collum¹²,
711 1858 848 1925 quantum
871 1855 924 1908 sibi
947 1854 1100 1924 placuerit,
1129 1853 1291 1923 anteposita
1314 1853 1390 1907 fossa
1413 1853 1590 1918 Gentionis'‚
1614 1853 1663 1906 ubi
1686 1853 1800 1907 minime
1823 1857 1967 1923 presumat
1990 1872 2052 1908 curu
2072 1864 2095 1901 ¹5

425 1943 491 1998 navi
518 1942 637 1997 introire
644 1963 650 2006 ;
682 1945 711 1996 et
733 1941 847 1996 arbores
869 1959 926 1996 non
950 1944 1096 2010 portantes
1123 1940 1197 1993 infra
1224 1940 1301 2009 ipsos
1324 1940 1393 1994 lines
1416 1939 1578 2010 designatos
1602 1939 1746 1994 licentiam
1768 1939 1886 2005 habeat,
1916 1944 2053 2008 quantum

425 2029 479 2084 sibi
508 2020 657 2084 voluntas
688 2018 913 2092 adcreverit&
948 2031 978 2081 et
1006 2027 1150 2082 licentiam
1178 2026 1303 2080 habeant
1331 2025 1443 2095 peculia
1471 2031 1566 2081 vestra
1595 2025 1625 2078 in
1654 2026 1723 2095 ipsis
1752 2026 1853 2080 finibus
1882 2043 1996 2095 pascere
2025 2030 2054 2080 et

424 2116 591 2187 pabulare¹.
1752 2133 1754 2140 ·

535 2207 617 2294 (26.)
652 2215 762 2270 Placuit
784 2219 879 2270 autem
902 2231 986 2284 super
1009 2217 1060 2271 hec
1084 2215 1190 2280 omnia,
1218 2219 1250 2270 ut
1271 2214 1350 2269 missi
1373 2214 1479 2270 dourini
1501 2205 1693 2290 Berengarii
1717 2206 1803 2291 regis
1827 2215 1904 2270 omni
1926 2219 2053 2285 tempore

425 2302 519 2374 parati
540 2301 598 2355 sint
620 2299 742 2354 iustitias
761 2299 866 2363 secere,
889 2298 929 2353 ita
948 2302 980 2353 ut
998 2299 1187 2368 unusquisque
1206 2317 1239 2354 ex
1258 2303 1375 2368 utraque
1395 2302 1475 2368 parte
1494 2311 1591 2353 suamr
1610 2299 1731 2370 pleniter
1748 2299 1885 2370 recipiatz
1902 2298 2054 2364 iustitiam
2072 2306 2098 2345 20

426 2392 455 2444 et
473 2387 528 2457 ipsi
546 2386 623 2441 missi
641 2386 700 2440 ad·
719 2388 828 2456 partem
847 2384 952 2440 domini
971 2385 1067 2449 nostri,
1087 2385 1240 2454 quicquidb
1259 2385 1363 2439 iussum
1381 2384 1473 2450 fuerit,
1492 2384 1659 2455 recipianta

536 2484 617 2568 (27.)
651 2491 854 2548 Pecculiarium
877 2481 1009 2560 quoqued
1033 2491 1156 2561 partium
1178 2509 1294 2562 gregem
1316 2509 1430 2562 pascere
1452 2483 1551 2546 liceat
1573 2509 1636 2545 cum
1659 2491 1811 2546 securitate
1833 2509 1921 2561 usque
1948 2492 1979 2546 in
2001 2495 2055 2547 ter·

427 2577 546 2644 minum,
565 2594 648 2646 quern
668 2575 763 2646 posuit
780 2575 927 2630 Paulutius
946 2575 1021 2629 dux⁰
1040 2593 1103 2630 cum
1122 2575 1283 2630 Civitatinis
1302 2575 1407 2640 novis0,
1430 2575 1503 2631 sicut
1521 2575 1549 2629 in
1569 2579 1653 2646 pacto
1671 2573 1783 2644 legitur,
1802 2574 1837 2630 dc
1854 2575 1940 2631 Plave
1958 2575 2057 2631 maiori

428 2664 563 2736 usquein
583 2664 668 2718 Plavc
687 2664 768 2726 sicca,
788 2680 842 2732 que
862 2665 904 2718 est
922 2663 1075 2718 terminusf
1090 2667 1190 2718 vester.

536 2758 618 2846 (28.)
649 2769 795 2839 Caprisani
819 2786 884 2824 vero
908 2769 938 2823 in
961 2770 1046 2834 silva,
1070 2768 1118 2822 ubi
1142 2769 1358 2839 capulaveruut,
1385 2768 1435 2822 in⁸
1457 2769 1511 2823 line
1534 2768 1714 2824 Foroiuliano
1737 2786 1847 2838 semper
1869 2761 1977 2824 faciant
1997 2769 2056 2824 red·
2076 2781 2101 2820 ss

426 2858 525 2924 ditum,
550 2860 580 2912 et
601 2856 742 2925 capulent,
766 2856 839 2910 sicut
861 2859 928 2910 ante
951 2856 1181 2925 capulaveruntss.

538 2950 620 3046 (29.)
653 2959 691 3014 Et
714 2950 824 3025 stetith,
853 2964 885 3014 ut
907 2960 942 3014 de
966 2959 1108 3014 Gradense
1132 2959 1248 3014 civitate
1271 2958 1423 3012 secundum
1446 2959 1593 3026 antiquam
1617 2958 1847 3013 consuetudinem
1870 2957 1972 3013 debeat
1991 2958 2058 3012 dare

428 3052 457 3103 et
480 3047 609 3117 capulas¹
634 3048 733 3112 lacere,
758 3046 805 3100 ubi
828 3049 913 3100 antea
935 3047 1063 3100 fecerunt
1085 3046 1114 3098 in
1138 3046 1192 3100 fine
1216 3045 1404 3112 Foroiuliano,
1428 3045 1501 3099 sicut
1522 3044 1680 3113 antiquitus
1704 3044 1819 3099 fecistis.

538 3149 620 3234 (30.)
655 3149 698 3212 Et
724 3149 919 3234 promisistis
948 3147 1041 3211 uobis
1070 3169 1141 3210 curu
1170 3146 1309 3210 cuncto¹1
1333 3146 1452 3212 ducatu
1469 3147 1702 3211 Veneticorum
1731 3147 1916 3212 annualiter
1939 3146 2058 3210 inferre

429 3252 470 3317 de
497 3253 640 3317 denariis
662 3251 880 3337 Papiensibus
904 3250 1002 3314 libras
1026 3251 1141 3336 viginti
1165 3251 1317 3335 quinque.
2077 3273 2103 3312 so

541 3364 620 3447 (31.)
656 3372 888 3427 Reservavimus
911 3373 941 3426 in
962 3373 1061 3427 eodem
1077 3374 1169 3441 pacto,
1193 3374 1226 3426 ut
1241 3389 1306 3440 pars
1321 3372 1396 3441 parti
1412 3371 1446 3426 de
1463 3371 1554 3426 causis
1570 3371 1749 3426 ecclesiarum
1765 3373 1810 3427 vel
1825 3371 2059 3428 monasteriorum

432 3449 572 3515 iustitias¹
594 3459 708 3514 saciant.

541 3551 620 3636 (32.)
656 3561 693 3616 lit
714 3562 768 3616 hoc
791 3562 873 3616 stetit
894 3562 929 3617 de
952 3561 1183 3633 Olugiensibusm,
1212 3565 1245 3616 ut
1266 3554 1313 3615 ita
1336 3551 1400 3615 sint
1423 3579 1473 3632 per
1495 3562 1557 3616 loca
1580 3578 1631 3615 sua
1653 3561 1689 3615 ad
1711 3561 1905 3618 habitandum.

541 3655 623 3739 (33.)
657 3667 698 3720 Dc
721 3665 856 3720 eunuchis
873 3681 938 3720 vero
961 3665 1119 3730 statuimus,
1143 3669 1182 3730 ut,
1207 3665 1229 3718 si
1250 3664 1313 3734 quis
1333 3682 1380 3719 eos
1396 3665 1452 3719 ab¹¹
1468 3655 1529 3720 hoo
1546 3655 1597 3719 dic
1619 3665 1735 3720 inantea
1751 3666 1843 3721 facere
1859 3667 2062 3736 presumpserit

434 3752 586 3808 secundum
608 3752 738 3807 inolitam
762 3751 1005 3817 consuetudinem,
1035 3756 1067 3806 ut
1094 3752 1184 3821 ipsam
1211 3768 1313 3820 penam
1338 3742 1514 3827 suscipiat⁰
1537 3756 1586 3806 aut
1609 3769 1637 3806 ee
1661 3753 1694 3806 de
1718 3752 1799 3807 nobis
1823 3752 1955 3818 redimat;
1987 3753 2104 3808 etsist

434 3841 488 3894 hoc
510 3839 658 3909 negaverit
680 3857 709 3892 se
733 3838 840 3904 secisse,
866 3857 927 3892 cum
950 3838 1097 3893 duodecim
1120 3838 1217 3892 electis
1241 3855 1269 3893 se
1293 3837 1504 3908 inculpabillem
1527 3839 1655 3892 reddatl'.

546 3933 626 4015 (34.)
662 3941 804 4006 Volumus,
828 3945 861 3996 ut
883 3959 934 4011 pro
958 3959 1006 3996 sex
1028 3941 1168 3995 mancusis
1191 3942 1281 3995 solum
1304 3941 1340 3994 ab
1363 3959 1418 3995 uno
1441 3941 1554 3996 homine
1578 3945 1784 3997 sacramentum
1802 3942 1963 4012 recipiatur,
1987 3945 2017 3997 et
2039 3942 2062 3996 si

435 4025 586 4096 amplius
604 4025 689 4080 fuerit
706 4043 793 4095 usque
811 4026 847 4080 ad
866 4025 1012 4080 duodecim
1030 4042 1184 4088 mancusos,
1203 4025 1320 4079 duorum
1338 4023 1482 4079 hominum
1500 4024 1686 4080 iuramentum
1705 4025 1742 4080 sit
1760 4026 1947 4090 satisfactum
1974 4028 2004 4081 et
2022 4025 2063 4081 ite

435 4129 522 4182 usque
547 4111 602 4166 ads
621 4112 766 4168 duodecim
785 4111 870 4166 libras
884 4112 1080 4168 Veneticorum
1099 4128 1208 4180 semper
1225 4111 1383 4165 addendum
1401 4128 1451 4180 per
1468 4110 1613 4165 duodecim
1632 4112 1735 4166 electos
1753 4111 1889 4167 iuratores
1907 4112 2061 4182 perveniat,

438 4203 477 4264 ut,
496 4202 620 4268 quantae
639 4197 696 4252 sint
713 4198 790 4262 libre,
810 4198 884 4253 tanti
903 4198 960 4252 sint
979 4201 1007 4253 et
1025 4197 1172 4262 iuratores,
1191 4215 1256 4250 narn
1269 4197 1291 4251 si
1304 4198 1379 4250 ultra
1392 4197 1538 4252 duodecim
1549 4197 1682 4253 librarum
1696 4198 1805 4267 questio
1817 4198 1909 4264 fuerit,
1928 4199 2063 4254 iuratores
2080 4208 2106 4247 ⁴⁰

437 4284 583 4341 duodecim
601 4303 657 4340 non
676 4285 835 4340 excedant¹.

544 4373 624 4457 (35.)
657 4381 813 4436 Statuimus
835 4382 870 4437 de
892 4382 1055 4453 pigneribus
1079 4372 1185 4451 etiam,
1210 4401 1263 4451 que
1286 4382 1362 4436 inter
1384 4385 1479 4452 partes
1502 4381 1595 4452 posita
1617 4382 1737 4448 fuerint,
1765 4385 1811 4448 ut,
1840 4383 1864 4436 si
1886 4401 1943 4452 qua
1965 4383 1999 4438 de
2022 4383 2062 4438 eis

437 4469 582 4526 contentio
606 4472 669 4523 orta
692 4468 785 4534 livent,
809 4469 852 4522 illi
874 4469 1016 4523 tribuatur
1038 4469 1186 4523 arbitrium
1209 4467 1329 4534 iurandi,
1352 4469 1401 4538 qui
1424 4468 1526 4538 pignus
1546 4468 1686 4534 babuerit,
1710 4460 1769 4524 soli
1793 4460 1863 4524 sine
1886 4460 2027 4525 eiectis'.

547 4570 630 4657 (36.)
653 4571 704 4636 De
729 4572 937 4636 cautionibus
960 4571 1118 4636 similiter.

546 4693 665 4757 Petrus
690 4690 892 4756 cancelarius
916 4689 1063 4755 advicem
1087 4690 1244 4755 Adelardi
1268 4689 1413 4776 episcopi
1437 4696 1470 4755 et
1493 4691 1759 4757 archicancellarii
1784 4691 1969 4777 recognovi.
2082 4707 2107 4745 ιι

541 4901 560 4966 Ι)
575 4900 674 4966 aliquid
686 4899 749 4950 cdd.
763 4899 821 4950 PK.
876 4898 912 4961 m)
925 4898 1058 4964 posuerint
1070 4893 1095 4947 2.
1148 4897 1176 4958 ιι)
1196 4897 1278 4947 solum
1291 4898 1429 4949 mutaverit
1440 4899 1513 4950 codd.
1568 4899 1593 4962 ο)
1607 4900 1729 4951 baedam
1743 4900 1830 4959 PHt.,·
1847 4903 1897 4967 cfr.
1910 4907 1994 4951 autem
2006 4898 2065 4951 PK.

438 4987 465 5054 p)
485 5005 533 5038 om.
552 4986 626 5037 codd.
706 4985 733 5051 q)
752 4985 930 5036 Oblivolenses
950 4983 973 5034 1.
1053 4981 1075 5049 r)
1095 4982 1237 5048 reperiatur
1256 4983 1331 5034 codd.
1406 4983 1429 5048 ι)
1449 4985 1599 5049 Equilenses
1617 4983 1641 5035 2.
1717 4986 1738 5050 t)
1756 4988 1852 5038 Zenoni
1874 4985 1895 5037 l.
1975 4985 2002 5048 u)
2020 4993 2067 5036 ant

437 5073 500 5124 add.
520 5072 578 5122 PK.
653 5071 680 5135 ν)
705 5089 753 5122 om.
774 5070 796 5121 1.
866 5067 900 5135 w)
920 5069 978 5120 Hoc
997 5071 1052 5120 loco
1071 5070 1212 5134 capitulum
1230 5069 1305 5120 ualde
1324 5070 1497 5121 ubbreuiatum
1514 5078 1565 5131 eslf
1587 5074 1636 5137 cfr.
1655 5071 1713 5124 PK.
1732 5070 1809 5123 aab.
1882 5071 1981 5139 xiHic
1999 5071 2067 5122 deest

438 5159 466 5208 in
488 5158 562 5210 codd.
587 5158 728 5223 capitatam
753 5157 784 5208 ds
802 5158 901 5224 finitas
921 5155 1033 5207 clarinus
1057 5172 1145 5206 nouae.
1193 5155 1268 5217 Qtvod
1292 5173 1351 5206 vero
1374 5173 1430 5206 cam
1452 5157 1521 5208 adsit
1544 5157 1572 5207 ia
1594 5157 1673 5209 Pecto
1696 5159 1834 5211 Ouoav'sI.
1858 5177 1947 5211 errore
1968 5158 2067 5209 scribae

438 5244 558 5294 οπιίιιιιιι
575 5260 628 5294 esse
646 5243 708 5292 mibi
725 5242 833 5294 uidetur.
893 5241 921 5308 y)
940 5257 989 5292 sua
1006 5239 1030 5290 2.
1088 5238 1113 5303 a)
1132 5240 1255 5307 recipient
1273 5240 1347 5292 codd.
1405 5241 1431 5306 a)
1449 5261 1464 5294 s
1482 5249 1554 5310 parte
1572 5242 1597 5296 2.
1655 5245 1681 5308 b)
1701 5247 1817 5312 quisquis
1838 5245 1859 5296 l.
1916 5245 1942 5310 c)
1961 5245 2068 5312 recipiat
2086 5253 2111 5291 ιι

438 5329 511 5380 codd
600 5328 627 5394 d)
646 5336 790 5380 vestrarum
809 5327 872 5378 add.
891 5327 949 5378 PK.
1032 5325 1056 5390 e)
1076 5326 1129 5376 dux
1147 5326 1265 5378 Civitatis
1284 5326 1398 5391 (Civitati
1416 5327 1443 5392 2)
1469 5346 1535 5380 nove
1552 5329 1625 5380 codd.
1707 5330 1731 5394 s)
1749 5332 1886 5382 terminum
1904 5338 2018 5383 vestrum
2039 5329 2066 5394 l;

439 5415 563 5466 terminus
582 5413 623 5464 vel
642 5414 786 5480 proprietas
804 5420 889 5465 vestra
908 5412 966 5464 PK.
1037 5411 1065 5478 g)
1084 5412 1111 5462 in
1129 5412 1436 5479 line...capulaveruut
1454 5414 1539 5465 ocal.
1608 5417 1636 5481 b)
1654 5418 1738 5469 extitit
1755 5417 1829 5469 codd.
1893 5417 1912 5482 i)
1932 5417 2025 5484 capula
2042 5414 2066 5466 2.

439 5497 468 5567 k)
495 5507 618 5551 cunctum
645 5500 800 5550 ducscstum
822 5498 842 5550 l.
930 5497 949 5560 1)
976 5499 1101 5549 iustitiam
1127 5498 1271 5550 faciendam
1295 5499 1370 5550 codd.
1458 5500 1494 5565 ιιι)
1522 5503 1703 5570 Clugisntibus
1729 5504 1803 5555 codd.
1892 5503 1921 5567 n)
1945 5504 1978 5555 ad
2000 5504 2069 5554 banc

439 5588 505 5638 diem
523 5583 547 5636 2.
610 5583 636 5652 o)
655 5587 709 5653 ipse
727 5586 789 5638 odd.
808 5585 867 5638 PK.
929 5584 956 5653 p)
976 5586 1129 5650 sinautem,
1154 5602 1264 5652 paenam
1283 5587 1410 5638 sustineat
1430 5587 1493 5639 add.
1512 5587 1571 5640 PK.
1632 5587 1660 5656 q)
1680 5591 1706 5640 in
1723 5588 1748 5640 2.
1810 5589 1833 5654 r)
1853 5590 1976 5642 accedant
1993 5589 2068 5641 codd.

440 5673 463 5738 ι)
480 5673 576 5724 electus
598 5674 618 5722 1.
1056 5672 1058 5676 ’
2085 5684 2111 5726 ιι
