4590 6420
368 447 637 504 ADDITAMENTA
655 448 704 502 AD
722 449 800 504 CAP.
820 449 899 504 REG.
919 449 1102 505 ruaudus
1120 448 1309 504 oculosus.
1327 447 1781 518 (Kla0u111).-Nr.2ae.aet.
1823 452 1883 513 421

263 620 360 686 nibus
384 621 564 708 adimplere
586 623 732 709 potestis,
756 623 841 688 sicut
864 623 963 688 verbo
987 629 1021 688 et
1044 624 1167 708 scripto
1190 622 1282 687 vobis
1306 643 1349 686 ax
1372 621 1481 686 divino
1503 621 1656 687 mandato
1674 622 1884 701 innotuimus,
1902 626 1963 682 863.

263 723 336 789 Deo
357 727 499 810 gratias⁰
523 727 664 811 agimus;
692 726 720 790 si
743 732 852 790 autem
878 728 975 791 vultis
998 735 1032 792 et
1054 726 1159 791 adhuc
1182 748 1248 790 non
1272 728 1425 812 potestis,
1453 732 1572 810 quanto
1594 726 1688 812 plusp
1712 725 1885 812 perlectio-

263 839 360 892 nem‘t
383 828 699 915 adproximaveritis,
722 830 913 914 gaudemus.
959 829 1005 894 Ut
1027 838 1136 896 autem
1160 830 1314 916 capitula,
1337 851 1421 915 quae
1437 828 1577 895 Domino
1595 827 1774 894 mediatore
1798 849 1885 892 com-

262 934 404 998 muniter
427 933 620 998 decrevistis
649 919 684 998 et
710 955 810 999 manu
833 934 964 1020 propria
994 934 1209 998 confirmastis
1238 940 1272 998 et
1303 953 1390 997 nunc
1418 932 1665 996 observaturosr
1693 951 1752 996 vos
1778 928 1887 996 verbis

232 1065 244 1104 ι
263 1037 468 1121 promisistis,
491 1044 528 1101 ut
550 1059 649 1122 opere
673 1038 813 1123 pleniter
836 1038 1037 1102 conservetis
1061 1041 1095 1101 et
1111 1036 1328 1123 adimpleatis,
1351 1036 1552 1100 nuncetiam
1569 1035 1791 1101 admonemus.
1835 1032 1887 1098 De

263 1141 392 1225 sponsis
416 1160 545 1226 quoque
573 1140 710 1205 aliorum
734 1141 890 1226 deinceps
918 1150 1063 1227 quoquo·
1093 1139 1191 1204 modo
1214 1130 1423 1225 acceptis²⁶⁶,
1452 1140 1530 1225 quia
1559 1137 1599 1204 de
1629 1139 1708 1218 hoc,
1737 1136 1823 1224 quod
1853 1137 1886 1201 in

263 1246 442 1328 praeterito
465 1249 574 1309 actum
598 1251 658 1326 est,
683 1245 860 1309 maximam
883 1244 1133 1330 indulgentiam,
1166 1243 1280 1308 contisi
1309 1242 1350 1307 de
1378 1242 1441 1306 Dei
1471 1242 1664 1307 multimoda
1687 1249 1721 1306 et
1744 1242 1888 1307 maxima

262 1344 415 1428 largitate
431 1353 529 1432 atque
545 1347 802 1432 longanimitate,
826 1355 959 1434 proptor
975 1346 1178 1433 quorundam
1202 1345 1416 1431 fragilitatem
1436 1345 1655 1431 repperimus,
1687 1351 1721 1409 ct
1744 1345 1888 1432 capitula

262 1449 364 1533 patris
388 1452 488 1514 vestri
512 1451 582 1514 sine
607 1450 827 1536 refragatione
850 1449 891 1514 de
917 1456 1026 1514 cetero
1051 1456 1316 1528 conserventurl,
1348 1470 1386 1514 ac
1410 1449 1560 1534 capitulis
1583 1453 1713 1512 vestrae
1737 1447 1887 1532 religioni

221 1578 246 1616 ro
264 1552 305 1616 ab
329 1553 518 1638 exiguitatis
542 1559 673 1618 nostrae
696 1555 875 1619 ministerio
898 1553 1017 1618 oblatis
1042 1554 1102 1618 hoe
1126 1553 1279 1640 diploma,
1304 1553 1331 1616 si
1355 1553 1535 1639 conplacet,
1558 1551 1760 1618 adnectatur.

370 1657 438 1721 Nos
462 1663 571 1722 autem
595 1657 660 1722 Dei
683 1659 803 1723 iudicio
827 1659 877 1723 sui
899 1658 940 1722 ab
964 1659 1019 1723 illo
1042 1659 1153 1723 vicarii
1177 1657 1364 1722 constituti'
1386 1656 1478 1720 iuxta
1498 1656 1709 1720 ministerium
1741 1661 1886 1720 nostrum

265 1767 298 1824 ct
326 1761 539 1825 reverendam
569 1762 815 1840 auctoritatem,
847 1762 909 1826 nisi
940 1761 1175 1848 inpossibilitas
1206 1769 1262 1827 aut
1291 1780 1516 1846 quaecumque
1547 1758 1760 1824 contradictio
1790 1779 1885 1844 prae-

262 1863 413 1948 pedierit,
449 1872 482 1929 et
509 1866 541 1929 in
571 1865 652 1929 locis
680 1863 751 1929 Deo
780 1864 896 1930 dicatis
931 1871 965 1930 et
999 1867 1030 1929 in
1060 1866 1237 1931 eorundem
1267 1866 1413 1930 locorum
1442 1862 1699 1928 inhabitantibus
1726 1869 1825 1947 atque
1855 1863 1887 1924 in

262 1968 379 2031 ceteris
403 1967 660 2053 quibuscumque
685 1967 814 2034 divinae
838 1969 1003 2054 religionis
1020 1969 1196 2055 obsequiis,
1219 1975 1315 2055 prout
1329 1959 1601 2046 Dominus'vclle,
1625 1967 1709 2030 scire
1733 1971 1767 2029 et
1790 1985 1887 2050 posse

221 2096 245 2134 ιι
264 2069 444 2150 donaverit,
467 2078 504 2136 ut
526 2071 630 2157 ipsius
653 2073 804 2137 voluntas
828 2081 862 2136 et
881 2074 982 2137 iussio
999 2073 1225 2159 adimpleatur,
1249 2093 1307 2158 pro
1325 2071 1447 2136 viribus
1464 2070 1633 2136 decertare
1649 2069 1887 2134 studebimus'.

364 2264 389 2326 ο)
408 2264 510 2330 agimus
528 2264 625 2330 gratias
641 2259 667 2314 4.
738 2261 765 2330 p)
783 2263 817 2314 ad
835 2263 897 2314 adu
910 2260 935 2314 3.
1006 2260 1033 2326 ql
1052 2264 1201 2328 perfectioni
1220 2261 1243 2314 6.
1263 2261 1288 2314 6.
1359 2261 1381 2324 r)
1400 2263 1577 2312 observatores
1594 2259 1619 2311 2.
1637 2256 1714 2310 4-6.
1784 2259 1807 2323 s)
1826 2276 1887 2324 quo·

260 2347 400 2413 que2.3;
427 2347 611 2416 quaequod.
718 2349 738 2410 t)
757 2349 891 2415 accepistis
914 2347 939 2398 2.
962 2346 1052 2400 4-6.
1158 2349 1186 2412 ιι)
1205 2355 1372 2399 conservetur
1394 2347 1419 2398 2.
1437 2345 1461 2399 3.
1555 2345 1592 2408 -v)
1612 2346 1802 2412 constitutaque
1819 2342 1843 2395 2.
1862 2343 1888 2395 3.

262 2433 296 2496 w)
315 2433 437 2498 sequius
454 2451 524 2484 nuuc
541 2435 569 2484 ia
586 2431 612 2485 b.
630 2433 654 2486 6.
674 2442 804 2499 tamquam
822 2452 843 2484 c.
856 2431 967 2486 81-88.
987 2433 1085 2500 Syaod,
1100 2433 1197 2484 Ballou.
1210 2431 1269 2498 845,
1287 2433 1315 2484 iu
1328 2433 1399 2482 cuius
1410 2435 1467 2499 fiae
1482 2433 1567 2497 posito
1584 2440 1657 2481 ruat:
1681 2431 1794 2498 Explicit
1805 2432 1888 2498 Syno-

261 2519 309 2568 dus
327 2521 480 2584 bleldensis;
499 2521 549 2587 cfr.
567 2537 649 2586 supm
661 2537 692 2584 p.
705 2518 764 2584 388,
783 2529 833 2570 aot.
847 2537 873 2585 y,

218 2707 245 2746 so
364 2691 410 2757 66)
430 2689 487 2756 Osr.
504 2705 591 2759 aspro
608 2705 630 2744 c.
642 2689 685 2743 68.

868 2865 1279 2872 —---.-—---—-—--—-

479 3185 577 3292 ιιι.
625 3178 986 3290 suuoous
1025 3127 1663 3293 vuauuaruusrs

919 3359 1017 3443 863.
1049 3370 1142 3460 Aug.
1164 3369 1225 3444 ll.

374 3537 529 3619 Curiones
544 3552 639 3616 buius
653 3552 767 3634 maadi
787 3551 962 3615 traduntur
976 3551 1012 3614 ia
1028 3551 1198 3614 codicibus:
1235 3549 1266 3636 1)
1289 3549 1396 3636 Haup.
1416 3557 1429 3615 t
1448 3550 1574 3636 sol32.
1621 3553 1654 3636 2)
1677 3549 1786 3616 Pur-is.
1802 3553 1909 3636 4638,

257 3658 318 3744 sol.
340 3660 429 3722 173¹.
475 3656 509 3740 3)
529 3655 681 3721 Valliccll
704 3653 746 3719 N.
764 3657 803 3718 21
823 3652 884 3738 fol.
902 3656 952 3732 23,
975 3653 1033 3717 tac
1053 3654 1258 3734 inscriptione
1273 3655 1470 3733 praemisso:
1492 3655 1597 3738 Haec,
1621 3675 1705 3740 quae
1722 3662 1887 3732 secuntur,

217 3791 243 3830 ιι
262 3761 473 3825 diffinitiones
498 3761 529 3824 in
554 3759 679 3845 synodo
703 3758 789 3844 apud
806 3758 1012 3823 Vermeriam
1036 3758 1195 3844 palatium
1211 3758 1324 3822 habita
1341 3765 1434 3824 actae
1451 3766 1528 3824 sunt
1543 3781 1629 3824 auno
1646 3750 1884 3844 suprascripto¹

262 3865 318 3948 (sc.
342 3885 370 3928 a.
388 3863 477 3947 853),
500 3865 533 3927 iu
557 3883 670 3928 meuse
694 3864 854 3947 Augusto,
878 3861 1055 3926 indictione
1079 3852 1246 3947 praefata²
1269 3861 1324 3946 (sc.
1348 3863 1476 3949 prima).

1407 3948 1465 4032 (B.
1489 3950 1610 4032 11,57‚·
1634 3947 1672 4013 P.
1689 3951 1778 4032 420.)

370 4126 536 4239 Omnibus
561 4180 696 4238 sanotae
720 4171 904 4237 dilectionis
928 4172 1093 4253 fratribus,
1117 4173 1158 4238 ad
1182 4195 1317 4260 quorum
1342 4175 1423 4240 haec
1439 4181 1591 4261 poterunt
1606 4173 1778 4260 pervenire
1801 4173 1885 4238 noti·

263 4281 356 4360 tiam,
380 4278 514 4343 Wenilo
542 4280 726 4356 Senonum,
756 4277 954 4342 Hincmarus
983 4277 1177 4356 Remorum,
1204 4278 1327 4343 Paulus
1362 4279 1671 4364 Rotomageneium,
1702 4277 1886 4341 Amalricus

218 4412 244 4451 ιι
262 4385 427 4449 Τιιιοιιιιιιι
452 4382 716 4469 archiepiscopi¹,
741 4381 944 4447 Teutboldus
961 4383 1156 4467 Lingonum,
1179 4381 1360 4449 Pardulus·
1376 4373 1674 4468 Lugdunensium3,
1698 4380 1887 4445 Hucbertus

261 4485 490 4568 Meldensium,
514 4485 736 4571 Ansegaudus
753 4485 977 4564 Abrincatum,
994 4484 1189 4550 Hrotbadus
1207 4485 1428 4564 Suessionum,
1444 4485 1547 4551 Immo
1564 4485 1886 4568 Noviomagensium,

261 4590 473 4657 Hilmeradus
505 4577 790 4668 ambianensium,
827 4589 1048 4654 Yrminiridus
1077 4589 1348 4672 Belvaceusium,
1383 4591 1548 4678 Erpoinus
1582 4589 1887 4667 Silvanectensium,

262 4693 441 4759 Baltfridus
466 4692 745 4772 Baiocacensiurn,
769 4689 974 4756 Guntbertus
998 4692 1248 4772 Ebroccusium,
1272 4693 1429 4758 Eirardus
1453 4693 1708 4773 Lixouieusium,
1733 4689 1887 4755 Erloinus

262 4796 483 4877 Constantios,
507 4795 751 4860 Hildebrannus
773 4787 967 4878 Sagorumt
992 4795 1199 4861 Godelsadus
1223 4797 1535 4876 cavillonensiuml’,
1551 4797 1650 4861 Ionas
1666 4785 1887 4870 Aeduorum5,

218 4930 243 4969 ιι
263 4900 460 4986 Braidingus
476 4899 774 4972 Matisconeusium,
798 4897 904 4983 Agius
922 4899 1208 4965 Aurelianensium
1226 4902 1370 4987 episcopi
1387 4900 1474 4987 apud
1490 4899 1715 4964 Vermeriam⁰
1731 4899 1887 4985 palatium

261 5004 352 5067 iussu
380 5003 514 5088 gloriosi
544 5003 697 5090 principis
726 5001 841 5066 Karoli
874 5023 959 5066 anno
988 5005 1029 5068 ab
1058 5005 1281 5068 incarnatione
1311 5003 1442 5068 Domini
1466 5001 1681 5082 DOOOLIII,
1710 5002 1887 5067 indictione

261 5108 376 5193 prima,
399 5106 457 5171 VI.
476 5105 616 5170 Kalend.
641 5105 846 5190 Septembris
875 5107 909 5170 in
937 5109 1066 5172 nomine
1099 5107 1245 5172 eiusdem
1279 5108 1401 5173 domini
1426 5109 1527 5173 nostri
1550 5107 1627 5173 Iesu
1651 5106 1773 5172 Christi
1798 5108 1885 5170 sino-

262 5210 380 5276 daliter
403 5213 594 5295 congregati
618 5210 768 5274 salutem.
886 5210 1007 5276 Notum
1030 5211 1228 5276 fraternitati
1251 5221 1382 5278 vestrae
1406 5213 1476 5278 lieri
1501 5211 1661 5289 volumus,
1685 5211 1761 5296 quia
1784 5229 1889 5295 nuper

365 5417 392 5486 a)
411 5419 539 5470 Psrdulus
556 5419 640 5486 Lugd.
659 5420 844 5487 archiepiscopi
862 5427 889 5472 et
905 5421 1065 5472 ‘l'sutboldus
1082 5417 1106 5471 2.
1126 5418 1151 5472 3.
1240 5420 1268 5486 b)
1287 5421 1506 5472 Cabillouansium
1524 5417 1549 5471 2.
1636 5419 1661 5482 c)
1674 5420 1828 5471 Varnenum
1847 5417 1872 5472 2.

218 5629 244 5667 ιι
368 5609 393 5677 1)
413 5606 469 5674 Csr.
491 5623 577 5676 supro
590 5624 621 5676 p.
633 5607 693 5674 263,
712 5607 759 5661 lia.
773 5608 822 5675 30,·
843 5608 963 5676 descript.
982 5606 1116 5670 codicum
1133 5608 1207 5674 infru
1232 5608 1279 5661 liu.
1292 5607 1334 5662 36.
1421 5607 1448 5674 2)
1469 5605 1524 5674 Cfr.
1543 5622 1628 5676 supra
1646 5621 1674 5674 p.
1691 5606 1757 5674 263,
1781 5607 1828 5661 lta.
1841 5607 1889 5672 31,

261 5711 338 5778 iufra
356 5711 403 5765 lin.
416 5711 456 5766 86.
545 5714 573 5780 3)
592 5713 681 5768 Lucra
768 5714 795 5780 4)
815 5711 884 5766 Stet.
971 5713 999 5778 5)
1017 5711 1124 5766 Auturt.
