4590 6428
681 446 893 502 HLUDOWICI
911 446 960 501 Pll
979 443 1234 500 CAPl'l'ULARIA.
1250 473 1284 484 -
1303 445 1351 501 Νι.
1365 445 1423 501 194.
1825 449 1866 512 23

236 617 364 703 absque
381 618 551 684 voluntate
573 619 684 684 fratris
708 619 769 699 sui,
792 619 833 684 de
858 621 948 685 euius
971 640 1072 703 regno
1096 618 1219 683 sublati
1237 624 1320 697 sunt,
1344 618 1384 684 ad
1400 620 1540 706 patriam
1557 641 1612 685 eos
1629 618 1749 685 redire¹
1772 631 1864 685 nonun
1882 625 1942 680 831.

237 723 421 808 permittet,
457 722 515 787 sed
545 724 655 809 potius
685 724 718 787 in
746 724 855 788 futuro
883 726 916 788 in
946 722 1161 808 suscipiendis
1186 721 1363 787 obsedibus
1386 724 1589 789 alteralteri
1612 729 1760 788 mutuum
1783 723 1868 790 ferat

236 826 413 907 auxilium,
443 827 471 890 si
499 828 601 892 frater
627 827 762 893 fratmm
791 827 853 893 boc
881 828 990 892 faeere
1019 825 1259 891 rationabiliter
1286 827 1519 912 postulaverit;
1549 828 1635 893 idem
1659 826 1810 893 iubemus
1835 835 1869 894 et

238 929 279 994 de
303 930 361 1012 eis,
385 930 440 1014 qui
463 930 525 995 ad¹¹
549 932 616 995 suis
639 931 840 996 facinoribus
863 933 895 996 in
919 932 1054 998 exilium
1077 930 1168 993 missi
1190 929 1243 993 vel
1265 931 1415 995 mittendi
1439 937 1523 996 sunt.

205 1075 218 1114 s
304 1131 306 1136 ι
350 1052 397 1116 10.
433 1041 506 1114 sill
529 1071 628 1115 causa
651 1052 704 1116 vel
727 1052 865 1118 intentio
889 1053 941 1117 vel
965 1050 1189 1117 controversia
1213 1050 1287 1114 talis
1311 1052 1396 1116 inter
1418 1057 1529 1138 partes
1552 1057 1686 1138 propter
1708 1052 1864 1118 terminos

236 1159 294 1218 aut
316 1155 458 1219 confinia
479 1176 652 1240 regnorum
676 1163 746 1222 orta
768 1158 880 1233 fuerit,
905 1177 967 1243 qne
991 1157 1157 1222 hominum
1180 1157 1368 1221 testimonio
1390 1156 1552 1222 declarari
1574 1157 1629 1222 vel
1651 1155 1778 1220 deliniri
1802 1177 1867 1221 non

236 1258 356 1342 possit,
379 1263 457 1323 tune
481 1260 645 1340 volumus,
676 1266 712 1325 ut
734 1259 775 1325 ad
799 1261 1020 1326 declaratione
1048 1261 1095 1324 rei
1117 1259 1237 1324 dubiae
1261 1259 1381 1324 vexillo
1406 1252 1546 1324 erucis13
1569 1258 1635 1324 Dei
1657 1260 1809 1324 voluntas
1833 1265 1867 1324 et

236 1381 345 1424 rerum
375 1361 493 1425 veritas
525 1362 721 1447 inquiratur,
755 1386 796 1429 ne
827 1385 980 1450 umquam
1012 1384 1071 1449 pro
1100 1363 1158 1426 tali
1192 1383 1292 1427 eausa
1319 1363 1494 1429 cuiuslibet
1521 1362 1653 1448 generis
1680 1383 1791 1448 pugna
1814 1363 1866 1427 vel

237 1485 372 1550 campus
396 1466 438 1530 ad
462 1467 757 1533 examinationem⁰
774 1467 946 1533 iudicetur.
981 1467 1016 1531 Si
1039 1488 1117 1532 vero
1140 1466 1295 1551 quislibet
1318 1467 1414 1532 bomo
1438 1467 1479 1533 de
1502 1489 1566 1532 uno
1585 1488 1685 1553 regno
1701 1466 1867 1532 hominem

193 1598 219 1636 ιο
238 1566 280 1632 de
309 1569 410 1632 altero
439 1590 541 1654 regno
571 1570 612 1635 de
641 1570 834 1637 infidelitate
858 1578 974 1636 contre
997 1570 1130 1636 fratrem
1153 1570 1275 1635 domini
1298 1571 1347 1634 sui
1370 1568 1458 1656 apud
1481 1569 1647 1636 dominum
1671 1591 1766 1636 suum
1789 1592 1866 1636 aeu-

238 1673 371 1751 saverit,
395 1673 502 1736 mittat
526 1694 601 1738 eum
625 1673 774 1739 dominus
797 1675 865 1738 eius
889 1675 929 1738 ad
954 1675 1087 1739 fratrem
1111 1694 1215 1755 suum,
1240 1680 1276 1738 ut
1291 1674 1338 1739 ibi
1353 1675 1553 1760 comprobet,
1577 1674 1663 1760 qnod
1680 1675 1721 1740 de
1737 1674 1867 1740 bomine

237 1776 323 1840 illius
346 1776 438 1841 dixit.

349 1886 397 1946 11.
435 1873 574 1968 Superll
596 1883 705 1946 omnia
728 1890 838 1948 autem
861 1883 1012 1948 iubemus
1036 1882 1140 1968 adque
1163 1883 1370 1969 precipimus,
1392 1887 1430 1946 ut
1451 1882 1513 1968 ipsi
1536 1887 1602 1947 tres
1622 1881 1740 1948 fratres
1757 1902 1867 1948 euram

238 1989 273 2048 et
304 1984 525 2050 defensionem
557 1987 742 2052 eecclesiae
774 1987 877 2051 sancti
904 1986 995 2050 Petri
1026 1986 1122 2050 simul
1157 1985 1353 2072 suscipiant,
1389 1985 1474 2049 sieut
1503 1985 1663 2071 quondam
1697 2007 1717 2050 a
1745 2007 1867 2073 proavo

190 2119 218 2158 ιι
237 2093 347 2152 nostro
370 2088 492 2154 Karolo
523 2096 557 2155 et
585 2111 646 2155 avo
676 2097 788 2155 nostro
812 2090 928 2176 Pipino
954 2096 987 2154 et
1014 2089 1111 2154 beate
1142 2090 1299 2154 memorie
1323 2088 1493 2173 genitore?
1520 2094 1631 2153 nostro
1654 2088 1778 2154 Karolo
1807 2089 1866 2153 im-

235 2197 410 2276 potatores
440 2201 473 2258 et
502 2216 522 2257 a
549 2194 644 2259 nobis
676 2199 793 2279 postea
822 2198 975 2279 suscepta
1006 2197 1069 2273 est,
1102 2198 1138 2256 ut
1161 2204 1255 2256 earnq
1279 2213 1351 2258 eum
1375 2192 1440 2258 Dei
1464 2191 1625 2257 adiutorio
1655 2191 1696 2256 ab
1719 2191 1867 2258 hostibus

236 2294 416 2361 defendere
439 2298 585 2362 nitantur
608 2305 641 2362 et
662 2298 820 2362 iustitiam
845 2319 947 2376 suam,
971 2303 1128 2382 quantum
1152 2295 1194 2360 ad
1216 2297 1306 2382 ipsos
1330 2297 1472 2382 pertinet
1488 2302 1522 2361 et
1542 2295 1625 2360 ratio
1643 2297 1867 2383 postulaverit,

236 2399 338 2464 abere
361 2401 493 2466 faciant.
540 2400 697 2466 Similiter
719 2401 760 2467 de
785 2403 903 2468 ceteris
927 2402 1093 2482 eeclesiis,
1117 2422 1180 2487 quo
1204 2401 1265 2466 sub
1293 2402 1422 2467 illorum
1445 2402 1565 2468 fuerint
1587 2407 1768 2489 potestate,
1792 2424 1866 2489 pre-

237 2504 391 2588 cipimus,
422 2511 458 2569 ut
484 2506 643 2570 iustitiam
670 2527 761 2571 suam
785 2512 820 2571 et
841 2507 998 2571 honorem
1021 2505 1179 2585 habeant,
1210 2511 1243 2569 et
1266 2511 1414 2592 pastores
1437 2505 1544 2590 adque
1566 2511 1709 2572 rectores
1733 2527 1867 2572 venera·

191 2637 220 2676 ro
238 2605 355 2671 bilium
378 2607 524 2672 locorum
548 2608 693 2674 habeant
716 2615 913 2695 potestatem
939 2630 1061 2688 rerum,
1092 2629 1153 2695 que
1181 2608 1224 2672 ad
1251 2608 1324 2694 ipsa
1346 2610 1401 2695 pia
1423 2610 1495 2674 looe
1517 2610 1698 2696 pertinent,
1731 2611 1764 2674 in
1787 2631 1867 2695 quo-

167 2773 170 2778 ,
238 2732 377 2797 eumque
402 2711 443 2776 de
468 2711 518 2776 his
542 2712 646 2777 tribus
670 2713 801 2798 regnisr
824 2713 951 2777 illarum
977 2713 1191 2778 eeclesiarum
1216 2713 1442 2798 possessiones
1465 2712 1596 2782 fuerint.

352 2834 398 2898 ¹2.
434 2827 594 2906 Quodsifl’
629 2835 670 2900 de
703 2835 753 2899 his
785 2835 916 2900 statutis
949 2835 1056 2921 adque
1090 2835 1342 2899 convenientiis·
1376 2833 1499 2919 aliquid
1529 2854 1608 2899 essu
1643 2832 1787 2918 quolibet
1815 2834 1868 2898 vel

238 2938 433 3022 ignorantia,
458 2937 544 3022 quod
568 2959 632 3002 non
655 2938 817 3019 obtamus,
841 2938 1024 3024 inruptum‘
1046 2937 1154 3017 fuerit,
1177 2938 1385 3023 precipimus,
1408 2944 1444 3001 ut
1465 2957 1561 3022 quam
1579 2937 1734 3002 citissime
1751 2957 1867 3002 seeun-

239 3041 318 3105 dum
347 3040 504 3106 iustitiam
540 3042 714 3107 emendare
748 3043 917 3124 studeant,
957 3064 998 3107 ne
1029 3041 1158 3127 quando
1188 3047 1323 3127 propter
1353 3040 1543 3105 dilationem
1576 3041 1681 3126 mergis
1714 3039 1869 3105 damnum

191 3173 220 3214 es
238 3144 342 3230 possit
365 3143 565 3211 adcrescere.
1829 3207 1831 3210 .

350 3251 398 3314 13.
434 3242 562 3315 Ηιιιο16
584 3256 694 3315 autem
718 3251 826 3315 omnia
848 3251 894 3315 ita
917 3249 1135 3337 disposuimus
1156 3249 1263 3335 adque
1280 3269 1319 3314 eo
1336 3247 1447 3313 ordine
1464 3248 1635 3313 adfirmare
1651 3247 1868 3329 decrevimus,

236 3359 289 3432 ut,
321 3352 474 3437 quamdiu
497 3352 628 3418 divinae
655 3353 821 3418 maiestati
844 3353 1003 3438 placuerit
1030 3352 1114 3416 bane
1137 3354 1339 3438 corporalem
1367 3372 1427 3415 nos
1451 3372 1551 3435 agere
1574 3352 1691 3432 vitam,
1721 3357 1868 3438 potestas

236 3462 349 3520 nostra
379 3457 421 3520 sit
449 3477 547 3541 super
574 3478 593 3521 a
620 3456 693 3521 Deo
722 3462 952 3522 conservatum
980 3479 1116 3543 regnum
1146 3456 1252 3543 adque
1281 3457 1453 3542 imperium
1481 3455 1587 3536 istud,
1620 3456 1705 3520 sieut
1732 3461 1867 3522 actenus

237 3559 315 3640 fuit,
346 3561 379 3624 in
409 3561 569 3645 regimine
598 3561 704 3646 adque
732 3561 937 3628 ordinatione
967 3568 1001 3626 et
1023 3563 1112 3626 omni
1136 3561 1357 3626 dominatione
1381 3560 1486 3644 regali
1508 3565 1606 3646 atque
1629 3560 1804 3645 imperiali,
1834 3566 1868 3624 et

194 3686 224 3725 so
241 3669 279 3727 ut
312 3663 503 3729 obedientes
538 3665 717 3729 habeamus
752 3666 917 3751 predictos
951 3666 1036 3730 filios
1070 3672 1198 3730 nostros
1232 3665 1338 3751 adque
1373 3662 1444 3729 Deo
1480 3663 1678 3729 hamabilem
1711 3663 1866 3750 populum

237 3773 384 3832 nostrum
414 3789 488 3832 cum
517 3769 603 3834 omni
628 3769 849 3850 subiectione,
881 3790 943 3856 que
967 3772 1053 3856 patri
1082 3769 1200 3834 sfiliis
1226 3776 1259 3833 et
1281 3767 1469 3854 imperatori
1493 3767 1553 3831 hae
1576 3767 1646 3852 regi
1674 3788 1695 3831 a
1717 3768 1784 3831 suis
1807 3788 1866 3854 po-

237 3871 326 3957 pulis
351 3871 510 3936 exibetur.
555 3865 634 3936 Et¹7
662 3873 688 3935 si
718 3873 834 3958 aliquis
863 3895 906 3938 ex
934 3874 984 3937 his
1012 3874 1116 3940 tribus
1144 3874 1220 3938 filiis
1243 3873 1364 3937 nostris
1386 3893 1444 3957 per
1466 3871 1622 3936 maiorem
1646 3869 1867 3937 obedientiam

239 3974 302 4039 bae
332 3975 451 4040 bonam
476 3977 700 4043 voluntatemu
732 3977 878 4063 inprimis
901 3977 973 4043 Deo
1006 3978 1221 4064 omnipotenti
1247 3998 1285 4041 ao
1313 3981 1429 4062 postea
1457 3974 1553 4038 nobis
1576 3976 1708 4061 plaeere
1731 3975 1867 4061 cupiens
1986 3975 1988 3980 ’

239 4099 365 4142 ιιιοιιιιιι
393 4080 557 4164 probitate
586 4081 818 4167 promeruerit,
852 4087 888 4145 ut
915 4083 945 4145 ei
972 4082 1129 4146 maiorem
1153 4082 1311 4145 honorem
1333 4080 1393 4144 hac
1416 4083 1615 4165 potestatem
1639 4078 1787 4143 conferre
1810 4079 1867 4144 de-

189 4213 221 4252 as
241 4182 348 4262 lactet,
373 4190 406 4248 et
429 4184 491 4248 hoe
515 4186 673 4263 volumus,
697 4193 733 4249 ut
761 4185 792 4248 in
815 4194 926 4250 nostra
950 4192 1082 4250 maneat
1105 4190 1281 4272 potestate,
1309 4189 1347 4248 nt
1369 4183 1414 4247 illi
1438 4182 1480 4247 de
1503 4183 1652 4270 portione
1675 4182 1783 4248 fratris
1808 4185 1867 4264 sui,

240 4287 296 4370 qui
323 4307 386 4350 non
413 4287 543 4372 plaeere
573 4289 750 4366 curaverit,
783 4295 816 4353 et
842 4309 978 4374 regnum
1004 4295 1037 4353 ct
1060 4288 1215 4352 honorem
1240 4308 1278 4351 ae
1300 4293 1497 4374 potestatem
1521 4308 1699 4373 augeamus
1722 4293 1755 4350 et
1777 4287 1868 4352 illum

240 4387 340 4453 talem
365 4391 554 4472 efficiamus,
577 4392 716 4476 qualiter
738 4392 792 4457 ille
815 4393 956 4479 propriis
981 4392 1105 4456 meritis
1129 4391 1246 4476 dignus
1271 4391 1461 4457 ostenderit.

353 4513 399 4576 14.
434 4505 542 4576 Hoe¹S
564 4519 728 4598 postremo
753 4513 960 4578 statuendum
984 4512 1079 4577 nobis
1104 4513 1241 4594 videtur,
1268 4519 1318 4593 ut,
1343 4510 1495 4598 quiequid
1519 4511 1625 4576 adhue
1648 4510 1689 4574 de
1712 4511 1811 4576 rebus
1835 4517 1869 4576 et

241 4617 523 4697 conventionibus,
549 4617 674 4703 quoad
698 4616 877 4703 profectum
901 4623 935 4682 et
957 4617 1132 4682 utilitatem
1158 4637 1271 4680 eorum
1295 4616 1492 4702 pertineant,
1516 4614 1566 4678 his
1590 4615 1710 4679 nostris
1726 4614 1867 4680 decretis

188 4751 221 4790 ω
241 4718 348 4804 adque
375 4721 540 4806 preceptis
563 4719 705 4785 adderev
730 4720 956 4800 voluerimus',
987 4721 1032 4783 sie
1057 4740 1077 4783 a
1099 4719 1256 4806 predictis
1280 4718 1409 4784 dilectis
1432 4719 1509 4783 liliis
1531 4718 1652 4782 nostris
1675 4718 1869 4784 observetur

343 4928 364 4993 l)
383 4929 486 4980 reddere
504 4946 525 4980 c.
622 4929 659 4993 ιιι)
678 4946 726 4980 ora.
740 4947 761 4980 e.
864 4929 892 4994 n)
912 4947 958 4996 pro
976 4930 1030 4981 suis
1049 4929 1207 4981 facinoribus
1224 4929 1381 4980 Karalidv'v.
1478 4926 1505 4992 o)
1524 4927 1561 4977 ia
1579 4927 1694 4988 eorreai5
1716 4929 1868 4980 extermina·

239 5014 336 5066 tionem
353 5032 373 5066 e.
479 5012 507 5082 p)
529 5015 653 5082 genitoris
676 5015 755 5066 nostri
774 5015 865 5066 Karoli
885 5015 1044 5083 imperatoris
1063 5035 1083 5066 c.
1189 5014 1216 5081 q)
1236 5017 1313 5067 etiam
1331 5033 1351 5066 c.
1459 5011 1482 5082 r)
1501 5013 1625 5064 fratribus
1643 5030 1664 5064 c.
1766 5009 1790 5081 s)
1809 5031 1869 5065 eon·

240 5102 329 5152 sentiis
341 5119 362 5152 e.
449 5101 469 5166 t)
488 5103 603 5153 inrutnm
616 5118 636 5152 c.
723 5100 753 5165 ιι)
772 5102 800 5151 in
818 5102 907 5153 litteris
919 5103 999 5153 volun
1011 5103 1077 5170 finis
1095 5111 1131 5154 eet
1142 5102 1206 5170 solli
1218 5100 1259 5154 14.
1278 5103 1306 5153 ia
1317 5103 1373 5155 cod.
1383 5099 1448 5166 980;
1470 5101 1559 5153 litteris
1570 5105 1650 5152 tatem
1663 5099 1752 5166 incipit
1760 5101 1814 5167 sol.
1826 5099 1869 5154 65.

240 5191 269 5240 in
286 5189 341 5241 cod.
352 5187 426 5241 1283.
514 5189 542 5254 v)
561 5189 733 5240 addiderimus
751 5189 872 5240 volurnus
888 5206 909 5240 c.
1187 5189 1188 5192 ’

191 5383 223 5424 45
345 5361 387 5428 12)
406 5359 426 5412 I
428 5358 509 5412 bidan
526 5375 547 5413 c.
559 5359 600 5414 14.
683 5359 725 5424 13)
745 5356 948 5425 Intellr'yeadum
965 5354 1079 5410 aanor:
1103 5356 1207 5412 iudicio
1226 5356 1314 5412 erucis
1327 5355 1386 5426 Dei,
1403 5356 1445 5409 ati
1461 5355 1492 5409 ia
1504 5355 1604 5409 Karoli
1620 5353 1747 5408 diaiaone
1763 5353 1870 5423 maur,-

239 5463 345 5530 mr'rum,
362 5462 433 5532 qaod
449 5463 511 5517 lroee
527 5480 632 5532 quaeque
643 5463 784 5516 imututata
795 5462 826 5514 in
838 5462 884 5515 boc
895 5460 1041 5529 capitulari
1051 5466 1214 5528 repetuntur,
1233 5477 1292 5514 cura
1304 5460 1337 5514 Η
1339 5458 1488 5513 ladmaieus
1500 5457 1585 5513 muas
1596 5457 1727 5512 indiciam
1737 5457 1795 5524 fieri
1806 5463 1871 5512 ante

243 5566 375 5634 udaium
390 5566 439 5634 cfr.
458 5573 518 5620 tom.
532 5568 555 5634 I,
570 5583 599 5636 p.
612 5567 676 5634 219,
693 5581 715 5620 c.
729 5565 771 5620 27.
878 5567 921 5635 14)
941 5565 1039 5620 Karoli
1060 5565 1155 5619 divisio
1171 5582 1192 5620 c.
1204 5565 1244 5620 15.
1344 5565 1387 5636 15)
1406 5563 1510 5618 Ibidem
1527 5580 1548 5618 c.
1563 5563 1604 5618 16.
1701 5563 1745 5632 16)
1764 5561 1869 5615 Ibidem

242 5686 264 5725 c.
276 5671 324 5728 20,-
344 5688 374 5739 ιι.
385 5670 449 5738 130,·
472 5670 599 5726 c.17.18.
620 5671 662 5725 bic
679 5671 777 5726 omissa
794 5675 865 5726 eunt.
980 5669 1024 5737 17)
1044 5669 1159 5737 Bellona
1173 5669 1257 5723 buius
1273 5667 1387 5738 capituli
1398 5683 1467 5736 pars
1486 5667 1554 5722 deest
1571 5667 1602 5720 ln
1617 5665 1716 5721 Karoli
1730 5664 1869 5720 diuisione.

244 5773 289 5843 18)
307 5773 401 5828 Karoll
417 5775 512 5830 ᾱὶυιζςίο
528 5792 550 5831 a.
564 5774 605 5831 19.
