4560 6426
425 443 488 506 302
541 439 787 495 ΟΑΡΙΤΠΙιΑΒΙΑ
805 437 936 497 REGUM
954 435 1138 494 FRANGIAE
1158 435 1419 494 occlnnnunnls
1440 432 1589 505 (KAROLI
1602 429 1647 500 ll).
1668 462 1700 470 -
1719 431 1768 486 Νι.
1780 432 1840 486 271.
1858 434 1917 488 272.

348 621 408 675 862.
426 633 617 678 marmorum
643 605 762 679 causa⁴
783 633 841 699 pro
864 613 972 698 regni,
996 613 1080 677 sicut
1102 632 1153 677 res
1184 613 1346 687 coniacet,
1378 612 1597 689 salvamento,
1627 614 1664 672 ut
1695 629 1807 673 ornnes
1837 616 2045 695 cognoscant,

425 718 478 803 qui
502 739 564 782 non
588 724 759 804 quaestum
776 716 994 792 inhonestum,
1018 716 1076 782 sed
1100 717 1263 802 publicam
1288 715 1380 800 regni
1403 715 1577 779 utilitatem
1601 714 1795 796 quaerimus.
1846 713 1944 778 Salva
1967 735 2044 778 con·

424 821 592 885 stitutione
617 828 650 884 et
672 819 912 906 inpostmodum
938 820 1007 884 iure
1024 820 1208 885 firmissimo
1224 825 1448 906 permanente,
1471 839 1554 903 quae
1578 819 1610 881 in
1627 808 1796 904 ¹capitulari
1820 819 1872 881 avi
1896 825 1929 882 et
1944 819 2045 903 patris

425 925 525 988 nostri
550 946 592 988 ex
615 925 676 988 hoc
700 925 820 1010 scripta
844 915 1013 1003 habetur5‚
1043 923 1180 1010 quilibet
1203 923 1348 988 Francus
1372 923 1469 986 homo
1493 921 1677 1000 convictus,
1701 922 1776 1007 quia
1799 922 1920 985 bonurn
1944 921 2044 987 dena-

425 1029 518 1109 rium,
536 1027 566 1091 id
586 1035 636 1092 est
651 1049 775 1092 merum
793 1035 826 1093 et
841 1027 925 1093 bene
943 1034 1143 1114 pensantem,
1161 1028 1338 1114 posthunc
1354 1026 1497 1091 bennum
1512 1033 1658 1090 nostrum
1676 1025 1820 1105 eiecerit,
1837 1025 2044 1091 medietatem
2075 1050 2087 1086 s

425 1131 587 1196 Francilis
615 1131 714 1196 banni
743 1139 923 1218 componat.
981 1131 1032 1196 De
1064 1133 1187 1196 colonie
1218 1137 1327 1196 autem
1357 1139 1391 1195 et
1419 1131 1522 1195 servis
1546 1130 1720 1194 cuiuslibet
1743 1130 1928 1216 potestatis,
1963 1131 1990 1194 si
2013 1131 2045 1194 in

424 1236 611 1300 civitatibus
635 1237 688 1300 vel
711 1234 863 1300 mercatis
888 1235 961 1299 aliis
984 1235 1209 1322 deprehensus
1233 1235 1349 1320 aliquis
1373 1235 1471 1300 fuerit
1494 1234 1664 1299 denarium
1689 1233 1834 1315 reicere,
1858 1234 1974 1299 missus
1998 1236 2044 1299 rei

424 1339 576 1425 publicae
600 1338 789 1425 provideat,
813 1344 865 1418 ut,
895 1339 922 1402 si
946 1359 1011 1403 non
1035 1339 1197 1404 invenerit
1220 1339 1310 1402 illum
1335 1339 1505 1403 denarium
1530 1358 1654 1402 merum
1678 1343 1711 1402 et
1734 1337 1819 1402 bene
1841 1344 2046 1423 pensantem,

424 1450 460 1506 ut
484 1442 647 1508 cambiare
670 1441 761 1506 illum
785 1443 942 1506 mercanti
964 1442 1086 1507 iubeat.
1132 1442 1166 1506 Si
1190 1449 1299 1506 autem
1324 1442 1412 1506 illum
1437 1442 1606 1507 denarium
1630 1441 1749 1506 bonum
1770 1442 1943 1524 invenerit,
1967 1463 2043 1507 con-

425 1547 547 1612 sideret
565 1553 706 1611 aetatem
730 1553 763 1612 et
778 1547 997 1611 infirmitatem
1023 1555 1056 1612 et
1078 1569 1191 1611 sexum
1210 1547 1360 1626 bominis,
1383 1547 1459 1632 quia
1482 1554 1515 1610 et
1529 1546 1671 1611 feminae
1689 1539 1903 1610 barcaniare⁶
1926 1547 2045 1631 solent,
2065 1570 2090 1608 ιο

425 1655 458 1712 et
481 1657 538 1713 aut
560 1649 688 1730 ictibus,
712 1659 809 1736 prout
831 1650 948 1715 viderit
971 1657 1167 1736 competere,
1191 1658 1247 1714 aut
1269 1651 1400 1715 minutis
1423 1651 1523 1734 virgis
1549 1671 1620 1714 cum
1647 1650 1771 1713 ratione
1794 1656 1828 1713 et
1850 1648 2046 1716 discretione

424 1752 532 1834 illum,
563 1754 618 1839 qui
641 1753 809 1819 denarium
834 1755 953 1819 bonnm
978 1755 1107 1828 reiecit,
1132 1755 1288 1838 castiget,
1312 1761 1472 1840 quatenus
1496 1760 1529 1818 et
1553 1753 1652 1818 ceteri
1675 1754 1825 1816 timorem
1848 1753 1991 1818 habeant
2014 1762 2048 1819 et

423 1855 519 1920 homo
544 1857 721 1923 crudeliter
743 1880 806 1922 non
829 1857 1011 1922 damnetur.
1056 1857 1099 1921 Et
1121 1859 1176 1942 qui
1198 1857 1374 1943 posthunc
1398 1863 1605 1944 praesentem
1623 1857 1764 1921 bannum
1782 1857 1934 1922 inventus
1950 1859 2047 1923 fuerit

424 1982 483 2045 pro
512 1961 568 2025 tali
602 1963 807 2049 correptione
837 1984 900 2027 non
929 1963 1120 2047 castigatus,
1150 1962 1272 2026 habeat
1300 1961 1490 2026 missus-rei
1513 1960 1663 2047 publicae
1694 1962 1727 2025 in
1750 1961 1935 2027 civitatibus
1959 1970 1992 2026 et
2015 1964 2046 2027 in

426 2064 578 2128 mercatis
602 2064 769 2130 denarium
795 2068 840 2130 sic
864 2066 1067 2144 affectatum,
1094 2073 1129 2129 ut
1155 2065 1395 2151 deprehensum
1418 2066 1451 2129 in
1474 2064 1580 2129 fronte
1609 2064 1742 2130 denario
1766 2065 1923 2130 calefacto
1948 2068 2047 2132 salvis
2066 2091 2089 2130 m

425 2169 516 2234 venis
548 2170 657 2235 taliter
685 2164 833 2258 eoquctl,
868 2179 903 2235 ut
934 2172 1005 2258 ipse
1036 2170 1133 2234 homo
1165 2179 1198 2235 et
1229 2171 1330 2235 ceteri
1365 2170 1563 2254 castigentur
1591 2175 1624 2234 et
1653 2168 1747 2233 homo
1778 2190 1841 2233 non
1872 2178 1987 2256 pereat
2015 2177 2048 2236 et

424 2272 613 2338 videntibus
651 2275 778 2358 signum
815 2275 1038 2360 castigationis
1074 2273 1236 2338 ostendat.
1292 2273 1385 2338 Missi
1423 2281 1531 2338 autern
1566 2274 1669 2337 nostri
1705 2273 1834 2338 colonos
1869 2281 1901 2338 et
1936 2295 2047 2339 servos

425 2397 588 2463 pauperes
620 2380 794 2444 cuiuslibet
820 2381 993 2465 potestatis
1027 2400 1092 2443 non
1121 2378 1256 2443 mallent
1289 2399 1349 2442 nec
1380 2377 1522 2442 bannum
1550 2376 1731 2441 Francilem
1762 2378 1889 2442 solvere
1919 2385 2047 2464 cogant,

427 2480 484 2545 sed
508 2481 685 2547 advocatus
707 2504 819 2548 corum
849 2504 912 2547 non
936 2503 1008 2548 cum
1026 2484 1136 2569 aliqua
1150 2504 1235 2548 nova
1250 2482 1492 2563 adinventione,
1516 2481 1575 2546 sed
1599 2481 1737 2566 quiade
1761 2503 1820 2546 sua
1836 2481 2047 2548 advocatione

425 2585 533 2649 coloni
562 2587 615 2650 vel
645 2587 731 2651 servi
761 2593 874 2651 contra
901 2587 1042 2652 bannum
1072 2595 1216 2651 nostrum
1248 2586 1367 2651 bonum
1399 2586 1584 2665 denarium,
1617 2585 1647 2648 id
1676 2591 1726 2649 est
1755 2607 1879 2651 merum
1909 2594 1941 2651 et
1964 2588 2048 2652 bene
2066 2610 2092 2650 ao

424 2696 635 2773 pensantem,
664 2690 855 2766 reiecerint,
885 2692 970 2755 sicut
1000 2692 1055 2755 lex
1079 2697 1142 2771 est,
1166 2692 1326 2755 malletur.
1371 2689 1415 2754 Et
1437 2688 1659 2775 unnsquisque
1682 2687 1857 2753 advocatus
1881 2701 1957 2776 pro·
1980 2713 2048 2756 om-

424 2791 521 2856 nibus
553 2792 592 2857 ds
623 2815 682 2858 sua
704 2793 932 2874 advocatione,
963 2796 990 2858 si
1019 2814 1078 2858 suo
1102 2800 1307 2858 sacramento
1336 2814 1391 2857 eos
1414 2793 1629 2879 inculpabiles
1657 2791 1698 2856 de
1722 2792 1782 2856 hoc
1806 2791 1913 2858 banno
1937 2801 2048 2858 nostro

424 2894 561 2961 reddere
585 2918 648 2962 non
671 2899 828 2983 potuerit,
853 2919 952 2963 unum
976 2905 1101 2962 tanturn
1125 2899 1287 2983 integrum
1311 2899 1454 2963 bannum
1479 2905 1653 2983 componat
1674 2897 1708 2960 in
1732 2897 1969 2978 convenientia,
1994 2898 2048 2962 utb

426 3020 498 3063 cum
521 3001 798 3081 ministerialibus,
822 3001 862 3066 de
887 3012 965 3067 sua⁰
988 3002 1201 3067 advocatione
1224 3023 1305 3088 quos
1321 3002 1481 3066 invenerit
1497 3008 1610 3066 contra
1634 3000 1720 3066 hunc
1743 3003 1886 3067 bannum
1903 3009 2047 3068 nostrum

425 3104 556 3184 iecisse,
581 3105 664 3168 siout
687 3126 786 3190 supra
809 3105 968 3184 diximus,
992 3127 1064 3170 cum
1087 3105 1276 3170 necessarie
1299 3112 1332 3170 et
1355 3105 1522 3171 moderata
1543 3104 1739 3171 discretione
1763 3107 1910 3192 castiget.
1955 3105 1999 3171 Et
2022 3107 2049 3170 si
2068 3129 2093 3169 aa

425 3228 525 3272 causa
553 3205 720 3292 exegerit,
754 3214 789 3272 ut
812 3208 990 3273 advocatus
1020 3208 1061 3273 de
1091 3230 1156 3273 uno
1187 3209 1255 3273 eolo
1284 3208 1400 3273 colono
1431 3209 1481 3272 vel
1511 3231 1606 3274 servo
1635 3208 1800 3290 malletur,
1835 3209 1909 3293 quia
1938 3216 2052 3274 contra

424 3312 566 3376 bannum
600 3319 747 3376 nostrum
777 3313 906 3390 lecerit,
938 3314 1103 3391 nolumus,
1141 3315 1216 3399 quia
1248 3335 1308 3378 nec
1339 3313 1395 3377 lex
1424 3321 1488 3392 est,
1517 3319 1567 3394 ut,
1598 3313 1681 3377 sicut
1710 3311 1893 3376 audivimus
1924 3314 2050 3399 aliquos

423 3415 688 3503 interprendere,
720 3416 897 3481 advocatus
921 3417 1068 3482 Francus
1093 3438 1184 3481 snam
1209 3418 1330 3502 legem,
1362 3417 1420 3481 sed
1444 3417 1552 3481 coloni
1575 3417 1627 3480 vel
1655 3417 1740 3480 servi
1763 3416 1804 3481 de
1828 3437 1887 3480 sua
1909 3416 2048 3482 advoca-

424 3519 511 3582 tione
540 3519 645 3603 legem
675 3527 861 3606 componat;
897 3520 957 3583 nisi
988 3521 1071 3584 forte
1103 3521 1173 3606 ipse
1203 3541 1277 3584 eum
1309 3522 1340 3584 in
1371 3520 1431 3584 hoc
1470 3519 1649 3600 induxerit,
1681 3521 1734 3607 qui
1763 3527 1875 3584 contra
1904 3528 2049 3586 nostrum

424 3619 538 3686 fecerit
560 3621 713 3687 bannum.
2067 3647 2093 3687 sc

532 3724 628 3789 Hanc
658 3732 767 3790 autem
798 3733 941 3791 nostram
974 3725 1014 3790 de
1040 3727 1204 3812 praesenti
1228 3734 1376 3812 tempore
1400 3726 1661 3793 constitutionem
1686 3729 1778 3792 salva
1800 3728 2050 3814 inpostmodum,

425 3834 461 3892 ut
484 3827 635 3908 diximus,
660 3849 701 3892 ex
724 3829 786 3894 hoc
803 3830 1095 3917 praedecessorum
1112 3837 1295 3895 nostrorum
1313 3831 1544 3896 constitutione
1569 3838 1602 3896 et
1625 3832 1657 3895 in
1681 3832 1802 3916 palatio
1827 3839 1938 3897 nostro
1963 3839 1996 3898 et
2018 3834 2050 3896 in

426 3932 614 3996 civitatibus
638 3938 671 3996 et
695 3935 727 3996 in
750 3934 858 3997 mallis
882 3940 979 4019 atquo
1009 3935 1042 3997 in
1070 3932 1198 4020 placitis
1231 3956 1288 3998 seu
1318 3935 1350 3997 in
1379 3935 1530 3998 mercatis
1554 3934 1670 4019 relegi,
1704 3935 1969 4020 adcognitari'et
1992 3935 2050 4000 ob·-

425 4035 549 4099 servari
571 4036 774 4104 mandamus.

528 4191 555 4258 a)
573 4211 619 4260 pro
637 4196 732 4245 omnib.
751 4214 799 4247 om.
814 4193 836 4247 l.
930 4195 957 4258 b)
977 4198 1067 4246 Cetera
1085 4196 1177 4246 desunt
1195 4193 1226 4258 2,
1246 4195 1343 4246 maianis
1360 4195 1472 4260 reliquis.
1564 4195 1589 4260 c)
1608 4196 1708 4262 In'xptic.
1727 4194 1752 4246 3.
1764 4194 1800 4258 4;,
1813 4198 1854 4247 bic
1872 4198 1943 4248 deest
1960 4157 2050 4250 lolium
2069 4213 2093 4252 ³5

424 4279 451 4329 in
468 4297 549 4345 marg.
569 4283 617 4348 cfr.
636 4282 709 4348 infra
722 4299 750 4346 p.
764 4281 824 4347 303,
844 4283 889 4334 tic.
903 4283 961 4348 2sq.

525 4433 553 4502 4)
574 4433 629 4499 (Σίν.
649 4434 724 4487 Aac.
744 4434 848 4488 Bcrtic.
868 4433 906 4487 ud
923 4451 948 4488 a.
966 4434 1030 4499 861,
1057 4433 1096 4488 cd.
1123 4434 1209 4487 Waltz
1232 4451 1261 4502 p.
1278 4434 1386 4500 Mun-r
1420 4433 1571 4501 Drtmmler,
1605 4432 1744 4499 Os'tsrc'tnt.
1764 4433 1843 4488 Βοιώ
1856 4434 1916 4503 11²,
1931 4452 1960 4503 p.
1974 4436 2050 4504 2bsq,

424 4537 451 4604 5)
471 4538 570 4606 Anscp.
587 4539 605 4591 I
606 4538 635 4606 V,
654 4555 675 4594 c.
688 4539 735 4605 30,
754 4543 814 4592 tom.
829 4539 851 4606 I,
866 4555 895 4607 p.
909 4539 968 4591 441.
1059 4539 1086 4607 6)
1104 4538 1247 4608 negotiari,
1271 4535 1398 4590 liettardo
1416 4537 1546 4603 candart,
1563 4537 1789 4606 (rauco-yoniam
1808 4538 1982 4608 torpuipssm
1999 4540 2050 4606 cfr.

425 4638 553 4710 Dsscanpc
570 4658 590 4696 s.
603 4659 626 4696 υ.
644 4642 815 4704 barcaniare·
832 4641 906 4710 Dte,
922 4641 992 4695 WB.
1009 4641 1034 4695 d.
1051 4659 1117 4698 rom.
1136 4641 1196 4711 Sps.
1210 4643 1238 4708 Ι,
1263 4657 1283 4696 s.
1302 4658 1323 4694 c.
1342 4641 1483 4712 torpupnc.
1571 4643 1597 4710 7)
1618 4641 1673 4708 σίν.
1692 4642 1756 4711 Gap.
1780 4643 1813 4698 de
1831 4623 2049 4713 mamaccas,

424 4744 524 4810 toml,
537 4761 568 4813 p.
580 4745 640 4812 ι299,
658 4761 677 4798 c.
694 4748 725 4811 5,·
744 4747 881 4812 Βηιιιιιεν,
901 4744 963 4801 BG.
978 4747 1018 4812 Π,
1032 4764 1062 4815 p.
1076 4747 1134 4802 589.
2066 4765 2093 4804 ao

1032 4941 1441 4950 ..-..--.—-..-—-‹-——-—-—-—-

705 5173 802 5280 272.
851 5171 1277 5417 OnPl'fpppn
1314 5167 1768 5279 PISTENSIA.
1887 5295 1888 5300 g

1177 5393 1188 5416 .
1216 5365 1265 5416 m.
1293 5342 1374 5415 nm.

538 5491 638 5592 Quae
671 5515 845 5591 sequuntur
872 5511 1012 5591 capitulo
1040 5511 1129 5575 nobis
1157 5509 1277 5573 tradita
1301 5511 1375 5571 sunt
1410 5506 1445 5568 in
1475 5504 1525 5570 tls
1545 5505 1651 5570 tibris:
1686 5505 1716 5591 1)
1735 5506 1832 5573 Vatia.
1856 5507 1963 5574 Putat.
1988 5514 2049 5574 582

420 5609 585 5698 fotuns.
618 5613 652 5698 2)
668 5612 776 5678 Poris.
788 5619 872 5679 9654
885 5613 1048 5699 foliot&
1084 5615 1119 5696 3)
1136 5613 1234 5678 Vatia
1250 5632 1312 5694 rep.
1329 5609 1524 5676 atrocem
1538 5610 1593 5691 fol.
1607 5615 1658 5676 35.
1694 5611 1728 5695 4)
1744 5611 1819 5675 olim
1833 5611 1942 5678 Paria.
1957 5618 2050 5692 4761,

424 5721 490 5782 tum
512 5717 695 5785 Aslrburnls.
718 5717 856 5784 Berroia
879 5723 919 5784 73
941 5718 997 5800 sol.
1017 5725 1044 5783 l.
1089 5719 1122 5806 5)
1145 5717 1232 5798 apud
1253 5713 1466 5792 Sirmondum,
1492 5712 1600 5779 Oarolc'
1626 5713 1716 5780 Calvi
1749 5715 1897 5799 Crepitulo
1921 5739 1957 5799 p.
1979 5723 2050 5784 2572
2068 5748 2094 5787 ιι
