4568 6420
679 507 893 562 HINOMARUS
912 509 958 563 DE
980 509 1117 565 ORDINE
1133 511 1283 566 PALATII
1306 529 1328 566 c.
1342 513 1461 567 34-36.
1816 520 1877 581 529

256 679 449 743 auctoritate
473 681 562 762 regia
585 701 645 765 per
667 680 877 746 denominata
899 689 932 745 et
955 681 1103 748 ordinata
1126 685 1279 770 capitula,
1307 707 1391 771 quae
1415 686 1465 748 vel
1489 685 1531 749 ab
1563 687 1634 770 ipso
1657 707 1716 772 per
1738 687 1878 773 inspira-

257 781 379 847 tionem
395 781 458 844 Dei
482 783 614 846 inventa
629 783 683 848 vel
706 782 848 869 undique
874 785 936 849 sibi
959 785 1108 850 nuntiata
1129 792 1202 871 post
1218 808 1331 851 eorum
1354 788 1542 852 abscessum
1566 790 1720 873 precipue
1736 789 1876 872 fuerant,

256 884 303 948 eis
326 883 368 947 ad
384 884 616 948 conferendum
633 886 686 950 vel
710 885 751 949 ad
767 885 1039 950 considerandum
1057 889 1222 972 patefacta
1239 882 1357 955 suntffi.
1393 889 1519 964 Quibus
1536 892 1697 976 susceptis
1713 892 1877 957 interdum

256 985 307 1050 die
330 1007 409 1065 uno,
439 986 601 1053 interdum
625 987 738 1066 biduo,
770 988 934 1052 interdum
959 990 1057 1053 etiam
1086 989 1192 1055 triduo
1216 992 1270 1056 vel
1302 992 1458 1076 amplius,
1490 998 1585 1078 prout
1618 1013 1727 1057 rerum
1749 995 1877 1079 pondus

217 1108 229 1147 ⁵
257 1091 451 1175 expetebat,
482 1097 617 1176 accepto
642 1111 684 1154 ex
713 1089 889 1176 praedictis
913 1089 1101 1156 domesticis
1131 1093 1243 1177 palatii
1270 1095 1378 1157 missis
1409 1094 1701 1158 intercurrentibus
1725 1117 1875 1181 quaeque

257 1193 319 1258 sibi
342 1192 537 1257 videbantur
560 1195 798 1278 interroganter
820 1214 1078 1280 responsumque
1109 1196 1314 1281 recipientes,
1347 1203 1412 1260 tam
1437 1196 1491 1261 diu
1522 1197 1567 1260 ita
1594 1197 1683 1261 nullo
1718 1203 1877 1264 extraneo

221 1339 223 1342 -
257 1297 547 1380 appropinquante,
574 1295 677 1360 donec
701 1317 753 1360 res
777 1297 925 1380 singulae
954 1297 996 1362 ad
1019 1298 1172 1363 effectum
1199 1298 1378 1384 perductae
1400 1299 1535 1384 gloriosi
1567 1300 1724 1385 principis
1748 1301 1874 1366 auditui

256 1400 290 1462 in
313 1399 412 1462 sacris
441 1400 510 1462 eius
533 1398 699 1462 obtutibus
723 1407 967 1483 exponerentur
997 1407 1030 1464 et
1052 1400 1204 1485 quicquid
1227 1400 1304 1464 data
1327 1422 1346 1465 a
1368 1400 1441 1465 Deo
1464 1403 1624 1486 sapientia
1647 1403 1717 1467 eius
1740 1404 1878 1488 eligeret

256 1520 367 1566 omnes
391 1508 616 1585 sequerentur.
654 1499 740 1565 hicce
764 1501 848 1565 sicut
871 1500 912 1565 de
935 1522 1011 1582 uno,
1034 1503 1080 1566 ita
1103 1501 1143 1567 de
1167 1501 1305 1581 duobus,
1321 1504 1374 1567 vel
1398 1509 1557 1588 quotquot
1580 1511 1702 1583 essent,
1727 1506 1877 1591 capitulis

203 1627 229 1666 ιο
257 1604 425 1689 agebatur,
451 1624 618 1689 quousque
642 1605 751 1668 omnia
773 1603 845 1667 Deo
868 1605 1045 1670 miserante
1068 1606 1156 1669 illius
1179 1606 1336 1691 temporis
1359 1606 1544 1670 necessaria
1568 1607 1801 1692 expolirentur.

365 1704 444 1792 Gap.
467 1708 518 1771 35.
556 1699 725 1770 Ιιιιθιίιιι17
753 1727 842 1786 vero,
875 1727 937 1791 quo
960 1707 1043 1772 haec
1065 1707 1100 1770 in
1131 1708 1218 1792 regis
1243 1707 1393 1772 absentia
1415 1708 1606 1792 agebantur,
1630 1709 1702 1794 ipse
1725 1713 1877 1797 princeps

256 1810 402 1894 reliquae
433 1808 631 1873 multitudini
661 1810 699 1872 in·
718 1808 932 1893 suscipiendis
955 1807 1158 1890 muneribus,
1192 1809 1372 1874 salutandis
1396 1811 1603 1895 proceribus,
1637 1813 1876 1878 confabulando

255 1912 361 1976 rarius
385 1912 476 1991 visis,
506 1910 730 1997 compatiendo
759 1909 955 1988 senioribus,
984 1911 1220 1996 congaudendo
1247 1913 1427 1977 iunioribus
1457 1920 1491 1977 et
1514 1920 1647 1979 caetera
1678 1915 1728 1979 his
1760 1917 1879 1982 similia

192 2077 195 2084 ,
255 2022 322 2081 tam
344 2017 377 2080 in
399 2015 598 2102 spiritalibus
622 2035 782 2101 quamque
804 2021 836 2078 ct
859 2015 892 2077 in
909 2014 1110 2079 secularibus
1127 2020 1305 2100 occupatus
1322 2021 1411 2088 erat;
1436 2016 1482 2079 ita
1496 2022 1615 2096 tamen,
1638 2022 1684 2096 ut,
1707 2018 1876 2103 quotiens-

205 2141 229 2179 ιι
256 2139 383 2204 cunque
407 2124 650 2203 segregatorum
666 2118 817 2182 voluutas
841 2123 940 2196 esset,
965 2115 1007 2180 ad
1030 2137 1086 2181 eos
1102 2109 1274 2196 veniretffl,
1298 2118 1449 2181 similiter
1461 2138 1599 2203 quoque,
1624 2126 1746 2201 quanto
1771 2121 1878 2206 spatio

256 2222 450 2301 voluissent,
480 2242 553 2285 cum
578 2222 625 2285 eis
650 2221 861 2295 consisteret;
893 2227 926 2284 et
949 2239 1023 2283 cum
1046 2221 1133 2284 omni
1156 2219 1391 2299 familiaritate,
1421 2221 1562 2306 qualiter
1592 2221 1722 2307 singula
1748 2229 1879 2307 reperta

255 2323 464 2406 habuissent,
495 2324 693 2402 referebant,
718 2327 904 2408 quantaque
935 2327 1049 2386 mutua
1071 2321 1146 2385 hinc
1176 2330 1209 2388 et
1237 2321 1313 2386 inda
1336 2322 1548 2388 altercatione
1572 2323 1624 2386 vel
1656 2323 1877 2410 disputatione

256 2449 315 2514 seu
338 2427 443 2492 amica
471 2426 679 2492 contentione
708 2425 947 2502 decertassent,
978 2424 1123 2509 apertius
1155 2424 1346 2488 recitabant.
1399 2417 1499 2488 Scd¹⁹
1525 2447 1587 2490 nec
1620 2425 1699 2490 illud
1731 2433 1877 2511 praeter-

256 2529 463 2611 mittendum,
495 2527 669 2615 quomodo,
694 2529 721 2592 si
745 2533 873 2615 tempus
898 2548 1050 2592 serenum
1069 2533 1153 2606 erat,
1184 2533 1293 2606 extra,
1325 2529 1375 2592 sin
1399 2534 1519 2609 autem,
1542 2530 1628 2593 intra
1655 2528 1784 2594 diversa
1806 2530 1879 2595 loca

204 2653 229 2693 ao
259 2632 411 2698 distincta
446 2640 551 2711 erant,
585 2633 641 2697 ubi
676 2638 709 2696 et
742 2632 776 2695 hi
810 2632 1015 2696 abundanter
1049 2631 1214 2716 segregati
1250 2631 1401 2696 semotim
1431 2636 1465 2695 et
1499 2637 1632 2697 caetera
1667 2624 1879 2698 multitudo²⁰

258 2737 434 2822 separatim
466 2734 612 2801 residere
647 2735 847 2820 potuissent,
883 2735 972 2820 prius
1004 2740 1113 2798 tamen
1149 2739 1280 2798 ceterae
1315 2733 1487 2799 inferiores
1520 2753 1681 2820 personae
1717 2735 1877 2801 interesse

257 2841 387 2905 minime
411 2841 602 2926 potuissent.
642 2837 734 2912 Quae
757 2844 894 2923 utraque
918 2846 1027 2902 tamen
1050 2837 1215 2901 seniorum
1238 2837 1470 2922 susceptacula
1492 2837 1539 2900 sic
1562 2837 1596 2901 in
1619 2836 1745 2901 duobus
1770 2837 1878 2904 divisa

257 2949 360 3022 erant,
376 2950 412 3006 ut
428 2945 532 3028 primo
548 2963 659 3006 omnes
681 2943 837 3027 episcopi,
862 2942 1000 3007 abbates
1017 2935 1069 3004 vel
1093 2940 1275 3005 huiusmodi
1301 2940 1604 3005 honorificentiores
1621 2941 1730 3005 clerici
1755 2941 1878 3026 absque

170 3041 172 3046 ’
254 3047 321 3111 ulla
343 3046 498 3109 laicorum
521 3045 751 3108 commixtione
776 3048 1071 3128 congregarentur;
1095 3043 1243 3106 similiter
1266 3044 1402 3107 comites
1425 3042 1479 3107 vel
1502 3042 1693 3107 huiusmodi
1715 3044 1877 3130 principes

203 3159 229 3200 ²³
255 3149 385 3214 sibimet
407 3147 695 3211 honorificabiliter
718 3168 738 3211 a
761 3152 892 3211 caetera
915 3145 1121 3210 multitudine
1152 3147 1256 3231 primo
1283 3167 1379 3211 mane
1409 3152 1674 3230 segregarentur,
1709 3167 1878 3232 quousque

255 3259 394 3338 tempus,
417 3252 485 3314 sive
503 3256 677 3336 praesente
695 3250 764 3313 sive
781 3249 918 3314 absente
942 3269 1031 3333 rege,
1047 3254 1272 3322 occurreret&
1298 3255 1331 3313 et
1346 3254 1423 3311 tunc
1440 3249 1598 3332 praedicti
1623 3250 1770 3314 seniores
1788 3270 1878 3314 more

256 3356 351 3420 solito
380 3355 490 3418 clerici
518 3353 558 3417 ad
587 3374 694 3432 suam,
725 3353 799 3417 laici
829 3373 905 3416 vero
940 3350 981 3415 ad
1013 3372 1104 3415 suam
1136 3352 1347 3415 constitutam
1378 3351 1501 3414 curiam
1534 3350 1698 3415 subselliis
1727 3351 1877 3416 similiter

254 3457 542 3521 honorificabiliter
570 3456 775 3541 praeparatis
803 3461 1070 3519 convocarentur.
1116 3452 1278 3527 Quicum
1306 3453 1448 3537 separati
1480 3453 1661 3517 acaeteris
1692 3459 1812 3534 essent,
1844 3456 1877 3518 in

254 3580 364 3624 eorum
388 3561 541 3624 manahat
563 3564 741 3643 potestate,
764 3557 893 3642 quando
925 3557 1022 3621 simul
1044 3558 1107 3621 vel
1128 3556 1257 3641 quando
1288 3555 1430 3642 separati
1462 3554 1664 3638 residerent,
1694 3563 1790 3642 prout
1821 3577 1877 3621 eos

202 3681 228 3720 ιο
254 3661 440 3727 tractandae
465 3683 584 3725 causae
598 3660 738 3745 qualitas
754 3660 904 3740 docebat,
929 3660 997 3724 sive
1013 3659 1054 3724 de
1079 3658 1289 3744 spiritalibus,
1313 3659 1381 3722 sive
1398 3657 1438 3721 de
1463 3658 1685 3724 saecularibus
1703 3680 1762 3724 seu
1779 3661 1877 3724 etiam

255 3766 449 3831 commixtis.
484 3755 683 3840 Similiter²¹,
707 3762 734 3827 si
751 3769 885 3848 propter
901 3761 1080 3847 quamlibet
1102 3760 1281 3826 noscendi¹
1305 3761 1358 3825 vel
1375 3760 1594 3844 investigandi
1611 3782 1745 3826 causam
1761 3782 1877 3846 quem-

256 3888 383 3952 cunque
399 3886 579 3930 convocare
596 3865 788 3944 voluissent,
812 3870 844 3928 et
867 3885 901 3928 re
925 3870 1092 3950 comperta
1108 3863 1301 3942 discederet,
1324 3863 1357 3927 iu
1381 3882 1493 3926 eorum
1518 3863 1686 3929 voluntate
1710 3865 1876 3930 manebat.

254 3970 349 4036 Haec
372 3970 501 4034 interim
525 3968 564 4031 ds
588 3968 649 4048 his,
673 3989 757 4052 quae
782 3969 830 4032 eis
855 3989 875 4030 a
897 3988 977 4053 rege
1001 3966 1044 4031 ad
1066 3965 1272 4031 tractandum
1295 3965 1573 4052 proponebantur.

362 4071 442 4157 (lap.
466 4073 517 4139 36.
564 4063 754 4135 Secunda1⁷
784 4077 893 4135 autem
917 4071 1000 4135 ratio
1024 4071 1111 4155 regis
1142 4077 1212 4135 erat
1235 4067 1456 4152 interrogatio,
1486 4068 1562 4152 quid
1585 4069 1810 4154 unusquisque
1833 4089 1877 4133 ex

202 4191 226 4232 ³⁵
253 4179 310 4242 illa
332 4182 425 4262 parte
449 4175 553 4259 regni,
582 4195 647 4259 qua
669 4172 833 4252 veniebat,
858 4173 1012 4258 dignumr
1035 4174 1141 4238 relatu
1163 4172 1216 4236 vel
1240 4175 1418 4236 retractatu
1441 4190 1554 4234 secum
1578 4171 1720 4252 afferret,
1744 4173 1821 4256 quia
1843 4179 1877 4238 et

253 4281 314 4344 hoc
337 4279 385 4342 eis
410 4298 475 4342 non
499 4277 602 4340 solum
632 4277 839 4361 permissum,
862 4277 1103 4340 verumetiam
1135 4275 1254 4337 arctius
1285 4273 1492 4337 commissum
1516 4279 1603 4353 erat,
1632 4279 1668 4337 ut
1691 4274 1753 4339 hoc
1777 4295 1876 4340 unus·

253 4384 390 4469 quisque
415 4379 668 4458 studiosissime,
691 4398 793 4462 usque
817 4377 894 4442 dum
917 4382 1150 4468 reverteretur,
1181 4382 1247 4439 tam
1271 4375 1369 4455 infra,
1400 4395 1498 4460 quam
1523 4381 1618 4439 extra
1640 4397 1778 4461 regnum
1801 4399 1875 4463 per-

253 4485 410 4571 quireret,
444 4480 572 4566 siquid
602 4481 667 4544 tale
697 4501 761 4544 non
791 4480 895 4544 solum
926 4501 946 4544 a
976 4479 1114 4566 propriis
1138 4478 1190 4542 vel
1220 4478 1402 4557 extraneis,
1434 4479 1687 4559 verumetiam,
1720 4481 1804 4544 sicut
1833 4482 1874 4545 ab

253 4587 375 4665 amicis,
397 4586 442 4649 ita
465 4591 498 4648 et
517 4584 557 4648 ab
575 4584 714 4647 inimicis
736 4583 960 4667 investigaret,
983 4583 1170 4646 intermissa
1193 4583 1323 4646 interim
1346 4601 1407 4645 nec
1431 4601 1640 4666 magnopere,
1663 4583 1749 4647 unde
1766 4584 1876 4664 sciret,

201 4713 226 4752 ro
253 4689 450 4772 investigata
472 4707 626 4773 persona:
651 4687 678 4750 si
700 4688 839 4771 populns
861 4687 895 4749 in
917 4684 1062 4770 qualibet
1084 4687 1177 4770 regni
1200 4691 1303 4772 parte,
1327 4684 1463 4768 regione
1486 4704 1546 4748 seu
1567 4684 1689 4768 angula
1712 4685 1875 4766 turbatus,

253 4813 336 4877 quae
361 4812 461 4856 causa
483 4789 676 4854 turbationis
701 4795 799 4868 esset,
824 4789 851 4852 si
873 4809 1018 4852 murmur
1041 4788 1151 4873 populi
1174 4787 1379 4871 obstreperet
1395 4787 1448 4850 vel
1472 4787 1537 4850 tals
1562 4785 1685 4872 aliquid
1701 4787 1873 4872 inaequale

252 4899 433 4973 resonaret,
456 4892 543 4957 unde
567 4893 722 4976 gencrale
747 4891 917 4955 consilium
940 4897 1079 4954 tractare
1104 4888 1228 4975 aliquid
1249 4889 1470 4953 necessarium
1494 4895 1593 4969 esset,
1617 4893 1650 4952 et
1673 4896 1803 4955 caetera
1825 4890 1876 4954 his

253 4996 386 5070 similia;
409 4999 504 5058 extra
520 5015 609 5072 vero,
632 4994 660 5057 si
683 4994 792 5078 aliqua
814 5013 895 5079 gens
919 4992 1050 5058 subdita
1071 4981 1232 5058 rebellare
1248 4993 1302 5056 vel
1325 4992 1486 5057 rebellata
1509 4991 1659 5072 subdere,
1686 4994 1714 5057 si
1736 4992 1876 5059 necdum

251 5105 340 5163 taeta
361 5097 496 5162 insidias
519 5097 612 5180 regni
627 5095 733 5159 moliri
749 5096 801 5159 vel
824 5096 890 5160 tale
913 5095 1037 5180 aliquid
1060 5095 1135 5160 oriri
1158 5095 1324 5159 voluisset.
1363 5094 1402 5158 In
1425 5095 1475 5158 his
1491 5114 1570 5159 vero
1596 5095 1748 5160 omnibus
1773 5117 1874 5182 quae·

199 5224 224 5264 a
252 5221 389 5285 cumque
406 5198 540 5264 cuilibet
561 5199 707 5284 periculo
731 5199 947 5278 imminerent,
973 5198 1055 5262 illud
1076 5200 1252 5285 praecipue
1268 5197 1497 5282 quaerebatur,
1521 5199 1612 5262 cuius
1636 5199 1683 5262 rei
1701 5200 1872 5265 occasione

250 5304 330 5368 talia
353 5304 405 5368 vel
429 5303 509 5367 talia
532 5303 704 5367 orirentur.

353 5441 388 5508 w)
407 5443 444 5493 ita
456 5459 524 5493 corr.
537 5441 622 5502 Pron,-
640 5448 803 5493 occurrersut
815 5440 878 5492 Bar.
949 5439 977 5503 ιι)
994 5441 1030 5492 cic
1048 5441 1152 5492 contrat
1167 5440 1246 5491 Woitc
1259 5441 1275 5490 t
1289 5455 1324 5504 c.;
1340 5439 1456 5491 discendi
1470 5437 1581 5504 Garqler
1594 5438 1611 5491 l.
1621 5455 1643 5490 c.
1651 5456 1681 5504 p.
1692 5435 1751 5502 704,
1764 5446 1816 5488 aot.
1825 5436 1876 5503 855

249 5529 370 5580 vescendi
391 5527 461 5591 Bua,
479 5526 558 5578 Proa.
648 5527 675 5594 y)
693 5530 729 5577 ito
747 5544 815 5578 corr.
835 5525 928 5587 Sirra,
945 5527 1025 5593 digna
1042 5525 1104 5576 Bru.

354 5663 397 5732 ιι)
417 5661 474 5728 aar.
487 5661 563 5716 nou
580 5662 597 5716 ι.
613 5677 633 5715 c.
648 5679 678 5730 ρ.
691 5661 733 5728 ea,
750 5666 803 5714 noc.
815 5661 838 5714 1.
936 5659 979 5726 ιι)
1000 5657 1056 5724 cfr.
1076 5658 1166 5713 naas
1184 5660 1200 5712 ι.
1218 5675 1240 5714 0.
1261 5659 1335 5727 ιιι),
1357 5659 1490 5727 passa.
1589 5657 1631 5723 rs)
1651 5655 1723 5712 raa.
1737 5672 1766 5724 p.
1779 5657 1874 5723 ossa.

198 5788 223 5828 a
250 5766 294 5832 ιιι)
313 5765 386 5821 nra.
400 5784 430 5834 p.
443 5766 554 5834 masc,-
572 5765 704 5819 arcam
720 5765 737 5819 ι,
755 5779 776 5818 ι.
795 5763 834 5833 ιι,
849 5781 879 5833 p.
893 5764 951 5818 raa.
1029 5764 1073 5829 aa)
1094 5761 1150 5829 cfr.
1168 5778 1190 5817 c.
1202 5764 1245 5818 es.
1327 5762 1373 5827 ar)
1393 5760 1482 5814 aaa
1499 5760 1515 5816 ι.
1530 5776 1552 5816 e.
1570 5759 1649 5828 ιιι)
1662 5777 1692 5827 ρ.
1705 5761 1764 5827 aaa,
1783 5762 1836 5812 aa
1850 5759 1876 5813 a.
