4568 6434
355 440 623 497 ADDI'I'AIIEN'I'A
642 440 691 494 tn
708 439 956 496 cuntramnus
975 440 1104 514 RERUM
1124 441 1309 498 enthelen
1329 440 1558 498 ORIENTALIS.
1575 469 1609 481 -·
1626 440 1676 497 Nr.
1688 440 1748 498 252.
1800 444 1863 508 237

239 617 315 702 quia
338 637 397 703 pro
420 623 488 681 tam
511 616 634 682 inlicito
658 637 769 681 amore
794 616 848 680 alii
871 633 1014 698 veneno,
1043 617 1098 682 alii
1127 618 1237 704 gladio
1261 618 1313 682 vel
1342 619 1414 684 aliis
1441 617 1580 683 diversis
1605 623 1681 683 sunt
1702 615 1864 704 perempti
1881 621 1941 679 895.

239 720 421 784 maleficiis.
467 719 594 784 Idcirco
613 719 811 784 'acutissimo
842 720 928 784 ferro
957 727 990 784 et
1020 721 1119 786 totius
1148 723 1280 806 generis
1303 722 1439 787 artificio
1464 728 1559 788 snnt⁰
1581 719 1778 801 resecanda,
1807 741 1866 807 per

242 844 326 909 quae
350 824 508 888 caelestia
531 843 635 906 regna
658 829 733 886 sunt
756 822 979 896 obcludenda;
1005 816 1215 909 ‘quoniam²’,
1239 831 1275 889 ut
1299 826 1386 890 idem
1411 825 1579 913 apostolus
1602 825 1663 904 ait,
1694 825 1759 910 ‘qui
1785 825 1865 888 talia

242 935 357 1013 agunt,
388 949 524 1014 regnum
549 926 614 992 Dei
641 948 706 992 non
740 925 1001 1013 consequentur’.
1037 928 1128 994 ¹Tale
1157 930 1259 1016 igitur
1286 931 1461 995 conubium
1489 930 1802 997 anathematizamus
1832 934 1866 992 et

208 1032 426 1097 schristianis
462 1031 613 1095 omnibus
642 1029 867 1096 obseramusd.
917 1029 990 1095 Non
1014 1031 1091 1096 licet
1118 1054 1196 1120 ergo
1226 1055 1287 1100 nec
1318 1033 1515 1099 christianae
1547 1033 1698 1118 religioni
1727 1036 1864 1119 oportet,

239 1137 384 1201 utullus
408 1157 447 1200 ea
468 1140 580 1200 utetur
602 1137 634 1200 in
660 1136 875 1216 matrimonio,
900 1158 972 1201 cum
997 1159 1062 1224 qua
1085 1139 1175 1224 prius
1198 1140 1341 1226 pollutus
1366 1145 1417 1202 est
1439 1137 1608 1203 adulterio.

350 1273 522 1361 capati.
560 1272 617 1338 De
641 1293 697 1353 eo,
722 1274 753 1337 si
769 1272 1029 1358 quisduxerit
1419 1272 1528 1361 (dia.)

239 1399 400 1444 uxorem
434 1384 473 1443 et
499 1376 760 1443 concumbere
788 1399 861 1442 non
891 1379 1026 1443 valens
1123 1379 1203 1444 Vir·
1226 1381 1254 1443 si
1277 1379 1408 1444 duxerit
1430 1400 1567 1444 uxorem
1591 1384 1625 1443 et
1647 1378 1865 1442 concumbere

241 1504 327 1548 cum
352 1503 397 1546 ea
418 1482 552 1547 frater
578 1483 666 1546 eius
690 1482 789 1546 clam
810 1482 1027 1547 violaverit
1080 1501 1153 1544 cum
1184 1503 1224 1546 ea
1253 1505 1316 1548 non
1344 1483 1457 1549 valens
1487 1482 1588 1547 frater
1617 1483 1688 1548 eius
1717 1481 1864 1546 clanculo

197 1610 222 1649 ro
240 1588 358 1652 illam.
394 1577 534 1673 Si3quis
552 1586 731 1671 legitimam
748 1587 879 1652 duxerit
890 1607 1026 1651 uxorem
1080 1585 1174 1650 eamb
1210 1589 1374 1654 vitiaverit
1408 1600 1443 1653 et
1476 1587 1642 1672 gravidam
1675 1584 1864 1667 reddiderit,

241 1699 275 1758 et
304 1690 494 1778 inpediente
525 1690 739 1776 quacunqueb
769 1691 950 1756 domestica
978 1692 1025 1754 in·
1080 1699 1283 1777 separentur.
1333 1691 1550 1757 Considerata
1579 1698 1688 1756 autem
1717 1689 1862 1755 imbecil-

240 1796 390 1860 firmitate
407 1796 558 1859 uxorium
575 1816 655 1880 opus
672 1804 755 1860 non⁰
771 1794 883 1860 valens
900 1795 1025 1880 inplere
1079 1796 1171 1861 litate
1214 1796 1436 1862 misericordia
1476 1796 1524 1860 eis
1562 1794 1784 1881 Impertiatur⁶
1823 1793 1863 1859 ad

241 1898 334 1964 cumd
357 1899 428 1976 illa,
458 1898 559 1963 irater
581 1899 750 1964 veracius
774 1897 933 1964 suadente
956 1898 1024 1962 die·
1079 1901 1264 1985 coniugium
1289 1909 1413 1965 tantum
1436 1902 1468 1966 in
1491 1900 1644 1966 Domino.

240 2004 314 2068 bolo
346 2003 517 2068 adamatus
551 2000 592 2066 ab
627 2002 699 2086 ipsa
734 2002 916 2066 clanculum
952 2023 1025 2068 eam

197 2130 222 2170 rs
240 2108 479 2173 humiliaverit⁰
502 2113 535 2170 ct
557 2105 712 2170 violatam
735 2104 930 2186 reddiderit,
954 2127 1023 2170 om-

239 2211 370 2277 nimodo
395 2217 603 2297 separentur,
629 2216 662 2274 ct
684 2232 703 2273 a
725 2216 841 2274 neutro
864 2209 1021 2275 ulteriusr
1049 2211 1164 2276 eadem
1197 2213 1311 2278 mulier
1342 2214 1579 2298 contingatur&
1624 2210 1730 2297 Igitur
1753 2211 1862 2274 coniu-

239 2318 339 2402 gium,
363 2315 448 2401 quod
473 2321 544 2380 erat
566 2315 762 2399 legitimum,
785 2313 928 2379 fraterna
951 2317 1240 2382 commaculatione
1264 2324 1316 2383 est
1338 2318 1508 2404 pollutum,
1532 2325 1566 2381 et
1589 2315 1674 2401 quod
1698 2321 1769 2381 erat
1792 2315 1862 2378 lici·

239 2428 319 2501 tum,
342 2420 500 2484 inlicitum
526 2417 730 2498 estfactum,
753 2417 811 2483 ntl
830 2418 1042 2484 Hieronimus
1067 2422 1127 2486 ait:
1162 2420 1291 2486 ‘Mulier
1314 2421 1451 2486 duorum
1467 2421 1602 2486 fratrum
1627 2441 1691 2484 non
1708 2419 1864 2483 ascendat

239 2526 385 2598 thorum;
410 2525 437 2588 si
460 2531 569 2588 sutem
599 2524 763 2602 ascendit,
795 2523 992 2589 adulterium
1016 2524 1255 2612 perpetrabit¹’.
1307 2525 1411 2601 Quia*
1433 2547 1510 2590 vero
1533 2524 1675 2588 humana
1704 2523 1862 2608 fragilitas

195 2661 221 2701 ω
239 2629 393 2717 proclivis
422 2634 473 2692 est
500 2627 540 2691 ad
571 2626 763 2707 labendum,
796 2627 904 2713 aliquo
933 2629 1030 2693 modo
1061 2631 1227 2694 muniatur
1249 2629 1289 2694 ad
1314 2626 1495 2694 standum¹¹.
1540 2627 1666 2691 idcirco
1690 2628 1864 2713 episcopus

240 2732 445 2798 considerata
475 2731 594 2795 mentis
626 2751 733 2796 corum
765 2730 978 2796 inbecillitate
1009 2738 1084 2818 post
1113 2734 1347 2819 poenitentiam
1379 2754 1438 2798 sua
1460 2731 1663 2796 institutione
1686 2736 1863 2816 peractam,

239 2838 266 2901 si
289 2856 323 2900 se
347 2835 513 2900 continere
537 2855 600 2899 non
624 2835 766 2921 possint,
796 2836 941 2920 legitimo
964 2835 1165 2902 consoletur¹
1188 2837 1407 2918 matrimonio,
1438 2857 1496 2917 ne,
1527 2835 1604 2899 dum
1629 2840 1800 2920 sperantur
1822 2832 1862 2897 ad

239 2940 307 3005 alta
329 2939 506 3017 sublevari,
531 2938 738 3003 corruentia
761 2959 909 3005 coenum.
1660 2963 1661 2966 ¹

1368 2077 1570 2086 —.--—-—-

350 3075 510 3163 Capti.
547 3075 892 3161 Siquisdeunoin
910 3077 1025 3143 alium
1416 3075 1524 3162 (dia.)

196 3181 515 3266 retransmigrat
551 3181 834 3266 episcopatum
869 3185 908 3244 et
937 3200 1026 3244 con·
1122 3179 1175 3245 Si⁸
1199 3184 1271 3267 quis
1303 3181 1343 3247 de
1373 3201 1436 3246 uno
1467 3201 1552 3266 pago
1576 3179 1630 3245 etb
1654 3179 1863 3266 episcopatu⁰

241 3287 497 3370 sanguineam
527 3306 630 3348 suam
654 3284 849 3370 polluerit
873 3284 935 3347 vel
958 3283 1024 3346 ali·
1078 3287 1111 3349 in
1134 3285 1231 3350 aliurn
1255 3307 1375 3371 pagum
1410 3285 1463 3348 etb
1493 3285 1739 3370 episcopatum(²
1762 3283 1862 3348 adse-

241 3389 340 3475 quod
366 3390 512 3455 crimen
537 3388 801 3453 commiserit.
846 3385 879 3450 Si
896 3388 968 3472 quis
985 3386 1025 3452 de
1079 3390 1172 3453 niens
1208 3388 1329 3453 filiam‘¹
1361 3388 1481 3454 sororis
1515 3409 1592 3452 suae
1623 3387 1693 3452 vel⁶
1729 3385 1865 3452 amitae¹

240 3514 305 3557 uno
328 3493 360 3556 in
385 3494 484 3558 alium
509 3494 639 3556 omnino
664 3491 874 3575 transmigrat
896 3493 1026 3577 episco-
1079 3493 1233 3579 polluerit
1261 3494 1336 3558 vel⁸
1364 3491 1608 3578 aliudaliquod
1640 3492 1747 3557 scelus
1776 3511 1863 3554 com-

240 3603 368 3682 pstum,
401 3604 434 3661 et
456 3597 501 3675 si,
529 3595 614 3681 quod
638 3595 738 3672 absit,
763 3594 930 3680 contingat
952 3617 1026 3660 eum
1080 3598 1241 3674 miseritss,
1285 3603 1481 3683 potestatem
1524 3595 1645 3660 habeat
1681 3596 1864 3682 episcopus,

196 3728 223 3766 oo
240 3700 338 3765 liliam
363 3702 481 3764 sororis
498 3721 588 3779 suae,
612 3699 731 3762 amitae
747 3707 805 3762 aut
819 3707 1025 3780 materterae,
1079 3699 1193 3765 cuius¹¹
1216 3700 1272 3763 illc
1296 3700 1487 3787 parroechia
1510 3707 1575 3778 est,
1606 3697 1865 3784 delinquentem¹

240 3805 391 3869 avunculi
416 3804 468 3869 vel
500 3807 605 3890 patrui
637 3803 784 3888 polluere
816 3810 873 3867 aut
896 3804 1025 3890 aliquod
1079 3805 1253 3870 cohercere
1276 3804 1316 3868 ad
1340 3803 1584 3890 poenitentiam.

241 3908 364 3972 crimen
388 3910 609 3986 committere,
644 3898 852 3993 episcopus4,
877 3908 909 3971 in
933 3911 1025 3973 cuius

343 4097 385 4152 40.
421 4099 445 4162 s)
463 4117 511 4151 oca
530 4099 554 4152 5.

342 4203 384 4255 41.
419 4203 505 4268 a)1›e
523 4221 561 4269 eo,
581 4205 604 4255 si
621 4206 700 4255 irater
718 4206 805 4256 iratrIs
823 4222 929 4256 uxorem
951 4207 1095 4258 violaverit.
1131 4206 1246 4258 Concilio
1258 4206 1383 4258 Toletano
1401 4207 1440 4258 tit
1452 4207 1496 4258 VI.
1514 4205 1586 4256 mbr.
1602 4205 1632 4256 in
1651 4203 1759 4264 Salish.,·
1776 4203 1867 4254 Hiero·

197 4311 222 4349 aa
240 4291 302 4344 nimi
321 4291 547 4357 presbytcrirahr.
561 4291 588 4340 irc
601 4290 704 4342 Morare.
721 4289 813 4343 14628.
901 4291 927 4354 1))
946 4293 1034 4357 aliqua
1045 4293 1138 4342 infirm.
1151 4291 1256 4343 Marsae.
1344 4297 1368 4354 c)
1387 4309 1446 4344 cum
1459 4307 1552 4344 canon
1566 4289 1682 4342 valetid.
1769 4288 1868 4352 dicum

239 4377 285 4428 illa
302 4395 350 4428 om.
368 4376 403 4428 id.
487 4373 512 4442 c)
531 4377 725 4441 violaveritis,
744 4395 792 4428 om.
810 4385 836 4428 et
919 4379 1064 4430 reddiderit.
1149 4378 1285 4444 Oillorum
1297 4377 1333 4431 id.
1413 4375 1442 4446 g)
1454 4379 1564 4430 ulterius
1575 4377 1726 4444 attingatur.
1756 4376 1820 4426 Nam
1833 4375 1868 4426 id.

241 4462 267 4526 h)
286 4470 344 4530 post
361 4463 463 4514 illorum
481 4471 569 4514 tamen
586 4465 783 4530 paenitentiam,
803 4465 825 4516 ri
843 4481 895 4515 non
913 4463 1000 4516 valent
1017 4481 1045 4516 sc
1063 4465 1203 4530 continere,
1221 4465 1339 4526 nubant„
1357 4481 1406 4514 om.
1423 4463 1491 4529 rell,
1509 4463 1546 4514 ici.
1631 4461 1650 4528 i)
1669 4461 1826 4530 perpetrarit
1843 4456 1870 4526 4,

240 4547 336 4601 sares.
421 4550 450 4612 k)
469 4550 601 4612 Quia...
620 4551 738 4601 standum
757 4567 805 4600 om.
824 4546 848 4599 4.
935 4549 955 4611 l)
975 4550 1139 4602 consolentur
1158 4549 1239 4610 1-4;
1258 4567 1326 4602 coss.
1343 4552 1488 4602 consoletur
1507 4549 1529 4601 l.

343 4653 405 4706 tta.
443 4655 498 4722 tyr.
521 4654 583 4706 Tab.
598 4654 660 4720 m,
684 4673 725 4705 nr.
740 4651 782 4704 41.
818 4655 844 4717 a)
864 4656 925 4721 Cap.
939 4655 1046 4706 XVIIII.
1066 4655 1209 4720 praemittit
1233 4653 1330 4713 Dicar.‚·
1357 4655 1421 4704 Item
1443 4654 1513 4720 apud
1535 4653 1668 4704 Triburias
1690 4667 1746 4719 cap.
1760 4652 1868 4703 XVIIII.

196 4762 222 4800 ω
239 4741 311 4792 mbr.
329 4742 356 4792 in
370 4741 422 4792 001.
429 4761 437 4802 ,·
464 4743 608 4793 Decedam
627 4759 661 4793 rc.
698 4743 737 4792 Ex
750 4742 1028 4794 corroilio'Priburicusi
1047 4742 1118 4792 rubr.
1137 4758 1179 4806 ap.
1193 4740 1263 4808 Req,
1283 4739 1389 4806 Barth,
1407 4741 1451 4806 qni
1468 4739 1554 4791 addit:
1576 4755 1631 4806 cap.
1645 4740 1691 4790 111.
1772 4736 1801 4802 b)
1819 4753 1868 4788 om.

241 4825 333 4891 Dicta,
352 4826 414 4893 Req.
504 4827 530 4891 c)
549 4829 709 4896 impertietur
726 4827 825 4889 Dicta,⁸
842 4829 1000 4896 iniungatur.
1021 4829 1074 4880 001.

343 4927 405 4981 42⁸„
443 4930 498 4997 Osr.
523 4930 583 4982 Tac.
597 4932 656 4995 III,
675 4931 771 4983 cr.42.
807 4932 833 4996 a)
853 4933 916 4983 Item
935 4932 1004 4999 apud
1021 4932 1154 4982 Triburias
1173 4947 1227 4997 cap.
1243 4931 1352 4982 XXIIII.
1377 4929 1448 4982 rubr.
1472 4931 1500 4980 irs
1520 4930 1587 4990 Gol.,·
1613 4931 1653 4980 Ex
1675 4928 1782 4981 concilio
1800 4927 1869 4994 apud

240 5017 365 5068 Triburas
389 5019 548 5084 temporibus
577 5019 678 5069 Amulli
702 5019 771 5084 regis
797 5019 884 5068 XXVI
908 5019 1084 5086 episcoporum
1108 5035 1162 5085 cap.
1180 5018 1290 5068 XXIIII.
1314 5017 1386 5067 rtrhr.
1409 5017 1437 5067 irs
1462 5015 1588 5076 Helmst.,'
1620 5017 1732 5082 Require
1754 5016 1782 5067 in
1804 5015 1869 5065 libro

240 5105 351 5155 secundo
378 5103 409 5153 de
437 5105 489 5154 vita
515 5105 596 5155 sancti
623 5106 728 5156 Martini
755 5121 810 5172 cap.
826 5107 874 5156 III.
901 5106 972 5156 rubr.
1000 5105 1026 5155 in
1053 5104 1157 5156 dionae.
1177 5103 1257 5163 cath
1284 5106 1324 5155 Dc
1341 5105 1430 5156 eadem
1448 5121 1483 5155 rc.
1501 5104 1573 5154 mbr.
1591 5104 1619 5154 irc
1639 5103 1703 5154 Call.
1723 5101 1786 5153 XII
1796 5111 1869 5167 part.

196 5213 221 5251 rt
239 5191 266 5254 b)
286 5191 328 5242 vel
342 5189 445 5254 Salat,
464 5190 568 5242 Monac.
588 5189 664 5244 6245.
684 5190 760 5244 6241.
860 5193 884 5252 c)
904 5193 1043 5260 episcopio,
1063 5193 1222 5260 episcopium
1240 5191 1313 5244 codd.
1333 5190 1437 5241 Monac.
1540 5189 1566 5254 d)
1584 5189 1687 5241 incestu
1705 5205 1732 5241 se
1749 5187 1871 5256 polluerit

239 5278 292 5341 aa,
312 5275 406 5329 saera.
506 5280 530 5339 ο)
544 5279 621 5330 stum
640 5279 702 5330 aaa.
724 5280 777 5331 cor.
875 5279 898 5346 s)
917 5298 980 5332 suas
1005 5281 1068 5331 aaa
1089 5281 1153 5332 carc.
1173 5281 1211 5332 oe.
1308 5279 1396 5348 ψει
1418 5273 1867 5338 ...commisce0m001s00lt

239 5365 294 5429 cit.,·
317 5372 364 5416 aut
380 5364 451 5415 aliud
469 5365 530 5431 quid
549 5371 638 5417 contra
655 5367 777 5432 synodale
794 5367 925 5418 decretum
943 5368 1025 5435 egerit
1043 5366 1154 5418 Halmii.
1244 5364 1272 5431 h)
1290 5367 1332 5417 cui
1357 5366 1431 5417 codd.
1457 5363 1566 5416 lliouac.¹
1661 5363 1681 5429 i)
1700 5363 1868 5414 fornicantem

240 5451 303 5515 eet,
323 5452 386 5503 0011.
405 5452 460 5512 eit.;
477 5459 624 5518 peccantem
644 5451 748 5516 Satist,
766 5453 840 5504 codd.
860 5453 963 5506 Monac.

340 5620 570 5688 tractatam.
667 5623 695 5692 3)
715 5621 769 5688 Ofr.
788 5639 873 5690 capra
895 5641 924 5691 p.
938 5622 998 5690 207,
1018 5639 1039 5677 c.
1056 5627 1081 5678 5.
1177 5625 1204 5692 4)
1223 5623 1282 5691 Otr.
1305 5621 1380 5688 infru
1404 5621 1471 5689 Cap.
1494 5617 1680 5676 Karlomcsmi
1705 5617 1785 5672 Vera.
1809 5617 1870 5684 884,

196 5747 221 5788 ω
237 5741 259 5780 c.
277 5728 302 5780 6.
320 5727 360 5794 8.,·
376 5741 461 5794 cupro
475 5743 505 5797 p.
518 5727 561 5795 66,
578 5728 670 5782 nott.
