4560 6426
426 453 488 515 336
586 447 834 503 CAPITULfiltlA
852 447 979 502 llrEGUM
999 446 1183 502 unsubras
1202 443 1463 500 OCOIDEN'I'ALIS
1482 441 1630 512 (KAROLI
1644 443 1688 512 ll).
1709 472 1740 482 -
1760 441 1808 496 Nr.
1820 441 1880 496 275.

347 631 404 685 869.
425 623 479 708 qui
511 623 658 708 peccavit
686 628 718 687 et
748 621 823 687 indo
852 629 909 686 aut
943 627 1058 706 sponte
1086 620 1254 684 confessus
1286 625 1342 684 aut
1368 625 1483 705 aperte
1518 618 1685 683 convictus
1714 617 1828 697 luerit,
1866 614 2044 680 secundum

425 725 675 811 evangelicumd
698 732 926 812 praeceptum,
956 732 992 789 ut
1014 724 1055 788 ad
1079 724 1338 789 emendationem
1362 732 1395 788 et
1416 723 1647 809 poenitentiam
1670 721 1794 800 redeat,
1817 720 2043 784 commonitum

423 829 553 895 habeat.
600 828 664 903 Qui
688 834 855 915 peccator,
888 830 915 893 si
940 829 1154 894 commonitus
1186 828 1227 892 de
1256 834 1346 893 certa
1370 835 1403 893 et
1425 828 1598 892 manifesta
1621 847 1735 906 causa,
1764 831 1800 888 ut
1823 824 1864 890 ad
1888 822 2043 889 emenda-

423 935 544 998 tionem
569 938 602 997 et
625 933 878 1019 correptionem⁰
902 932 1024 1012 redeat,
1048 932 1240 998 inobediens
1265 939 1298 996 et
1321 931 1553 1016 incorrigibilis
1570 931 1786 1016 permanserit
1809 936 1843 993 et
1865 927 1906 991 ad
1930 949 2042 992 emen·

423 1037 588 1101 dationem
611 1035 717 1102 redire
747 1035 887 1102 noluerit
916 1043 949 1100 et
979 1037 1345 1101 excommunicationem
1376 1037 1565 1101 eanonicam
1595 1035 1636 1100 de
1667 1033 1774 1098 causis
1805 1031 1987 1116 designatis
2010 1036 2044 1096 ct
2075 1042 2088 1080 ⁵

423 1139 604 1205 manifestis
627 1138 881 1228 parvipenderit,
905 1140 1031 1225 regiam
1054 1141 1107 1204 vel
1130 1142 1176 1204 rci
1199 1141 1350 1227 publicae
1373 1146 1565 1226 potestatem
1590 1161 1649 1225 per
1672 1159 1707 1202 se
1723 1138 1775 1202 vel
1798 1157 1856 1223 pcr
1877 1135 2043 1201 ministros

425 1264 501 1307 suos
525 1249 581 1307 aut
604 1263 662 1329 per
684 1243 810 1308 litteras
833 1264 909 1307 suas
933 1243 1105 1329 episcopus
1130 1243 1236 1324 adeat,
1259 1250 1295 1307 ut
1319 1244 1569 1328 constringatur,
1594 1250 1755 1329 quatenus
1779 1239 1820 1305 ad
1844 1239 2042 1306 emendatio-

423 1368 499 1412 nem
522 1368 560 1410 ae
583 1345 816 1432 poenitentiam
841 1345 944 1410 isdem
968 1354 1120 1432 peccator
1143 1339 1301 1425 redeat²¹‚
1325 1369 1365 1412 ne
1382 1346 1507 1412 dicutur
1529 1346 1624 1411 nobis
1648 1344 1834 1421 aDomin0‚
1858 1341 1942 1429 quod
1966 1343 2043 1407 olim

424 1451 545 1536 populo
569 1449 673 1514 veteri
694 1448 742 1513 'ab
767 1469 805 1513 eo
835 1449 974 1534 legimus
1004 1449 1140 1514 dietum:
1169 1441 1401 1516 ‘Anatbema22
1424 1451 1456 1514 in
1485 1449 1589 1515 medio
1613 1452 1669 1516 tui.
1714 1449 1787 1514 Non
1810 1447 1932 1534 poteris
1957 1453 2043 1511 stare

425 1575 534 1618 eoram
557 1553 695 1617 inimicis
719 1549 805 1618 tuis.’
857 1551 892 1616 Si
921 1560 1030 1618 autem
1054 1553 1140 1619 idem
1163 1561 1316 1640 peccator
1338 1555 1379 1620 de
1404 1555 1576 1621 manifesta
1599 1563 1633 1621 et
1656 1555 1866 1641 comprobata
1888 1553 1942 1618 vel
1964 1573 1984 1615 a
2007 1573 2043 1616 se
2065 1573 2091 1611 ro

425 1664 540 1744 sponte
565 1657 715 1721 confessa
731 1678 830 1722 causa
853 1656 893 1722 ad
909 1658 1147 1742 poenitentiam
1163 1661 1273 1725 venire
1291 1661 1441 1736 voluerit,
1467 1658 1524 1724 sed
1541 1661 1644 1746 ipsam
1661 1657 1894 1745 poenitentiam
1912 1659 2045 1743 propter

423 1761 545 1826 faidam
574 1760 752 1825 secundum
784 1751 960 1825 canones²3
983 1763 1150 1847 suscipere
1181 1770 1214 1826 et
1245 1763 1354 1847 quiete
1383 1784 1481 1848 agere
1504 1785 1568 1828 non
1593 1762 1758 1849 potueris,
1789 1763 1962 1846 episeopus
1986 1780 2046 1844 per

425 1889 461 1931 se
485 1866 537 1930 vcl
561 1887 618 1952 per
641 1866 805 1930 ministros
833 1870 890 1929 aut
919 1886 977 1950 per
1001 1866 1125 1931 litteras
1156 1887 1231 1932 suas
1262 1868 1385 1951 regiam
1418 1873 1561 1931 nostram
1586 1867 1637 1930 vel
1665 1867 1710 1930 rei
1737 1865 1886 1951 publicae
1915 1869 2045 1928 nostrae

426 1975 622 2056 potestatem
645 1969 754 2048 adeat,
778 1976 814 2032 ut
836 1971 908 2055 ipsa
930 1969 1019 2033 faida
1042 1971 1220 2035 secundum
1244 1972 1510 2036 constitutionem
1535 1973 1588 2036 avi
1612 1979 1644 2036 et
1667 1972 1768 2056 patris
1791 1959 1928 2033 ηοεῐτί24
1952 1969 2056 2052 lega-'

427 2074 500 2138 liter
522 2074 711 2159 pacificetur
734 2080 789 2137 sut
819 2074 912 2138 iuxta
935 2073 1041 2157 leges,
1071 2073 1249 2139 secundum
1281 2096 1361 2159 quas
1391 2076 1422 2140 in
1450 2077 1522 2140 aliis
1551 2075 1740 2162 regionibus
1764 2073 1900 2159 quilibet
1922 2073 2043 2151 vivunt,
2065 2094 2090 2132 rs

426 2176 566 2242 sedetur.
616 2174 660 2240 Et
690 2183 766 2240 tune
798 2184 951 2262 peccator
980 2176 1175 2241 medicinam
1205 2179 1426 2264 poenitentias
1455 2178 1634 2244 secundum
1666 2199 1775 2243 sacros
1804 2197 1947 2241 canones
1972 2195 2045 2238 cum

424 2281 478 2367 pia
501 2288 534 2345 et
563 2279 683 2344 salubri
713 2279 909 2344 discretione
938 2280 1116 2344 secundum
1147 2282 1277 2366 regulas
1308 2303 1417 2346 sacras
1451 2283 1609 2369 suscipiat
1640 2289 1673 2347 et
1702 2288 1838 2368 peragat
1868 2287 1902 2345 et
1932 2299 2046 2344 recon-

425 2383 624 2449 ciliatiouem
640 2389 738 2467 atque
755 2383 1038 2448 communionem⁸
1062 2385 1230 2470 percipiat,
1255 2386 1340 2449 sieut
1362 2388 1395 2450 iu
1413 2387 1537 2452 eisdem
1554 2388 1655 2451 sacris
1673 2386 1795 2472 regulis
1811 2383 2045 2449 discretissime

426 2493 460 2553 et
482 2486 737 2552 misericorditer
761 2489 955 2554 continetur.
1072 2475 1073 2478 ¹
1746 2505 1747 2510 ¹

537 2612 586 2670 ll.
624 2607 669 2672 Ut
693 2609 825 2673 comites
850 2615 882 2672 et
904 2611 996 2673 missi
1020 2631 1058 2674 ac
1083 2611 1172 2674 vassi
1196 2612 1297 2675 nostri
1322 2616 1355 2675 et
1372 2612 1601 2677 ministeriales
1625 2613 1718 2696 regni
1741 2612 1843 2676 nostri
1867 2609 2045 2694 unusquis·
2065 2632 2092 2670 co

426 2734 489 2799 quc
514 2712 691 2777 seeundum
715 2712 860 2778 ordinem
893 2723 926 2778 et
949 2713 1142 2799 dignitatem
1170 2737 1207 2778 ao
1231 2716 1481 2801 possibilitatem
1510 2737 1601 2780 suam
1630 2737 1744 2801 paoem
1774 2721 1807 2780 et
1837 2714 1991 2779 iustitiam
2015 2714 2047 2777 in

426 2817 494 2881 suis
522 2817 707 2881 ministeriis
736 2817 856 2883 faciant
886 2824 919 2881 et
948 2819 1033 2882 iuste
1057 2839 1168 2883 omnes
1199 2819 1260 2883 sub
1283 2818 1346 2884 Dei
1371 2827 1523 2905 respectu
1546 2819 1691 2885 iudicent
1714 2818 1937 2896 attendentes,
1962 2815 2047 2902 quod
2085 2879 2087 2884 ,

425 2921 584 2984 Dominus
612 2921 761 2986 omnibus
791 2922 1010 2986 iudicantibus
1039 2921 1131 2986 dicit:
1158 2915 1243 2986 ‘In2l'’
1274 2945 1336 3009 quo
1365 2923 1482 2988 iudicio
1514 2923 1750 2996 iudicaveritis,
1783 2921 1978 2987 iudicabitur
2007 2919 2047 2984 de

426 3021 547 3099 vobis’;
571 3031 617 3088 et:
643 3016 796 3104 ‘Beatus
820 3027 874 3111 qui
897 3025 1085 3090 custodiunt
1108 3027 1263 3092 iudicium
1287 3035 1320 3092 ct
1343 3028 1467 3092 faciunt
1489 3028 1645 3092 iustitiam
1669 3027 1701 3090 in
1725 3026 1812 3091 ornui
1835 3023 2003 3111 tempore’

538 3149 585 3210 12.
621 3145 666 3210 Ut
688 3147 830 3231 episcopi
855 3151 952 3230 atque
976 3145 1112 3210 abbates
1136 3152 1169 3210 et
1194 3148 1328 3212 comites
1353 3169 1390 3212 ae
1415 3149 1500 3212 vassi
1524 3150 1626 3211 nostri
1650 3155 1681 3212 et
1704 3169 1817 3212 omnes
1833 3146 1948 3212 fideles
1973 3146 2045 3210 laici
2065 3169 2091 3208 rs

428 3248 577 3312 concordi
600 3249 773 3314 dilectione
798 3257 831 3313 et
853 3249 997 3313 unanimi
1021 3251 1188 3315 voluntate
1217 3251 1258 3314 ad
1281 3252 1343 3316 Dci
1374 3261 1407 3317 et
1436 3261 1569 3317 sanctae
1598 3253 1755 3317 ecclesiae
1784 3273 1821 3316 ac
1846 3258 1991 3316 nostrum
2016 3256 2049 3314 et

429 3353 520 3437 regui
545 3354 647 3417 nostri
671 3353 828 3420 honorem
853 3360 886 3418 et
910 3360 1029 3418 statum
1055 3362 1152 3440 atque
1183 3376 1385 3420 communem
1414 3365 1559 3421 nostram
1588 3355 1801 3421 salvationem
1829 3356 1898 3420 sine
1928 3352 2048 3419 invidia

428 3465 461 3520 et
490 3456 712 3522 malivolentia
739 3464 836 3542 atque
865 3457 1012 3522 indebita
1041 3459 1245 3522 contentione
1275 3460 1488 3524 communiter
1511 3460 1681 3526 decertare
1705 3465 1895 3545 procurent,
1927 3465 1963 3522 ut
1983 3478 2049 3543 pax

428 3567 461 3625 ct
483 3561 607 3626 iustitia
630 3569 663 3626 et
685 3582 762 3626 vera
785 3583 858 3624 cum
880 3560 945 3626 Dei
971 3562 1137 3626 voluntate
1163 3562 1337 3627 concordia
1367 3564 1451 3627 iuter·
1478 3583 1537 3627 nos
1566 3582 1678 3626 omues
1703 3570 1736 3626 et
1758 3564 1791 3626 in
1814 3583 1915 3647 regno
1939 3568 2048 3626 nostro

427 3672 572 3737 maneat;
602 3665 695 3749 quia,
726 3665 809 3728 sicut
835 3672 948 3729 sancta
976 3667 1137 3752 scriptura
1167 3667 1259 3745 dicit,
1291 3659 1457 3732 ‘iustitiall
1489 3667 1598 3731 elevat
1621 3673 1768 3751 gentem,
1801 3667 1936 3730 miseros
1966 3666 2089 3731 tacitae

428 3770 565 3855 populos
588 3766 779 3855 peccatum’
825 3768 868 3832 Et
891 3769 946 3834 ubi
969 3791 1034 3834 non
1058 3777 1109 3834 est
1131 3791 1209 3835 vera
1240 3792 1313 3835 cum
1333 3771 1397 3836 Dei
1422 3771 1588 3834 voluntate
1612 3769 1799 3850 concordia,
1832 3770 1893 3846 ibi,
1923 3771 1984 3834 nisi
2007 3769 2049 3833 ad

428 3873 602 3953 iudicium,
629 3893 693 3936 non
718 3872 843 3937 habitat
867 3873 972 3954 Deus,
1004 3876 1076 3960 qui,
1107 3876 1191 3939 sicut
1214 3877 1359 3961 psalmus
1383 3876 1471 3952 dicit,
1496 3865 1621 3939 ‘lacit23
1650 3877 1820 3940 unanimes
1844 3875 1993 3940 habitare
2017 3876 2049 3939 in

428 3975 545 4054 domo',
580 3976 611 4040 id
642 3982 691 4041 est
722 3978 754 4040 in
787 3987 901 4041 sancte
932 3978 1084 4052 ecclesis;
1122 3980 1153 4042 iu
1183 4000 1247 4064 qua
1276 3979 1417 4044 fideliter
1445 3980 1697 4045 consistentibus
1727 3980 1876 4065 spiritum
1905 3980 2049 4044 caritatis

429 4079 585 4160 infundit,
614 4081 668 4165 qui
691 4087 822 4166 propter
846 4081 979 4146 nimiam
1003 4083 1171 4146 caritatem
1205 4103 1313 4162 suam,
1338 4103 1400 4167 qua
1424 4082 1539 4147 dilexit
1568 4105 1642 4160 nos,
1675 4082 1807 4146 tradidit
1838 4083 2049 4169 semetipsum

429 4207 488 4271 pro
513 4186 617 4263 nobis,
643 4194 675 4250 et
699 4207 769 4250 cum
796 4206 943 4250 essemus
967 4187 1084 4250 mortui
1108 4187 1140 4249 in
1157 4186 1299 4272 pcccatis
1316 4187 1445 4264 nostris,
1470 4186 1708 4250 convivificavit
1731 4207 1788 4250 nos
1811 4187 1844 4250 in
1860 4188 2049 4272 semetipso,
2068 4213 2092 4252 ss

429 4295 465 4352 ut
488 4307 634 4352 essemus
659 4290 763 4353 sancti
788 4297 821 4353 ct
844 4291 1041 4354 immaculati
1069 4291 1100 4353 in
1131 4297 1308 4376 conspectu
1341 4291 1411 4354 cius
1441 4291 1474 4353 in
1506 4290 1640 4355 caritate
1667 4298 1700 4356 et
1724 4291 1823 4355 simus
1849 4289 2050 4355 sectatoresh

431 4393 588 4457 bonorum
612 4413 756 4479 operum,
780 4394 813 4456 in
837 4393 953 4479 quibus
985 4415 1057 4458 cum
1080 4393 1143 4459 fide
1177 4401 1265 4459 recta
1296 4401 1548 4479 perseverantes
1579 4396 1805 4480 perveniamus
1836 4416 1948 4459 omnes
1977 4395 2049 4480 ipso

430 4497 677 4581 praeveniente,
702 4496 876 4562 adiuvante
905 4505 938 4561 et
962 4497 1182 4583 subsequente
1207 4497 1247 4562 ad
1271 4518 1372 4582 regna
1395 4497 1569 4563 coelorum.
1626 4499 1685 4563 Eti
1708 4498 1855 4583 episcopi
1878 4497 2051 4584 privilegia

430 4599 596 4666 Romanae
628 4601 715 4666 sedis
744 4606 777 4665 ct
805 4622 918 4685 regum
947 4609 1125 4688 praecepta
1152 4602 1302 4666 ecclesiis
1332 4602 1400 4665 suis
1430 4601 1619 4665 confirmata
1641 4601 1754 4686 vigili¹¹
1784 4602 1917 4666 solertia
1940 4608 2048 4666 eusto-

431 4703 529 4784 diant‚
553 4712 587 4770 ut
611 4705 730 4771 exinde
754 4703 945 4769 auctorabili
961 4705 1111 4770 firmitate
1129 4712 1293 4770 tueantur.
1339 4703 1450 4769 Nonas
1474 4711 1508 4769 et
1525 4704 1678 4786 decimas,
1702 4705 1788 4770 uude
1806 4712 1962 4770 statutum
1987 4712 2047 4786 est,
2068 4735 2094 4773 ro

431 4808 552 4893 absquo
576 4809 713 4873 alicuius
737 4808 939 4873 contradictu
967 4809 1137 4895 recipiant.
1183 4807 1233 4873 Dc
1265 4810 1360 4873 terris
1393 4808 1601 4874 censualibus
1630 4817 1665 4872 ct
1694 4816 1856 4894 potestate
1887 4809 2050 4874 ccclesiae

431 4933 509 4976 suae
533 4920 566 4976 et
589 4913 724 4977 culturis
748 4911 987 4977 indominicatis
1012 4920 1045 4976 et
1068 4911 1263 4977 absitatibus
1273 4904 1302 4950 ‘³¹³
1325 4919 1359 4977 et
1391 4914 1627 4978 manufirmatis
1653 4914 1757 4978 maior
1780 4913 1936 4994 eeclesia,
1965 4933 2049 4998 quae

534 5141 561 5206 d)
580 5141 781 5194 ecclesiasticum
799 5137 824 5190 2.
908 5139 932 5203 s)
951 5139 1133 5190 correctionem
1151 5135 1175 5188 2.
1257 5139 1282 5202 2)
1300 5141 1393 5205 poterit
1410 5137 1433 5190 2.
1512 5139 1540 5206 g)
1559 5157 1719 5192 conrmunem
1738 5137 1761 5190 2.
1840 5138 1868 5206 h)
1887 5147 2014 5191 secutores
2028 5138 2051 5195 l.

431 5231 450 5294 i)
469 5232 502 5281 ut
519 5269 524 5280 .
540 5266 566 5280 ..
584 5229 726 5281 cavendum
744 5236 784 5279 cst
800 5244 849 5277 om.
868 5225 891 5277 1.
910 5224 998 5288 3-5;
1018 5225 1143 5275 Betucius
1161 5232 1184 5274 ct
1204 5225 1236 5274 G.
1249 5223 1285 5275 H.
1306 5221 1391 5290 Perta,
1411 5243 1458 5276 ont.
1478 5233 1511 5287 et,
1531 5244 1548 5275 a
1565 5227 1639 5278 uerbo
1653 5227 1771 5294 Episcopi
1789 5244 1882 5278 nocam
1900 5235 1977 5292 caput
1996 5223 2051 5289 (13)
2106 5263 2108 5268 -

430 5317 561 5382 [rccipiunt.
616 5381 617 5384 Ἴ
647 5314 676 5376 k)
694 5315 730 5364 ila
749 5331 816 5365 corr.
836 5313 973 5378 Betucius,¹
990 5313 1077 5378 ulgilis
1094 5308 1118 5360 2.
2069 5333 2094 5370 45

534 5520 579 5588 22)
599 5520 650 5574 Ios.
674 5520 748 5585 v,13.
841 5519 884 5585 23)
909 5517 962 5584 Gfr.
990 5517 1090 5588 Synod.
1115 5515 1183 5584 Pop.
1201 5518 1265 5583 850,
1289 5533 1374 5585 scapua
1394 5535 1423 5586 p.
1443 5517 1504 5582 120,
1531 5533 1551 5571 c.
1573 5521 1609 5573 12.
1714 5521 1760 5585 24)
1784 5519 1882 5589 Aaocp.
1899 5517 1950 5586 IV,
1973 5534 1993 5571 c.
2010 5519 2052 5585 25,

431 5630 490 5679 term.
507 5625 572 5692 Lp.
586 5623 645 5677 440.
723 5625 767 5688 25)
787 5621 885 5676 Mattla
898 5623 955 5688 lfa.
1035 5623 1079 5688 26)
1100 5621 1200 5676 Psolm.
1214 5622 1271 5686 105,
1281 5623 1304 5674 3.
1384 5621 1429 5690 27)
1448 5621 1526 5676 Pron.
1548 5624 1587 5690 14,
1599 5624 1639 5677 34.
1711 5624 1756 5692 28)
1777 5623 1832 5690 Osr.
1846 5622 1944 5679 Psalm.
1960 5622 2052 5690 7255,

431 5731 476 5797 29)
497 5730 533 5784 rut
550 5727 636 5795 absim
652 5728 702 5793 cfr.
725 5725 858 5792 (latraret,
877 5725 1036 5795 Polyptr'quc
1053 5723 1241 5792 d'IrmiaoaI,
1257 5741 1287 5792 p.
1299 5725 1427 5794 fifillsqq.‚·
1445 5725 1582 5793 leonae,
1603 5725 1667 5782 BG.
1682 5728 1706 5792 I,
1720 5744 1748 5795 p.
1761 5728 1820 5780 212.
