4560 6426
402 444 464 508 254
568 438 815 496 carmennum
834 435 965 492 REGUM
983 434 1165 491 autuman
1184 429 1445 488 OCOIDEN'I'ALIS
1463 428 1612 500 (aaroni
1625 429 1670 497 ll).
1690 461 1722 469 -
1740 431 1788 485 Νι.
1804 431 1863 486 254.

325 625 384 679 aaa
403 615 577 681 memoriae
602 614 711 679 domni
734 636 772 679 ac
795 613 952 700 genitoris
976 611 1077 676 nostri
1100 607 1289 694 aliquandiu
1312 607 1420 671 fuerat
1444 605 1533 692 pacis
1557 605 1717 669 suavitate
1740 605 1871 683 laetata,
1895 607 2025 673 inimico

401 720 531 784 homine
566 719 660 783 iuxta
695 724 844 784 sanctum
878 707 1104 801 evangelium1
1140 715 1172 778 iu
1213 733 1292 798 agro
1331 709 1494 777 dominico
1530 710 1812 796 superseminante
1847 709 2026 776 discordiae

404 824 527 890 zizania
549 823 582 886 in
605 823 712 888 medio
736 822 835 888 tritici
857 821 929 886 Deo
950 826 1078 885 amatae
1102 818 1259 896 caritatis,
1283 816 1365 881 adeo
1389 823 1439 880 est
1462 814 1598 880 diversis
1622 819 1719 898 atque
1744 813 1889 879 adversis
1905 823 2026 880 vexata

404 927 572 1007 molestiis,
596 934 632 991 ut
655 948 720 990 non
743 927 813 991 sine
837 925 980 990 maxima
1003 923 1194 988 difficultate
1219 929 1371 1008 respectu
1395 919 1501 984 divino
1526 925 1559 984 et
1574 916 1721 983 fidelium
1737 917 1800 983 Dei
1824 931 1885 983 ac·
1900 928 2026 984 nostro-

404 1041 494 1095 rum·
521 1031 637 1096 solatio
665 1031 752 1095 iuter
778 1051 837 1094 nos
868 1029 1051 1115 fratresque
1084 1033 1213 1091 nostros
1243 1024 1425 1112 pacificatio
1454 1029 1487 1087 et
1515 1023 1640 1107 paterni
1671 1023 1764 1107 regni
1794 1042 1838 1088 ex
1866 1045 2027 1088 consensu
2056 1045 2068 1086 s

404 1135 520 1200 divisio
549 1155 608 1200 scu
637 1133 784 1199 eiusdem
813 1140 947 1198 sanctae
980 1131 1140 1197 ecclesiae
1168 1152 1206 1193 ac
1233 1129 1338 1194 fidelia
1362 1128 1475 1215 populi
1498 1131 1659 1192 tantorum
1684 1126 1829 1192 laborum
1852 1130 2027 1214 quantula·

405 1261 531 1324 cunque
554 1238 646 1303 fieret
669 1238 853 1323 respiratio.
898 1237 1060 1301 Processu
1084 1256 1160 1299 vero
1185 1233 1356 1319 temporis,
1380 1239 1416 1295 ut
1439 1231 1523 1295 solet
1544 1238 1619 1317 post
1643 1231 1825 1298 condensos
1848 1234 1935 1298 aeris
1959 1242 2026 1298 tur-

402 1343 497 1408 bines
520 1342 654 1410 nubium
677 1342 710 1405 in
733 1340 989 1426 pertranseundo
1013 1361 1183 1405 remanere
1201 1338 1346 1423 vestigia,
1370 1336 1568 1411 restiterunt,
1593 1337 1742 1414 fatemur,
1766 1337 1798 1401 in
1822 1337 1916 1402 nobis
1941 1345 1974 1402 et
1995 1339 2028 1402 in

406 1447 482 1512 viris
506 1446 741 1511 ecclesiasticis
765 1466 893 1510 necnon
916 1453 949 1508 et
972 1445 1005 1508 in
1028 1445 1076 1508 rei
1093 1444 1243 1529 publicae
1260 1447 1389 1506 nostrae
1407 1439 1654 1504 solatiatoribus
1671 1440 1855 1506 huiusmodi
1872 1443 2028 1507 materiae

405 1559 437 1614 et
459 1551 588 1616 fomites
613 1549 863 1629 dissensionum,
887 1555 921 1613 nt
943 1549 1116 1612 manifeste
1132 1553 1317 1632 patesceret
1340 1566 1398 1609 nos
1422 1544 1531 1608 divina
1553 1546 1659 1630 gratia
1675 1544 1833 1631 indigere,
1856 1554 1892 1610 ut
1916 1566 2029 1610 omues
2049 1567 2074 1605 ιο

405 1653 598 1738 acontagio
622 1652 726 1718 morbi
749 1653 877 1738 pristini
901 1654 1029 1737 penitus
1053 1671 1264 1730 exueremur,
1295 1669 1359 1732 qua
1383 1649 1551 1734 praeventi
1576 1670 1718 1728 eramus,
1749 1657 1784 1713 ut
1806 1651 2027 1715 infirmitatem
2133 1688 2137 1695 -

406 1778 610 1823 communem
634 1756 745 1820 videre
778 1775 956 1840 possemus.
1007 1753 1215 1842 Quapropter
1237 1754 1407 1818 venientes
1434 1752 1471 1815 in
1501 1773 1600 1816 unum
1624 1752 1738 1818 fideles
1762 1755 1877 1833 nostri,
1908 1754 2029 1819 tamin

406 1861 583 1928 venerabili
606 1859 718 1925 ordine
743 1859 888 1923 clericali
916 1879 1012 1943 quam
1041 1866 1075 1923 et
1098 1858 1251 1922 inlustres
1276 1857 1334 1921 viri
1358 1855 1391 1919 in
1414 1855 1514 1920 nobili
1538 1856 1646 1920 laicali
1670 1856 1782 1922 habitu
1806 1859 1973 1923 constituti
1998 1867 2030 1923 et

407 1968 478 2032 zelo
507 1965 570 2030 Dei
599 1963 744 2038 accensi,
778 1983 938 2027 memores
970 1962 1067 2027 etiam
1099 1961 1189 2039 fidei,
1223 1979 1320 2045 quam
1355 1961 1415 2046 ipsi
1449 1967 1482 2024 et
1513 1965 1738 2025 antecessores
1773 1983 1884 2026 eorum
1913 1963 2030 2026 nostris

407 2071 594 2148 detulerunt
618 2065 934 2156 praedecessoribus,
957 2072 1181 2152 ponentesque
1204 2073 1280 2130 ante
1304 2065 1416 2128 oculos
1433 2064 1638 2129 dilectionem
1663 2072 1696 2129 et
1711 2064 1912 2144 fidelitatem,
1936 2087 2031 2152 quam
2052 2085 2075 2127 rs

408 2174 504 2238 nobis
527 2179 599 2258 post
622 2171 866 2236 defunctionem
888 2170 991 2254 patris
1016 2168 1223 2234 laudabiliter
1246 2177 1279 2232 et
1303 2169 1582 2233 continentissime
1607 2177 1829 2249 serraverunt,
1854 2171 2032 2236 secuudum

409 2276 495 2362 quod
517 2277 636 2361 legitur
659 2275 692 2338 in
720 2273 837 2342 litteris
865 2273 1017 2337 dirinitus
1041 2262 1226 2358 inspiratis²
1250 2272 1398 2336 hortatus
1428 2281 1479 2336 est
1509 2272 1593 2336 altar
1615 2273 1768 2352 alterum,
1798 2275 1895 2339 immo
1919 2297 2032 2340 omnes

410 2380 608 2446 seinvicem
637 2377 863 2457 monueruntl,
896 2385 932 2442 ut
960 2377 1068 2441 cuncti
1099 2377 1288 2442 universum
1316 2378 1414 2441 animi
1441 2397 1609 2443 rancorem
1641 2399 1698 2464 pro
1729 2399 1922 2466 quocunque
1955 2401 2033 2445 con·

410 2491 541 2572 ceptum
563 2482 695 2568 negotio
718 2503 738 2545 a
761 2480 859 2545 corde
889 2481 1112 2566 propellerent
1145 2485 1178 2544 et
1201 2480 1233 2543 in
1258 2479 1321 2544 Dei
1345 2481 1513 2545 voluntate
1537 2501 1576 2545 ac
1600 2489 1733 2546 sanotae
1758 2483 1919 2549 ecclesiae
1944 2505 2033 2549 corn-

409 2587 534 2674 petenti
566 2586 776 2652 venerationc
814 2605 871 2650 seu
902 2591 1015 2648 nostra
1049 2582 1206 2648 fidelitate
1242 2582 1405 2649 servanda
1434 2591 1531 2669 atque
1568 2585 1680 2649 debito
1719 2586 1842 2652 honore
1878 2595 1911 2654 st
1942 2589 2077 2673 regiam

411 2697 575 2778 potestate
606 2687 800 2754 stabilienda
827 2695 859 2753 et
889 2688 1130 2768 conservanda,
1162 2688 1240 2772 quin
1271 2689 1370 2752 ctiam
1402 2707 1475 2752 aesc
1507 2689 1540 2752 in
1569 2690 1660 2775 pacis
1691 2691 1864 2756 concordia
1895 2699 1928 2756 et
1957 2712 2036 2756 vera

412 2794 554 2860 amicitia
583 2793 789 2879 copularent,
818 2799 979 2878 qnatenus
1008 2789 1137 2854 divinae
1166 2792 1362 2857 clementiae
1392 2793 1560 2880 placerent
1588 2793 1742 2858 obnixius
1766 2803 1799 2859 et
1821 2794 1861 2860 de
1885 2796 1973 2882 regis
1998 2817 2036 2861 ac

412 2898 505 2984 regni
535 2897 712 2962 stabilitate
741 2901 774 2960 et
796 2895 937 2959 utilitate
967 2901 1100 2980 possent
1127 2900 1267 2960 tractsre
1300 2895 1470 2960 sublimius
1499 2904 1532 2961 et
1561 2915 1653 2962 suum
1682 2906 1781 2983 atque
1805 2900 1902 2964 totius
1924 2902 2036 2987 populi

413 3021 615 3068 communem
637 2998 819 3085 profectum
843 3004 877 3063 et
900 2999 1169 3083 tranquillitatem
1194 2999 1379 3063 obtinerent
1402 3003 1608 3084 propensius.
1662 2999 1779 3086 Sisque
1804 3001 1875 3067 Deo
1899 3004 2034 3068 amabili

413 3115 509 3193 atque
532 3103 688 3170 laudabili
710 3109 875 3168 conrentu
898 3102 1095 3167 unanimiter
1117 3123 1155 3166 ac
1179 3103 1418 3167 rationabiliter
1434 3110 1622 3189 perpetrato
1639 3112 1772 3170 nostrae
1790 3107 2034 3174 mansuetudini
2054 3123 2078 3165 rs

414 3230 505 3274 suam
529 3207 736 3272 devotionem
767 3212 800 3271 et
826 3207 989 3271 actionem
1019 3206 1207 3270 fidelissime
1235 3213 1480 3292 suggesserunt.
1535 3207 1603 3272 Nos
1632 3217 1742 3274 autem
1774 3217 1863 3275 tanta
1893 3210 2037 3276 fidelium

414 3335 494 3399 erga
516 3312 772 3378 dominationem
796 3318 940 3376 nostram
963 3311 1128 3376 subtiliter
1149 3319 1323 3397 perspecta
1347 3312 1562 3396 benignitate,
1586 3319 1621 3376 ut
1644 3333 1744 3378 causa
1767 3334 1825 3400 pro
1850 3315 1899 3378 sui
1923 3316 2038 3380 merito

413 3416 583 3502 exigebat,
611 3417 657 3480 eis
685 3414 862 3500 condignas
891 3416 1069 3499 gratiarum
1092 3416 1238 3480 actiones
1262 3417 1431 3481 retulimus
1465 3424 1498 3480 et
1521 3438 1578 3480 nos
1609 3425 1817 3504 nostramque
1842 3425 2038 3505 potestatem

415 3542 527 3586 eorum
557 3519 663 3585 bonae
692 3519 939 3584 convenientiae
975 3540 1034 3605 per
1065 3519 1327 3586 benevolentiam
1356 3521 1389 3584 in
1420 3520 1481 3584 hoc
1510 3520 1610 3599 facto,
1646 3522 1732 3607 qnod
1761 3523 1833 3587 sine
1865 3523 1965 3590 dubio
1997 3524 2038 3590 ad

414 3629 620 3711 praesentem
654 3629 688 3687 et
715 3629 882 3686 aeternam
913 3621 1019 3687 tendit
1049 3623 1206 3704 salutem,
1248 3625 1368 3688 sociam
1403 3632 1436 3687 et
1469 3625 1621 3691 comitem
1656 3624 1725 3691 fore
1761 3633 1830 3692 tota
1864 3626 2038 3694 devotione
2059 3649 2084 3690 ac

415 3726 649 3816 spopondimus
679 3725 837 3812 apdicatis
867 3727 1031 3806 omnibus,
1067 3725 1227 3811 qnantum¹
1258 3729 1379 3815 patitur
1406 3727 1548 3793 humana
1575 3729 1749 3814 fragilitas,
1785 3753 1869 3817 quae
1899 3753 2040 3820 persona

414 3833 536 3897 nostri⁰
567 3831 732 3916 regiminis
756 3830 944 3915 ignorantia
965 3851 1024 3894 seu
1055 3831 1224 3896 iuventute
1253 3838 1311 3896 aut
1332 3833 1529 3897 necessitate
1560 3839 1674 3897 contra
1700 3835 1946 3900 convenientem
1978 3836 2041 3901 sibi

416 3935 642 4002 salubritatem
666 3941 699 3999 et
721 3934 927 3999 honestatem
951 3955 1055 4020 usque
1086 3936 1181 4000 modo
1206 3943 1320 4021 egerat
1342 3943 1400 4002 aut
1427 3937 1562 4000 alterius
1591 3944 1665 4001 astu
1693 3943 1912 4015 contraxerat.
1967 3938 2040 4014 Qua

416 4039 456 4106 de
479 4061 514 4104 re
539 4039 752 4102 communiter
775 4039 855 4103 inito
879 4039 1013 4103 consilio
1038 4038 1097 4104 hoc
1122 4040 1276 4125 scriptum
1308 4039 1378 4104 fieri
1399 4040 1638 4126 proposuimus,
1662 4040 1747 4125 quod
1771 4041 1870 4106 etiam
1886 4063 2040 4108 manuum

417 4145 561 4209 omnium
581 4149 762 4207 nostrorum
779 4143 1019 4230 subscriptione
1044 4143 1260 4209 roborandum
1284 4134 1520 4210 decrevimusl.
1569 4143 1608 4210 In
1632 4165 1706 4229 quo,
1730 4165 1813 4230 quae
1838 4148 1932 4211 nobis
1956 4167 2041 4212 nunc
2060 4169 2084 4210 as

417 4247 594 4334 praecipue
618 4244 658 4310 ad
682 4266 887 4312 communem
910 4246 1050 4310 salutem
1074 4259 1108 4311 et
1131 4249 1224 4332 regni
1249 4248 1447 4313 soliditatem
1470 4254 1569 4333 atque
1586 4248 1729 4312 omnium
1744 4255 1929 4314 nostrorum
1953 4253 2041 4317 utili·

417 4359 527 4430 tatem,
551 4350 649 4414 immo
665 4349 889 4435 plenissimam
905 4349 1109 4414 honestatem
1126 4351 1198 4415 visa
1220 4358 1296 4415 sunt
1311 4352 1486 4438 pertinere,
1504 4352 1766 4438 conscripsimus,
1789 4354 2042 4441 conloquentes

418 4454 621 4520 diversarum
645 4453 859 4518 inmutatione
887 4473 1118 4538 personarum,
1153 4460 1188 4517 ut
1218 4453 1312 4518 modo
1342 4456 1462 4540 regalia
1495 4455 1693 4532 sublimitas,
1730 4455 1825 4520 modo
1849 4458 2042 4548 episcopalis

418 4559 604 4637 auctoritas,
622 4557 722 4644 modo
739 4563 848 4622 antem
863 4556 1009 4622 fidelium
1032 4557 1182 4643 loquatur
1205 4559 1435 4633 commoditas;
1471 4558 1529 4622 sed
1553 4559 1731 4625 secundum
1754 4553 1958 4645 apostolum⁴
1981 4564 2041 4629 sub

418 4683 482 4727 uno
506 4661 613 4748 capite
637 4661 785 4741 Christo,
817 4666 854 4726 ut
877 4679 990 4725 revera
1013 4681 1097 4725 unus
1121 4660 1218 4724 homo
1250 4661 1284 4724 in
1307 4662 1402 4725 unius
1426 4661 1587 4736 ecclesiae
1608 4683 1758 4749 corpore,
1789 4666 1909 4749 singuli
1932 4673 2041 4733 autem
2061 4686 2087 4724 ⁴⁰

420 4767 503 4832 alter
525 4766 660 4830 alterius
684 4764 843 4846 membra,
877 4762 964 4850 quod
988 4764 1089 4852 prosit
1113 4764 1281 4845 omnibus,
1315 4786 1428 4831 omnes
1453 4765 1648 4831 unanimiter
1670 4789 1735 4831 una
1759 4789 1839 4834 voce
1863 4771 2042 4857 loquamur,

419 4890 478 4956 per
493 4890 567 4934 enm
591 4875 624 4934 et
647 4868 680 4933 in
705 4867 831 4955 e0,.qui
846 4867 927 4933 dixit
949 4875 982 4932 et
1006 4869 1046 4933 de
1070 4889 1133 4953 quo
1151 4868 1273 4934 dictum
1296 4876 1363 4935 est:
1391 4860 1496 4934 ‘Noni
1518 4891 1577 4935 vos
1598 4871 1687 4946 estis,
1711 4872 1765 4957 qui
1780 4873 1958 4958 loquimini,
1985 4877 2044 4942 sed

421 4975 550 5060 spiritus
573 4975 674 5059 patris
699 4972 808 5052 vestri,
832 4974 887 5059 qui
911 4974 1054 5060 loquitur
1076 4975 1109 5037 in
1132 4973 1246 5039 vobis'.

523 5199 713 5267 clamatorum
730 5199 755 5254 2.
843 5199 870 5264 b)
889 5217 937 5252 osa
955 5198 981 5254 2.
1068 5201 1093 5265 c)
1104 5204 1221 5269 sortasse
1237 5219 1293 5269 qen.
1309 5218 1388 5267 pron.
1406 5219 1474 5268 perc.
1495 5201 1571 5264 ’ποθι
1588 5203 1785 5269 asportaberis:
1803 5211 1897 5256 nostra.

531 5404 558 5473 1)
580 5403 675 5458 Mutila
696 5403 737 5470 13,
748 5404 791 5458 25.
872 5405 900 5474 2)
920 5406 943 5458 l.
956 5402 1081 5458 Machala
1096 5404 1137 5469 12,
1146 5404 1192 5458 50:
1210 5421 1305 5459 omncs
1389 5405 1494 5460 hortati
1513 5408 1579 5460 sunt
1590 5403 1761 5475 semetipsos.
1843 5407 1870 5474 3)
1884 5406 2046 5480 sumptio
2062 5423 2088 5464 rt

421 5509 489 5578 rapis
500 5523 534 5562 nc
543 5523 686 5578 proceram
697 5506 861 5562 ἀωίᾶοναιιιν
871 5508 903 5561 iu
913 5507 1052 5563 wdidbus.
1062 5537 1095 5546 -
1109 5506 1163 5575 Ofr.
1172 5509 1249 5562 diam
1261 5507 1404 5563 Hiacraari
1413 5510 1536 5579 Fartsmp.
1547 5509 1692 5563 αάιιιοηᾱίο
1703 5509 1739 5562 ad
1750 5527 1846 5582 repen,
1860 5513 1954 5566 Morari
1961 5515 1992 5568 X
1999 5515 2045 5582 VI,

422 5613 470 5667 ccl.
484 5612 547 5668 781:
571 5613 627 5666 Vos
651 5611 711 5680 ipse
736 5627 820 5666 mann
843 5611 958 5682 propria
975 5612 1006 5666 in
1024 5612 1108 5677 villa,
1135 5629 1207 5681 quae
1231 5612 1335 5669 dicitur
1353 5614 1469 5669 Colonia
1564 5615 1748 5670 confirmastis
1771 5619 1800 5670 et
1823 5634 1872 5686 per
1897 5619 2045 5674 tticuinnm

423 5716 562 5771 liudovico
582 5716 662 5770 fratri
681 5719 772 5770 vestro
791 5715 915 5772 misistis.
933 5716 1001 5786 (K.)
1089 5717 1117 5783 4)
1137 5716 1199 5784 Ost..
1214 5717 1310 5773 Cotem.
1332 5721 1353 5787 1,
1365 5720 1404 5773 18.
1491 5721 1519 5788 b)
1538 5719 1746 5786 Maturata.
