4634 6436
540 450 805 506 suumnuunrn
826 453 874 507 AD
892 453 1139 510 CAPITULARIA
1158 456 1360 513 HLOTHARII
1380 459 1400 513 Ι.
1418 489 1452 498 -
1470 459 1518 516 Nr.
1531 461 1590 516 227.
1818 466 1878 528 113

251 625 455 708 permansuri
478 647 647 692 occurrere
671 649 735 692 non
760 628 926 702 differant;
957 631 1006 694 sin
1030 630 1128 710 alias,
1153 631 1200 695 eis
1225 638 1374 715 tempore
1397 639 1557 718 oportuno
1582 633 1718 700 viriliter
1741 637 1876 721 congio·
1895 643 1956 697 844.

251 725 330 804 bati,
354 747 466 791 eorum
482 727 730 794 infidelitatibus
747 732 942 797 ulciscendis
964 755 998 798 se
1020 733 1259 799 interminando
1276 733 1477 819 profecturos
1495 737 1726 822 pronunciant)
1743 739 1880 820 periisse

252 828 408 894 culeum.
458 828 524 912 Ofr.
541 831 683 913 praefat.
707 834 758 898 ad.
787 832 880 901 Oeae.
903 857 954 917 ap.
978 836 1149 900 Marsuam
1171 838 1199 914 1,
1223 840 1296 916 847,
1318 857 1419 920 supra
1434 860 1470 919 p.
1487 841 1538 904 68.

1394 957 1452 1042 (Β.
1468 959 1516 1037 II,
1533 963 1564 1038 7;
1585 959 1624 1024 P.
1641 959 1669 1038 I,
1686 961 1775 1036 380.)

220 1213 233 1252 s
357 1145 469 1256 Navis
501 1201 635 1259 sanetae
666 1198 827 1262 eeclesiae
858 1197 899 1262 ab
927 1197 1061 1263 exordio
1091 1221 1150 1264 suo
1174 1200 1271 1264 variis
1303 1220 1401 1284 saepe
1431 1198 1729 1284 perturbationibus
1760 1220 1877 1279 mersa,

252 1296 310 1360 sed
341 1297 484 1360 excitato
512 1297 656 1362 fidelium
689 1301 841 1386 precibus
872 1302 1090 1387 gubernatore
1123 1325 1181 1367 suo
1207 1303 1337 1367 Christe
1368 1324 1531 1388 nunquam
1562 1308 1613 1366 est
1643 1324 1876 1389 usquequaque

252 1396 402 1463 dimersa.
460 1399 552 1472 Quae
589 1401 749 1486 quondam
786 1405 905 1484 ctiam,
947 1413 983 1469 ut
1016 1428 1102 1470 nune
1134 1405 1276 1487 videtur,
1318 1427 1402 1492 pene
1444 1405 1600 1491 conlapsa
1633 1407 1876 1490 progenitorum

252 1507 434 1566 vestrorum
468 1503 576 1567 studio
609 1511 642 1569 et
670 1505 843 1572 devotione
877 1515 927 1572 est
960 1516 1092 1573 auctore
1119 1508 1189 1573 Deo
1221 1510 1312 1573 iuxta
1342 1507 1472 1572 medum
1501 1507 1655 1573 divinitus
1687 1530 1877 1574 concessum

251 1613 454 1690 recuperata.
490 1605 585 1671 Unde
609 1608 775 1673 inmensas
799 1603 1018 1675 domino'Deo
1043 1618 1151 1675 nostro
1175 1611 1290 1675 laudes
1315 1612 1495 1692 referimus,
1519 1611 1574 1696 qui
1598 1618 1631 1676 ct
1653 1612 1879 1677 cordavestra

209 1731 234 1768 ro
252 1707 294 1772 ad
328 1708 541 1774 intentionem
577 1711 714 1775 similem
750 1714 905 1778 excitavit
941 1722 975 1778 et
1009 1720 1083 1800 post
1111 1693 1252 1800 vestigia
1282 1719 1411 1800 patrum
1440 1723 1637 1793 vestrorum,
1672 1714 1789 1799 quibus
1820 1736 1879 1800 per

251 1812 431 1896 temporale
460 1835 596 1898 regnum
624 1816 665 1880 ad
693 1824 861 1880 aeternum
891 1818 1106 1903 perveniatis,
1138 1818 1184 1882 ire
1208 1818 1293 1882 velle
1317 1817 1426 1882 docuit
1452 1825 1485 1881 et
1508 1817 1690 1902 inspiravit.
1736 1817 1877 1882 Vestrae

250 1915 459 1980 nihilominus
483 1918 705 1984 nobilissimae
722 1921 935 1984 dominationi
959 1921 1166 1984 multimodas
1189 1921 1368 2006 gratiarum
1389 1921 1534 1985 actiones
1558 1920 1777 2005 rependimus,
1802 1922 1878 2006 quia

250 2017 292 2082 ad
322 2019 510 2084 evitandum
541 2030 575 2085 et
598 2033 742 2088 vestrum
774 2030 807 2087 et
836 2032 982 2088 nostrum
1009 2026 1191 2110 perieulum
1219 2031 1252 2088 et
1282 2024 1323 2088 ad
1351 2045 1555 2090 communem
1580 2025 1743 2109 totiusque
1766 2024 1878 2109 populi

251 2122 485 2209 providendam
510 2126 725 2190 salvationem
748 2127 865 2192 bonam
887 2134 921 2192 et
939 2128 1177 2213 beneplacitam
1195 2127 1258 2192 Dei
1273 2128 1477 2192 voluntatem
1502 2128 1654 2211 subsequi
1678 2134 1710 2191 et
1732 2127 1877 2191 divinum

209 2243 233 2281 1³·
253 2228 425 2292 consilium
453 2228 630 2293 seeundum
657 2237 871 2317 praeceptum
895 2231 1043 2311 Domini,
1075 2254 1138 2317 quo
1163 2232 1294 2296 dicitur:
1331 2225 1528 2317 ‘Interroga¹
1556 2231 1745 2296 sacerdotes
1768 2232 1876 2316 legem

253 2329 367 2394 meam’
392 2340 425 2396 et
448 2325 652 2417 ‘Interroga'2
675 2341 786 2419 patres
811 2342 884 2398 tuos
909 2342 942 2399 et
965 2334 1203 2400 adnuntiabunt
1226 2333 1306 2412 tibi',
1330 2357 1349 2399 a
1371 2335 1483 2412 nobis,
1507 2355 1701 2419 quamquam
1725 2335 1877 2420 indignis,

252 2425 375 2499 Christi
407 2445 516 2500 tamen
546 2437 690 2514 vicariis,
723 2458 880 2522 quaerere
910 2445 944 2502 et
972 2439 1115 2524 benigna
1142 2438 1329 2518 devotione,
1362 2439 1453 2503 velut
1481 2460 1597 2502 revera
1625 2459 1666 2502 ex
1694 2460 1749 2502 ore
1774 2439 1877 2524 ipsius

251 2538 326 2617 Dei,
351 2545 526 2624 expectare
550 2539 738 2625 dignamini.
778 2542 871 2616 Quod
896 2543 1086 2606 humilitatis
1103 2542 1233 2607 vestrae
1258 2563 1435 2628 supernum
1458 2540 1576 2606 donum
1601 2547 1713 2605 sancta
1737 2541 1878 2606 eeclesia

253 2664 325 2706 cum
356 2650 447 2712 tauto
478 2644 598 2728 gaudio
630 2645 778 2730 suscipit,
813 2653 849 2709 ut
881 2646 921 2710 de
951 2647 1045 2711 vobis
1079 2647 1178 2712 etiam
1211 2648 1243 2710 in
1274 2646 1493 2711 consolatione
1524 2667 1584 2710 sua
1615 2645 1676 2710 sibi
1708 2645 1828 2711 dictum
1859 2667 1878 2709 a

208 2746 394 2811 ²⁰Domino
422 2755 537 2834 aptare
561 2750 653 2814 velit:
690 2743 785 2815 ‘Pr03
808 2749 957 2835 patribus
981 2751 1045 2814 tuis
1069 2751 1135 2815 uati
1159 2758 1236 2815 sunt
1258 2751 1317 2814 tibi
1340 2748 1419 2822 fllii';
1455 2748 1505 2812 id·
1530 2754 1614 2813 est¹2
1638 2770 1696 2834 pro
1720 2749 1878 2813 istoruml

250 2852 528 2936 progenitoribus,
558 2854 611 2938 qui
639 2861 671 2918 tc
700 2860 835 2939 paterne
862 2854 983 2918 affectu
1006 2854 1193 2918 ditaverunt
1216 2860 1250 2917 et
1272 2855 1511 2941 ampliaverunt
1533 2873 1571 2915 ac
1595 2852 1778 2932 coluerunt,
1808 2854 1876 2917 nati

251 2961 326 3018 sunt
354 2955 413 3019 tibi
442 2955 496 3019 isti
519 2957 589 3034 lilii,
619 2957 727 3041 quiin
751 2963 783 3022 te
809 2963 841 3021 et
864 2964 1000 3042 paterna
1023 2979 1159 3022 munere
1183 2957 1376 3035 resarciant,
1406 2964 1601 3040 recuperent
1624 2961 1657 3020 et
1681 2963 1878 3021 conservent

251 3065 284 3122 et
313 3065 345 3122 te
374 3058 461 3122 fideli
484 3058 658 3124 devotione
681 3068 717 3124 ut
744 3060 850 3125 bonae
874 3060 992 3125 indolis
1015 3060 1245 3125 adolescentes
1270 3083 1321 3125 me
1346 3081 1445 3145 super
1469 3081 1525 3122 sos
1549 3060 1739 3124 intendente
1764 3061 1877 3146 eisque

252 3184 382 3226 manum
406 3163 519 3228 solacii
543 3165 730 3250 porrigente
754 3172 907 3230 tueantur
931 3171 964 3227 et
987 3166 1150 3230 excolant.

208 3302 233 3342 :e
364 3289 390 3347 l.
425 3285 486 3349 His
518 3285 564 3349 ita
591 3287 775 3372 premissis,
808 3285 1002 3350 nobilissimi
1029 3285 1166 3362 domini,
1200 3290 1236 3348 ut
1263 3304 1335 3348 eum
1362 3302 1442 3367 pace
1472 3287 1582 3347 vestra
1611 3282 1771 3363 dicamus,
1804 3286 1879 3370 quis

252 3395 379 3454 constat
401 3389 486 3453 hanc
510 3397 657 3453 sanctam
682 3390 854 3454 ecclesiam
879 3390 1039 3474 sanguine
1056 3387 1178 3452 Christi
1200 3387 1400 3471 redemptam
1417 3391 1450 3449 et
1465 3384 1735 3470 predecessorum
1751 3395 1876 3451 vestro·

253 3504 341 3555 rum⁰
369 3494 470 3557 multo
500 3492 612 3558 labore
641 3493 894 3578 redintegratam
924 3515 962 3557 ac
992 3491 1169 3556 adunatam
1197 3498 1295 3575 atque
1319 3490 1553 3574 gubernatam,
1585 3496 1694 3553 vestra
1718 3489 1878 3554 discordia

252 3617 325 3660 esse
359 3595 528 3661 discissam
563 3605 595 3660 et
630 3597 852 3683 perturbatam
887 3603 984 3681 atque
1018 3595 1188 3670 afflictam,
1223 3593 1352 3658 videtur
1383 3592 1491 3671 nobis,
1526 3593 1552 3655 si
1587 3599 1621 3658 et
1649 3593 1682 3656 in
1712 3593 1877 3678 praesenti

255 3700 393 3764 feliciter
422 3720 558 3784 regnare
587 3705 620 3763 et
648 3699 680 3763 in
709 3699 816 3763 futuro
846 3700 964 3784 cupitis
992 3721 1066 3763 esse
1095 3698 1177 3762 salvi
1209 3704 1242 3762 et
1271 3697 1312 3761 ab
1335 3697 1398 3760 hae
1421 3696 1534 3760 eadem
1558 3697 1697 3760 ecelesia
1720 3695 1812 3760 vobis
1836 3695 1876 3760 ad

210 3815 236 3855 ³⁰
254 3802 500 3889 gubernandum
532 3804 719 3882 commissa,
754 3824 812 3888 pro
844 3825 909 3888 qua
944 3825 986 3867 ex
1020 3803 1200 3866 ministerio
1232 3800 1335 3884 regali
1365 3799 1521 3864 reddituri
1552 3798 1631 3864 estis
1661 3799 1731 3883 regi
1762 3819 1877 3883 regum

255 3909 411 3972 rationem
435 3907 467 3970 in
490 3905 543 3970 die
565 3905 685 3984 iudicii,
709 3913 775 3970 tam
800 3906 997 3991 multiplices
1021 3927 1059 3970 ac
1083 3905 1284 3991 perniciosas
1308 3903 1527 3990 corruptionis
1551 3902 1756 3988 pestilentias
1779 3905 1877 3967 vultis

254 4033 405 4076 amovere
437 4017 471 4074 et
493 4011 638 4094 vigorem
667 4010 793 4094 regium
823 4031 861 4074 sc
891 4007 1106 4074 senioralemd
1136 4012 1169 4073 et
1197 4027 1295 4093 super
1318 4015 1444 4072 vestros
1476 4013 1509 4072 et
1537 4026 1636 4091 super
1657 4006 1877 4091 inpugnantes

255 4121 452 4201 potestatem
469 4107 610 4178 vestram
634 4114 755 4199 optatis
779 4112 911 4192 habere,
935 4113 1105 4178 caritatem
1128 4112 1228 4188 illam,
1252 4132 1348 4196 quam
1369 4111 1537 4197 apostolus
1558 4109 1679 4186 docuit,
1703 4102 1763 4176 de⁴
1780 4111 1877 4176 corde

255 4239 335 4305 puro
366 4224 399 4282 et
430 4217 633 4281 conscientia
662 4218 749 4281 bona
779 4224 812 4282 et
841 4217 905 4281 fide
936 4237 999 4280 nou
1030 4217 1106 4280 licta
1135 4215 1299 4279 intervos
1330 4214 1459 4280 studete
1490 4214 1629 4290 habere;
1665 4223 1699 4280 et
1727 4215 1803 4302 quia
1832 4216 1877 4279 sic

212 4330 237 4370 ³⁵
255 4322 415 4398 habeatis,
439 4327 473 4384 et
496 4319 646 4384 fidelibus
670 4327 703 4385 et
725 4320 909 4385 infidelibus
926 4320 1045 4384 vestris
1070 4321 1156 4383 omni
1174 4320 1292 4383 virtute
1316 4326 1350 4383 et
1369 4320 1510 4405 puritate
1528 4328 1639 4386 curate
1657 4319 1877 4399 manifestare,

255 4428 337 4492 sicut
360 4425 518 4490 Dominus
546 4424 656 4488 docuit
683 4424 811 4490 dicens:
846 4418 914 4489 ‘In5
942 4424 1002 4489 hoc
1031 4431 1230 4508 cognoscent
1258 4444 1389 4501 omues,
1420 4423 1495 4508 quia
1523 4424 1587 4488 mei
1615 4424 1695 4488 estis
1718 4423 1877 4508 discipuli,

254 4531 281 4594 si
305 4530 515 4594 dilectionem
539 4527 718 4592 habueritis
741 4527 781 4592 ad
804 4526 964 4593 invicem)
1010 4526 1103 4601 Quae
1127 4548 1191 4591 non
1213 4533 1339 4590 tantum
1362 4526 1463 4591 verbo
1487 4533 1521 4591 et
1542 4526 1665 4612 lingua,
1690 4525 1748 4590 sed
1770 4527 1877 4611 petius

255 4641 380 4699 remota
407 4633 554 4718 quolibet
582 4631 676 4696 modo
705 4633 792 4696 omni
822 4634 952 4697 occulta
975 4630 1112 4698 nocendi
1135 4630 1375 4695 machinatione
1398 4637 1473 4708 aut,
1496 4629 1581 4713 quod
1605 4629 1704 4705 absit,
1728 4630 1879 4693 alienas

255 4737 390 4800 caritate
427 4742 542 4821 aperta
575 4735 806 4821 inpugnatione
837 4756 1039 4820 quocumque
1070 4735 1143 4820 quis
1172 4733 1296 4819 indiget
1325 4754 1383 4819 pre
1412 4731 1533 4796 viribus
1561 4744 1656 4797 vero⁰
1680 4733 1816 4797 consilio
1845 4739 1878 4798 at

211 4858 237 4896 ω
255 4844 404 4926 prompto
431 4838 553 4902 auxilie
577 4839 618 4902 ab
642 4839 745 4901 altaro
769 4836 956 4918 adiuvetur,
988 4838 1140 4922 quoniam
1164 4837 1318 4923 seriptum
1342 4845 1406 4900 est:
1443 4829 1599 4915 ‘Frater⁶,
1629 4837 1682 4921 qui
1706 4835 1879 4900 adiuvatur

255 4966 276 5009 a
297 4944 408 5018 fratre,
432 4942 526 5027 quasi
549 4941 664 5005 civitas
688 4939 801 5006 firma)
846 4940 890 5006 Et
911 4942 957 5005 ita
980 4941 1013 5004 in
1036 4943 1191 5027 populum
1215 4940 1308 5004 vobis
1331 4939 1593 5005 commendatum
1617 4960 1675 5025 pro
1698 4940 1771 5017 ista,
1795 4959 1878 5024 quae

255 5047 414 5111 hactenus
442 5051 599 5130 operante
627 5065 686 5130 per
711 5043 858 5109 membra
881 5043 956 5109 suas
977 5043 1106 5108 diabole
1130 5051 1258 5109 versata
1282 5050 1344 5124 est,
1373 5043 1536 5108 discordia
1558 5063 1673 5128 pacem
1697 5042 1786 5106 illam
1810 5041 1877 5107 dis·

256 5151 429 5229 seminate,
460 5169 556 5234 quam
581 5147 730 5212 Christus
759 5149 790 5211 in
818 5147 944 5212 eaelum
973 5146 1155 5212 ascendens
1179 5147 1330 5213 fidelibus
1359 5147 1426 5211 suis
1450 5166 1725 5230 muneramagna
1749 5145 1879 5230 reliquit
1933 5203 1936 5210 ,

255 5255 382 5321 dicens:
412 5245 558 5319 ‘Pacem7
575 5253 722 5338 relinquo
738 5251 843 5332 vobis,
865 5272 981 5338 pacem
1004 5271 1111 5316 meam
1133 5250 1175 5316 de
1192 5248 1306 5331 vobis’,
1331 5249 1401 5314 sins
1425 5270 1490 5335 qua
1510 5270 1605 5316 nemo
1622 5247 1745 5313 videbit
1759 5246 1878 5313 Deum.

213 5471 238 5511 te
356 5461 382 5525 a)
400 5461 457 5514 ideo
474 5459 498 5511 2.
575 5461 603 5525 b)
621 5463 746 5513 iustorum
766 5460 789 5513 l.
865 5459 889 5525 c)
908 5467 1050 5512 noseorum
1069 5459 1094 5512 2.
1169 5457 1195 5522 d)
1214 5457 1340 5512 muiorals
1359 5455 1381 5506 l.
1394 5453 1419 5506 2.
1494 5454 1518 5519 s)
1537 5473 1585 5508 om.
1602 5455 1627 5506 ⁶2.
1698 5453 1721 5520 l)
1739 5471 1755 5506 s
1772 5454 1835 5506 add.
1853 5455 1879 5506 2.

362 5649 387 5714 ι)
406 5646 468 5714 aaa.
488 5647 567 5712 sn.
646 5649 673 5714 a)
690 5646 798 5702 mear.
817 5648 895 5715 aar.
973 5647 1001 5708 3)
1022 5645 1124 5698 raam.
1142 5645 1184 5712 45,
1196 5644 1237 5697 rr.
1316 5642 1344 5710 4)
1365 5644 1388 5695 1.
1403 5641 1513 5696 arma.
1527 5644 1551 5709 1,
1561 5645 1586 5696 s.
1664 5641 1692 5711 s)
1711 5639 1766 5694 aa.
1786 5641 1879 5708 raes.

256 5752 284 5818 6)
303 5749 382 5805 Prota
402 5748 444 5815 18,
455 5748 495 5802 19.
582 5747 609 5818 l)
628 5748 684 5804 Ich.
704 5750 744 5818 14,
755 5750 797 5805 27.

359 5861 397 5899 aa.
417 5858 585 5898 currruusms
597 5859 624 5898 n.
1641 5837 1675 5890 15
