4568 6420
386 437 449 499 458
500 430 777 487 ADDITAMEN'PA
797 430 846 484 AD
864 428 981 485 CAPl'l‘.
1000 427 1080 482 ΒΕΘ.
1098 425 1285 482 FRANGIAE
1302 423 1491 480 occloun'r.
1510 421 1716 493 (9999919).
1735 451 1768 461 —
1787 421 1835 475 Nr.
1845 419 1904 474 303.

308 619 369 673 869.
500 605 606 684 Haec,
628 605 782 684 Domine,
806 603 992 668 communio
1016 600 1167 666 salutaris
1191 599 1347 663 lamulum
1370 605 1463 662 tuum
1486 599 1528 662 ab
1545 597 1695 662 omnibus
1710 602 1841 659 tueatur
1857 594 2015 674 adversis,

388 717 552 795 quatenus
577 716 610 772 et
633 707 877 772 ecclesiasticae
901 705 990 792 pacis
1007 703 1154 768 obtineat
1169 703 1437 787 tranquillitatem
1461 707 1591 787 etpost
1614 700 1708 765 istius
1724 699 1881 785 temporie
1899 698 2015 762 decur-

387 835 459 878 sum
487 813 528 877 ad
552 819 720 877 aeternam
743 811 918 897 perveniat
941 807 1190 873 haereditatem.
1237 806 1301 871 Per
1324 806 1509 869 Dominum.

744 1309 1186 1422 PAOTIONES
1226 1306 1661 1442 AQUENSES.

1058 1489 1155 1571 870.
1182 1497 1287 1571 Mart.
1317 1499 1352 1571 6.

1013 1663 1088 1729 Vide
1111 1685 1210 1744 supra
1227 1684 1262 1743 9.
1285 1666 1340 1727 191
1359 1684 1406 1744 sq.

1001 1928 1062 1934 ----
1073 1925 1409 1933 ——n———naffl

583 2175 899 2287 DIVISIO
940 2174 1205 2284 REGNI
1244 2171 1725 2282 HLOTHARH
1756 2173 1830 2281 H.

1065 2355 1163 2436 870.
1190 2362 1285 2454 Aug.
1316 2363 1350 2435 8.

1002 2547 1078 2610 Vide
1101 2566 1199 2627 supra
1217 2568 1251 2626 p.
1274 2549 1331 2610 193
1350 2565 1414 2626 999.

601 3059 704 3164 999.
753 3056 1126 3167 arnonus
1164 3053 1809 3164 auriniacensis.
2040 3085 2065 3124 ιο
2191 2991 2194 2998 ‘

1090 3237 1188 3318 874.
1216 3245 1283 3318 lul.
1309 3246 1339 3319 1.

507 3410 603 3493 Actu
630 3428 756 3512 synodi,
785 3429 822 3492 dc
852 3451 915 3510 999
943 3429 1026 3492 nihii
1054 3430 1210 3507 nouimus,
1239 3429 1305 3492 cisi
1333 3428 1415 3510 quod
1442 3450 1482 3491 ec·
1503 3428 1582 3511 ipsis
1604 3431 1748 3507 9999999,
1780 3428 1869 3492 nobis
1896 3428 2029 3492 tradidit

397 3531 593 3608 Sirmccdus,
619 3531 728 3596 Caroli
754 3529 845 3596 Geloi
870 3532 971 3613 Cupit.
994 3555 1026 3613 p.
1045 3537 1106 3597 400
1120 3553 1196 3614 999,
1218 3555 1258 3597 aa
1279 3533 1379 3596 codice
1400 3533 1513 3615 ipnctc.

510 3632 661 3714 Orrpitulc
683 3637 785 3696 actem
809 3655 873 3698 999
887 3657 908 3698 9
924 3635 1048 3700 Karotc
1069 3657 1138 3718 repc
1161 3640 1236 3700 sunt
1251 3639 1379 3713 stolata,
1401 3640 1436 3697 ut
1458 3635 1574 3698 dicitur
1594 3636 1630 3697 ic
1645 3634 1773 3698 rubrica
1797 3635 1888 3719 infra
1911 3635 1967 3698 lin.
1990 3638 2026 3699 19

397 3737 491 3816 editu,
514 3737 568 3802 scd
583 3738 789 3821 coepiscopis
804 3739 838 3801 in
854 3739 983 3803 concilio
998 3740 1173 3818 coriscripla
1187 3744 1216 3803 et
1229 3739 1297 3819 rapi
1312 3743 1471 3819 tamqnam
1486 3738 1652 3802 consilium
1667 3737 1786 3800 tradito
1809 3738 1882 3820 (cfr.
1903 3759 1936 3818 p.
1953 3741 2025 3814 459,
2047 3751 2070 3789 ¹⁵

398 3845 456 3908 lin.
473 3847 534 3906 41.·
557 3841 696 3906 domnus
713 3863 771 3906 rex
788 3842 1029 3907 commendabit
1052 3863 1111 3905 suo
1129 3842 1319 3920 marchioni,
1338 3842 1477 3927 qualiter
1494 3863 1551 3904 eos
1568 3841 1742 3926 distringat
1757 3848 1855 3925 atque
1872 3843 2025 3925 castiget;

393 3969 429 4028 p.
447 3951 519 4024 400,
544 3947 601 4010 lin.
619 3947 677 4008 26.-
701 3946 802 4009 iussio
827 3947 918 4030 regia
941 3946 1023 4010 haec
1047 3967 1105 4032 par
1128 3945 1240 4010 fideles
1271 3947 1389 4009 missos
1414 3946 1589 4030 diligenter
1619 3967 1657 4009 ac
1679 3947 1841 4010 veraciter
1865 3947 2027 4030 inquirere

399 4052 535 4132 iubeat).
1093 4070 1098 4080 ·
1523 4049 1582 4131 (B.
1607 4050 1654 4126 II,
1672 4053 1750 4127 233;
1775 4049 1812 4112 P.
1830 4052 1920 4131 522.)

444 4257 554 4320 Anno
585 4257 880 4320 incarnationis
916 4256 1136 4320 dominicae
1166 4255 1440 4320 Dceenxxrv.
1471 4256 1587 4334 haec,
1622 4276 1719 4340 quac
1752 4263 1978 4341 sequuntur,

488 4360 667 4445 capitula
690 4361 854 4424 domnus
878 4382 948 4423 rex
970 4359 1145 4423 Karolus
1169 4361 1206 4423 in
1228 4361 1434 4425 Attiniaco
1451 4360 1648 4425 Kalendis
1672 4359 1763 4423 Iulii
1787 4361 1938 4424 statuit.
2045 4383 2070 4423 99

510 4513 589 4601 Gap.
611 4520 636 4579 l.
670 4466 867 4601 Episcopus
891 4507 1165 4580 Barcinonensis1
1190 4538 1226 4580 se
1249 4517 1457 4598 reclamavit,
1486 4516 1572 4601 quod
1596 4515 1719 4601 Tyrsus
1747 4516 1923 4602 presbyter
1946 4515 2024 4580 099-

403 4621 558 4685 dubensis
582 4621 613 4683 in
638 4621 779 4684 ecclesia
801 4621 886 4684 iutra
908 4641 1016 4684 muros
1047 4620 1148 4705 ipsius
1179 4620 1318 4684 civitatis
1343 4621 1408 4684 sita
1429 4641 1575 4685 scorsum
1605 4625 1784 4682 conventus
1816 4640 1919 4703 agens
1942 4640 2027 4705 pene

403 4724 484 4788 duas
508 4730 618 4808 partes
651 4746 692 4787 ex
726 4723 853 4788 decima
883 4725 985 4809 ipsius
1014 4724 1154 4787 civitatis
1187 4723 1250 4787 sibi
1275 4731 1412 4810 usurpet
1439 4731 1472 4788 99
1496 4724 1565 4788 sina
1589 4723 1676 4787 illiue
1699 4723 1832 4787 licentia
1853 4723 1971 4786 missas
1996 4731 2029 4788 et

404 4828 597 4912 baptisteria
633 4827 665 4890 in
702 4826 816 4890 eadem
849 4827 981 4891 civitate
1013 4827 1190 4912 praesumit
1227 4826 1396 4891 celebrare
1433 4835 1466 4891 et
1503 4833 1697 4891 convocatos
1731 4826 1772 4889 ab
1803 4827 1956 4912 episcopo
1988 4825 2029 4889 ad

404 4936 541 4994 matrem
558 4931 732 4994 ecclesiam
756 4932 854 4994 etiam
879 4931 911 4993 in
929 4929 1189 4994 solemnitatibus
1206 4929 1348 5015 paschae
1373 4950 1411 4993 ac
1428 4931 1604 4994 nativitatis
1621 4929 1754 4993 Domini
1778 4927 1819 4992 ad
1844 4952 1879 4992 se
1897 4923 2072 4993 revocatas

403 5041 501 5118 atquc
527 5041 712 5121 contempto
737 5036 890 5121 episcopo
914 5035 962 5098 eis
987 5035 1249 5098 communionem
1272 5033 1419 5115 largitur.
1474 5032 1570 5096 Unde
1594 5053 1721 5096 sacrum
1744 5031 1925 5096 Nicaenum
1950 5054 2027 5096 con-

405 5138 514 5201 cilium
547 5137 643 5200 dicit:
681 5130 919 5224 ι09199199992
951 5146 1074 5203 temore
1107 5159 1144 5201 ac
1179 5139 1362 5224 periculose
1399 5159 1505 5223 noque
1542 5137 1689 5200 timorem
1720 5136 1784 5200 Dei
1817 5158 1895 5222 prae
1926 5137 2028 5200 oculis

404 5239 564 5305 habentes
589 5262 648 5303 nec
673 5250 890 5324 agnoscentes
915 5241 1148 5306 ecelesiarum·
1172 5243 1320 5326 regulam
1344 5241 1515 5306 discedunt
1538 5240 1578 5304 ab
1603 5241 1742 5305 ecclesia
1766 5239 1949 5325 presbyteri
1973 5246 2030 5303 aut

509 5430 536 5495 9)
554 5431 753 5484 ecclesiasticam
775 5431 849 5484 0999.
870 5431 926 5483 Nic.

510 5601 536 5668 1)
555 5599 709 5668 09999999,Ι
726 5601 775 5666 cfr.
798 5599 890 5666 Gema,
907 5599 991 5654 Series
1008 5599 1087 5668 episc.
1106 5616 1127 5654 s.
1140 5617 1163 5655 9.
1182 5600 1335 5654 Baroclono
1351 5606 1375 5654 ct
1392 5599 1511 5671 diploma
1528 5601 1604 5668 infra
1622 5601 1730 5657 99919.
1749 5599 1822 5656 citat.
1901 5600 1929 5676 2)
1948 5599 2029 5654 0999.
2047 5614 2074 5666 tt

405 5702 467 5758 Nic.
487 5722 509 5759 c.
524 5706 564 5771 10,
584 5703 680 5757 Monoi
692 5703 734 5770 ΙΙ,
752 5704 799 5758 991.
813 5704 871 5758 682.
