4590 6420
357 446 625 503 ADDITAMENTA
643 448 692 502 AD
710 449 827 505 CAPIT.
846 450 926 505 REG.
945 449 1128 505 FRANCIAE
1147 447 1335 504 OOCIDENT.
1355 448 1504 518 (KAROIrl
1517 449 1564 519 11.)
1583 481 1614 492 -
1634 452 1681 506 Νι.
1694 453 1754 506 293.
1802 458 1864 518 417

241 621 439 707 permittitis.
491 621 578 694 Quid
607 623 692 686 enim
716 629 792 688 sunt
814 644 926 688 omnes
950 623 1127 703 christiani,
1150 622 1212 687 nisi
1236 621 1382 687 membra
1397 620 1554 687 Obristil'
1588 623 1633 688 nt
1654 632 1865 712 postpauca:
1883 638 1943 692 845.

241 724 391 805 ιΙιι1ιοο,
421 736 501 790 ros'
533 725 672 811 amplius
704 727 860 812 petimus,
892 724 955 790 Dei
983 727 1126 790 cultores
1154 725 1401 804 demonstretis,
1431 724 1517 810 quod
1548 725 1661 792 fideles
1684 729 1800 793 illius'
1823 730 1864 795 ab
1924 759 1926 762 ·

240 829 379 893 inimicis
409 830 480 893 eius
508 827 723 898 absolvitis¹.’
776 830 880 894 Itemy
908 829 993 894 idem
1025 829 1066 894 ad
1094 829 1310 893 Fortunatam
1340 830 1565 914 episcopum:
1607 823 1863 914 ‘Christiana⁴⁸',

240 932 355 1016 inquit,
378 932 567 1018 mancipia,
596 954 679 1018 quae
715 944 753 997 a¹
783 932 894 997 Iudeis
926 931 1132 997 adducuntur
1164 923 1257 996 autll
1281 930 1505 1016 possidentur,
1529 939 1586 997 aut
1617 935 1864 1002 mandatoribus

209 1059 221 1096 a
241 1035 473 1101 contradantur
495 1042 551 1100 aut
574 1043 663 1101 certe
687 1035 873 1100 christianis
897 1037 1097 1124 emptoribus
1114 1038 1220 1100 intra·
1243 1036 1329 1102 diem
1346 1035 1633 1122 quadragesimum
1652 1038 1864 1114 reudantnrl;

240 1146 275 1204 et
298 1145 463 1204 trausacto
497 1139 579 1204 hoc⁰
611 1138 737 1204 dicrum
770 1160 904 1204 numero
935 1139 1016 1204 necd
1050 1140 1136 1225 apud
1168 1162 1225 1204 eos
1260 1140 1407 1226 quolibet
1439 1141 1552 1206 modol
1582 1150 1783 1207 remaneant.
1830 1145 1865 1208 Si

240 1249 350 1308 autem
382 1243 540 1329 quaedam
572 1265 614 1308 cx
645 1241 769 1308 eisdem
803 1243 973 1328 mancipiis
1005 1244 1103 1307 talem
1135 1242 1376 1327 aegritudinem
1410 1244 1555 1308 fortassis
1585 1245 1795 1326 incurrerint,
1829 1255 1864 1311 ut

239 1347 342 1412 intras
364 1352 501 1411 statutos
530 1345 600 1412 dies
624 1345 719 1411 vendi
749 1347 982 1426 convaleant,
1014 1344 1199 1411 adhibenda
1227 1345 1413 1410 sollicitudo
1441 1353 1506 1423 est,
1537 1351 1589 1428 ut,
1618 1347 1714 1412 dum⁰
1744 1350 1864 1414 salutiss

241 1450 385 1516 luerint¹¹
408 1450 563 1536 pristinae
588 1450 748 1528 restituta,
773 1447 936 1514 similiter*
964 1448 1070 1512 modis
1102 1449 1252 1513 omnibus
1280 1448 1513 1515 distrahantur’
1538 1450 1669 1515 atinde
1693 1445 1865 1517 ‘fraudisf'⁰

198 1556 376 1620 retollatur
399 1562 516 1620 cuncta
538 1554 667 1618 occasio
691 1551 775 1618 ocrak
799 1551 978 1617 christiana
1002 1553 1163 1638 mancipia
1187 1553 1219 1616 in
1244 1552 1337 1618 domo
1360 1554 1454 1619 Indei
1477 1554 1626 1620 babitare
1651 1554 1819 1620 sinantur’.

349 1659 489 1724 Sanctus
514 1657 697 1723 Alchimus¹
723 1657 841 1721 Avitus
865 1655 1025 1720 ccclesiae
1043 1655 1241 1721 Viennensis
1258 1657 1432 1743 episcopus
1456 1664 1488 1722 et
1512 1663 1644 1722 sanctus
1662 1658 1864 1743 Apollinaris

241 1764 431 1829 ecclesiaem
446 1761 641 1827 valentinae
665 1765 699 1826 et
722 1765 855 1825 sanctus
872 1758 1049 1843 Gregorius
1066 1758 1267 1844 Lingonicae
1291 1759 1451 1824 ecclesiae
1475 1760 1649 1846 episcopos
1674 1765 1707 1824 et
1731 1769 1863 1827 sanctus

240 1866 446 1932 viventiolus
470 1865 652 1930 ecclcsiae¹¹
675 1862 904 1949 Lugdunensis
927 1865 1100 1950 episcopus
1130 1886 1203 1927 cum
1234 1865 1308 1929 aliis
1333 1865 1447 1950 viginti
1479 1865 1642 1951 episcopis
1671 1867 1703 1930 in
1732 1869 1863 1932 nomine

240 1970 373 2034 Domini
398 1968 605 2053 congregatis
628 1968 673 2032 ita
698 1974 891 2032 sanxerunt:
916 1959 995 2031 ‘Si5¹
1021 1968 1196 2053 superioris
1221 1968 1284 2032 loci
1305 1969 1441 2032 clericus
1458 1969 1594 2034 heretici
1612 1972 1864 2057 cuiuscumque⁰

198 2074 389 2139 recensitio
411 2073 607 2152 interfuerit,
631 2072 708 2135 anni
732 2072 836 2157 spatio
861 2071 1023 2136 ecclesiae
1046 2092 1162 2156 paoem
1187 2091 1252 2134 non
1276 2069 1419 2136 habebit.
1465 2072 1558 2145 Quod
1583 2074 1727 2139 iuniores
1751 2074 1862 2139 clerici

240 2179 288 2242 si¹‘
304 2177 593 2263 praesumpserint,
617 2174 843 2262 vapulabnotl.
889 2175 919 2239 A
943 2175 1116 2240 Iudeorum
1135 2186 1234 2239 vero1’
1258 2175 1414 2240 conviviis
1431 2177 1530 2241 etiam
1554 2177 1654 2241 laicos
1671 2179 1862 2243 constitutio

239 2289 351 2347 nostra
372 2280 551 2367 prohibuit,
582 2300 738 2344 naccum
762 2279 828 2342 ullo
853 2279 994 2343 clericoq
1017 2286 1129 2343 nostro
1153 2300 1272 2365 panem
1303 2278 1467 2358 comedat,
1497 2279 1663 2366 quisquis¹
1686 2280 1863 2346 Iudeorum

222 2385 389 2466 ,convivio
412 2385 509 2449 luerit
532 2382 739 2470 inquinatus)

350 2489 507 2554 Sanctus·
524 2486 695 2552 Caesarius
713 2487 873 2552 ecclesiae
890 2486 1094 2551 Arelatensis
1111 2507 1184 2550 cum
1208 2486 1281 2551 aliis
1297 2485 1444 2550 XXXV'
1468 2487 1646 2573 episeopis:
1671 2488 1805 2552 ‘Omnes
1813 2481 1863 2570 ω’,

197 2611 223 2652 ιο
241 2594 406 2680 inquiunt,
431 2593 596 2677 ‘deinceps
620 2590 730 2654 clerici
754 2590 822 2654 sive
847 2589 920 2654 laici
943 2588 1120 2654 Indcorum
1145 2589 1297 2654 convivia
1319 2590 1473 2672 evitante,
1498 2597 1531 2654 et
1554 2612 1614 2656 nec
1638 2611 1695 2655 eos
1719 2590 1759 2657 ad
1784 2613 1862 2656 con·

239 2698 361 2762 virium
386 2696 457 2782 quis
480 2696 641 2782 excipiat,
669 2696 777 2780 quia',
811 2715 883 2758 oum
913 2693 1000 2779 apud
1028 2693 1223 2759 christianos
1254 2694 1336 2758 cibis
1371 2696 1595 2760 communibus
1626 2717 1691 2760 non
1719 2703 1862 2775 utantur,

238 2800 407 2885 indignum
436 2805 485 2864 est
511 2805 610 2885 atque
640 2799 873 2882 sacrilegium'
904 2818 1014 2862 eorum
1049 2797 1138 2861 cibos
1170 2819 1190 2862 a
1220 2798 1403 2863 christianis
1434 2799 1535 2872 sumi;
1565 2811 1662 2863 cum¹
1692 2819 1748 2878 ea,
1779 2821 1862 2885 quae

239 2905 387 2991 apostolo
403 2895 648 2990 permittente53
672 2913 752 2966 nosy
769 2901 937 2978 sumimus,
962 2901 1003 2965 ab
1020 2901 1083 2966 illis
1099 2901 1285 2967 iudicentur
1301 2902 1489 2973 inmunda¹;
1513 2915 1577 2966 ac¹
1600 2903 1668 2967 sic·
1692 2901 1862 2967 interiores

239 3009 398 3096 incipiant
421 3029 495 3074 esse
518 3007 699 3087 catholicli,
723 3027 820 3092 qnam
843 3005 952 3086 Iudei,
980 3007 1028 3070 si⁰
1052 3017 1132 3070 nos⁰
1156 3006 1236 3086 illis,
1260 3026 1344 3090 quae
1368 3004 1432 3069 abd
1456 3007 1503 3069 eis
1531 3011 1756 3091 apponuntur,
1789 3013 1862 3070 uts-

195 3140 220 3180 ιι
240 3134 321 3194 mur,
345 3113 392 3178 illi
414 3133 493 3176 vero
518 3134 537 3175 a
559 3110 655 3175 nobis
677 3110 788 3175 oblata
811 3106 1066 3195 contempnant.'

346 3216 496 3280 Priscus·
531 3214 692 3279 ecclesiae
729 3212 960 3299 Lugdunensis
1002 3212 1190 3298 episcopus,
1230 3211 1418 3278 Artemius'
1450 3213 1645 3290 Senonicae,
1685 3211 1863 3278 Remedius

239 3321 405 3385 Bituricae
435 3326 469 3384 et
499 3322 631 3384 sanctus
662 3316 840 3402 Syagriusss
872 3315 1063 3380 Heduornm
1097 3317 1273 3401 episcopus
1306 3338 1378 3380 cum
1415 3318 1532 3381 ceteris
1562 3316 1710 3402 pluribus
1740 3323 1864 3381 statuta

238 3424 463 3489 ecclesiastica
487 3420 703 3487 reuocantesh
725 3421 772 3485 ita
795 3418 1004 3486 definierunt:
1044 3412 1140 3484 ‘Ne54
1168 3420 1261 3485 Iudei
1285 3420 1469 3485 christianis
1500 3420 1628 3506 populis
1656 3419 1779 3484 iudices
1803 3421 1861 3485 dc·

237 3533 391 3613 putentur
417 3533 473 3592 aut
497 3525 670 3590 thelonarii
695 3545 767 3590 esse
791 3523 1045 3610 permittanturl,
1077 3545 1134 3609 per
1158 3521 1244 3608 quod
1268 3523 1348 3601 illis,
1379 3523 1466 3608 quod
1490 3522 1581 3588 Deus
1605 3529 1748 3603 avertat,
1773 3523 1858 3586 chri-

195 3631 335 3697 sostiani
365 3630 537 3695 videantur
572 3627 667 3693 esse*
697 3627 845 3692 subiecti.
904 3627 948 3690 Ut
981 3626 1093 3690 Iudeis
1123 3648 1143 3690 a
1172 3647 1254 3690 cena
1282 3625 1415 3690 Domini
1446 3647 1549 3712 usque
1588 3626 1706 3711 prima¹
1740 3626 1862 3711 pascha

237 3733 415 3798 seeundum
444 3733 615 3798 edictumm
645 3732 771 3797 bonae¹¹
800 3731 1036 3795 recordationis
1065 3729 1173 3795 domni
1205 3730 1408 3796 Childcberti
1440 3731 1527 3816 regis
1562 3753 1622 3817 per
1649 3731 1776 3818 plateas
1807 3737 1863 3795 aut

237 3837 341 3902 forum
365 3837 458 3922 quasi
483 3836 702 3900 insultationis
734 3856 833 3899 causa
855 3833 1086 3898 deambulandi
1116 3835 1249 3899 licentia
1279 3833 1479 3920 denegetur,
1509 3841 1543 3899 et
1578 3841 1614 3899 nt
1645 3834 1863 3899 reverentiam

238 3943 362 4007 cunctis
392 3940 615 4005 sacerdotibus
639 3939 771 4003 Domini
795 3939 846 4002 vel
870 3938 999 4032 clericis
1022 3937 1200 4023 inpendent
1228 3959 1290 4003 nec
1314 3946 1391 4002 ants
1415 3938 1626 4004 sacerdotes⁰
1651 3947 1862 4002 consessump

341 4116 369 4182 v)
388 4118 507 4184 petimus,
526 4123 556 4167 ut
573 4132 619 4166 vos
637 4115 748 4182 amplius
768 4112 876 4165 13-16.
964 4111 997 4178 ιι)
1015 4114 1071 4164 eius
1089 4112 1112 4164 5.
1132 4113 1157 4164 6.
1244 4115 1273 4174 ιι)
1292 4113 1434 4165 absolvatis
1451 4111 1475 4164 9.
1496 4110 1603 4164 13-16.
1686 4110 1714 4178 y)
1733 4112 1795 4162 ltem

194 4206 384 4271 coepiscopum
403 4221 451 4252 om.
473 4201 580 4253 13-16.
677 4203 700 4258 a)
719 4219 767 4250 cnr.
788 4199 814 4258 l;
838 4216 965 4264 saparacr.
984 4198 1008 4249 2.
1105 4199 1131 4262 a)
1151 4197 1320 4250 ἰιι1ιιι2-4.
1340 4197 1449 4251 13-16.
1548 4199 1574 4254 bl
1594 4199 1774 4250 venundentur
1792 4197 1816 4248 b.
1835 4197 1860 4262 6,

238 4291 315 4356 Grsp.
406 4290 432 4352 c)
451 4306 499 4340 oar.
517 4285 602 4338 ‘2-4.
621 4285 644 4336 9.
666 4284 780 4338 13-16.
871 4284 1104 4348 d)om.13·-lli;
1135 4285 1211 4338 neti.
1304 4291 1328 4346 sl
1346 4303 1397 4337 nou
1417 4286 1479 4336 cdd.
1501 4285 1614 4338 13-16.
1707 4286 1732 4348 1)
1751 4285 1819 4336 iufra
1835 4283 1860 4336 2.

237 4375 261 4427 3.
279 4374 304 4428 9.
325 4372 439 4426 13-16.
527 4371 556 4439 g)
575 4372 679 4424 solitum
701 4371 721 4422 l.
811 4372 837 4431 1ι)
856 4373 909 4423 sint
929 4370 1043 4434 13-163
1066 4373 1138 4438 prist.
1158 4374 1327 4424 restituantur
1344 4372 1368 4424 4.
1461 4373 1481 4436 1)
1499 4373 1615 4424 similiter
1699 4371 1862 4437 vapulabunt

236 4460 295 4524 (lin.
315 4459 358 4525 lli)
377 4479 425 4511 ons.
446 4459 560 4510 13-16.
668 4458 695 4522 1ι)
714 4459 790 4508 noa.
809 4456 898 4520 4-63
925 4465 955 4509 ut
1060 4458 1221 4511 nonnintl.
1327 4459 1345 4522 1)
1366 4459 1480 4510 Alcimus
1498 4457 1523 4508 9.
1628 4458 1663 4522 ιιι)
1682 4459 1817 4524 episcopus
1835 4456 1859 4508 3.

237 4549 265 4608 ιι)
284 4557 389 4601 mactae
407 4548 491 4614 bugd.
509 4546 571 4598 eccl.
585 4543 608 4596 4.
679 4546 705 4610 o)
725 4547 876 4613 cuiusquam
894 4544 919 4597 4.
990 4545 1018 4614 p)
1036 4563 1085 4598 orn.
1100 4545 1123 4598 l.
1193 4545 1221 4612 q)
1240 4565 1289 4598 ons.
1307 4545 1331 4597 4.
1403 4545 1426 4610 r)
1439 4547 1574 4612 quisquam
1594 4543 1616 4596 l.
1686 4543 1766 4608 s)VI.
1782 4560 1860 4608 proa-

193 4655 219 4693 lo
237 4637 299 4687 mitt.
318 4633 428 4686 13-16.
516 4631 538 4700 t)
557 4635 631 4684 XXX
649 4632 678 4696 33
697 4635 771 4684 XXV
787 4631 811 4684 4.
902 4632 930 4696 ιι)
950 4633 1064 4685 devitent
1081 4633 1106 4684 9.
1200 4633 1227 4697 v)
1245 4634 1290 4700 qui
1308 4632 1333 4688 9,
1426 4633 1461 4696 ιι)
1479 4632 1632 4698 sacrilegum
1651 4629 1676 4681 ‘A
1690 4629 1713 4681 3.
1728 4630 1757 4693 5,
1785 4629 1860 4680 Ocrea.

236 4721 331 4790 Agatb.
414 4721 442 4784 x)
461 4738 520 4772 cum
539 4735 703 4771 ...soom
723 4717 832 4770 13-16.
913 4718 942 4785 y)
961 4717 1059 4782 ιιοιι6;
1078 4717 1330 4770 ιιοιι1ιιίιιιιιι2.3.
1349 4718 1372 4769 ll.
1460 4715 1485 4780 ιι)
1503 4734 1552 4768 om.
1571 4715 1595 4768 a.
1677 4713 1703 4778 ιι)
1722 4716 1758 4766 ito
1776 4731 1861 4766 marcar

236 4810 324 4870 cauda
342 4810 363 4861 sl
383 4808 460 4860 Corra.
478 4805 585 4874 Apsum
603 4807 670 4858 anim
689 4805 752 4857 add.
773 4804 881 4858 13-16.
964 4805 992 4874 1))
1009 4807 1142 4858 christiani
1161 4807 1235 4858 Dono.
1255 4805 1349 4872 Agalla
1437 4803 1462 4868 c)
1480 4804 1502 4854 si
1520 4821 1554 4855 uo
1568 4801 1590 4853 1.
1604 4801 1628 4866 ⁸2,
1647 4819 1714 4853 corr.
1733 4802 1755 4851 si
1773 4798 1860 4860 uos2;

236 4897 328 4947 sinon
346 4895 376 4958 ὃς
395 4894 503 4946 sienim
522 4911 568 4945 uos
586 4893 644 4945 illos
662 4890 687 4944 9.
761 4893 788 4956 d)
805 4909 854 4944 oro.
873 4890 950 4944 2-4.
968 4891 993 4944 9.
1007 4891 1117 4945 13-16.
1191 4893 1216 4956 e)
1230 4895 1287 4944 Vll.
1300 4893 1430 4958 procacia
1447 4889 1555 4942 13-16.
1626 4889 1650 4952 1)
1668 4888 1817 4940 Anthemius
1835 4885 1860 4936 ⁶2.

235 4979 317 5044 4-63
335 4981 488 5032 Archemius
505 4978 530 5032 3.
549 4977 574 5030 9.
644 4978 672 5046 g)
691 4979 807 5046 siagrius
823 4976 848 5029 4.
861 4977 885 5031 5.
901 4977 1008 5032 13-16.
1079 4981 1108 5044 h)
1126 4987 1286 5031 removentes
1298 4977 1323 5032 6.
1394 4979 1413 5040 i)
1431 4978 1625 5030 summittantur
1640 4971 1662 5026 l.
1732 4970 1860 5038 1ι)οπι.9.

192 5078 217 5118 ιι
236 5067 256 5132 1)
275 5068 312 5118 ito
331 5065 357 5131 1;
384 5067 496 5134 primum
514 5066 571 5118 rell.
677 5063 713 5128 m)
736 5065 833 5117 dictum
856 5063 881 5118 b.
899 5064 924 5116 6.
1028 5061 1487 5132 mammaemammal.
1592 5059 1618 5129 ο)
1637 5061 1775 5113 sacerdotis
1792 5057 1817 5111 4.
1835 5058 1860 5111 5.

236 5154 263 5222 p)
281 5169 435 5206 comensem
452 5151 530 5204 2-6.

339 5305 384 5372 48)
405 5303 528 5373 Grsporii
538 5303 562 5357 Ι.
577 5303 689 5372 Ropisa.
704 5302 745 5356 lm.
760 5303 817 5371 IX,
835 5319 874 5371 sp.
890 5303 947 5370 104,
966 5304 982 5357 l.
993 5320 1014 5357 c.
1025 5321 1053 5371 p.
1069 5305 1126 5372 lla,
1147 5303 1219 5369 Japr
1237 5304 1254 5358 1.
1266 5320 1287 5358 c.
1303 5303 1341 5370 1¹,
1361 5319 1402 5357 ar.
1421 5303 1493 5357 1629.
1565 5301 1608 5364 49)
1621 5303 1671 5354 ant
1684 5299 1860 5370 possidentur

234 5409 278 5464 bic
295 5409 389 5464 addita
407 5415 484 5471 auam
506 5407 560 5463 das.
579 5408 654 5477 aprrd
675 5408 753 5477 (ὅπερ.
852 5409 896 5474 50)
917 5408 952 5462 ut
977 5407 999 5462 si
1026 5426 1083 5478 qua
1107 5408 1172 5462 liliis
1190 5408 1248 5462 suis
1272 5406 1413 5476 mancipia
1431 5405 1535 5460 donare
1554 5403 1691 5468 voluerit,
1710 5408 1742 5460 nt
1759 5406 1860 5457 cuncte

236 5512 341 5566 lraodis
354 5512 471 5568 tollatur
483 5511 599 5575 occasio,
618 5513 687 5566 flant
700 5512 787 5567 modis
800 5511 928 5566 omnibus
941 5510 1094 5566 christiana
1106 5514 1136 5566 et
1148 5511 1177 5564 in
1190 5511 1272 5566 domo
1285 5510 1344 5564 eius
1357 5527 1413 5564 non
1426 5512 1560 5564 maneant
1574 5507 1650 5576 Gran.
1720 5509 1764 5572 51)
1781 5505 1858 5560 Ocno.

191 5635 217 5672 eo
235 5617 343 5684 upana
356 5617 415 5684 517,
427 5633 448 5676 c.
458 5617 498 5684 15,
513 5615 574 5669 LL.
587 5616 790 5684 t'orrc.1,p.2‘2.
848 5617 892 5682 5⁴2)
907 5615 1173 5685 (temnentem,
1188 5615 1284 5669 Mertai
1295 5613 1496 5680 1111601331.
1550 5613 1596 5678 53)
1611 5611 1858 5678 1.Οιιι·1π11ι10,21.

153 5779 154 5782 ,
235 5719 280 5789 54)
301 5719 378 5774 Ocno.
397 5719 505 5775 Maliba.
518 5719 539 5772 I
552 5719 588 5785 (a.
601 5719 673 5788 583),
691 5735 711 5774 a.
727 5721 834 5787 13-11,
854 5719 915 5774 LL.
935 5719 1013 5775 Gom.
1027 5719 1050 5787 I,
1063 5738 1091 5790 p.
1110 5721 1214 5790 lbllsq.,·
1230 5720 1280 5785 cfr.
1300 5734 1385 5788 supra
1398 5733 1428 5785 p.
1440 5717 1500 5782 416,
1518 5716 1567 5771 lia.
1580 5717 1621 5770 31.
1640 5717 1681 5770 32.

339 5831 375 5872 ut.
395 5831 561 5872 carnosiora
581 5831 605 5872 u.
1620 5813 1655 5867 53
