4568 6420
360 426 626 481 ADDITAMENTA
647 428 695 482 Al)
714 428 830 482 CAPIT.
850 427 930 483 REG.
952 430 1137 484 anshelme
1156 431 1343 484 OCCIDENT.
1364 429 1513 497 (vanem
1527 431 1570 496 ΙΙ).
1592 461 1620 469 -
1643 431 1691 484 Νι.
1705 430 1764 484 299.
1816 435 1878 495 449

250 607 411 686 quatenus
435 602 475 666 ad
501 623 592 666 suam
618 603 822 688 metropolim
847 604 982 669 redeant
1005 606 1099 690 eique
1123 604 1233 668 debito
1257 606 1327 669 iure
1353 626 1387 668 se
1411 605 1551 669 subdant
1574 605 1649 669 neci
1673 627 1693 668 a
1716 604 1872 667 canonica
1891 613 1952 666 859.

250 713 283 770 et
307 706 487 791 episcopali
503 706 752 772 communione*
776 729 810 772 se
829 715 1013 793 segregent.
1060 701 1383 773 Excommunicatis⁷
1401 710 1510 788 etiarn,
1533 710 1616 772 sicut
1633 730 1746 772 sacrae
1763 706 1875 772 decer-

249 817 330 871 nunt
354 801 518 893 regulaess,
548 809 769 895 nequaquam¹
793 812 1041 890 communicent,
1073 820 1106 876 et
1130 811 1338 876 Salomonem
1363 817 1601 891 commoneant,
1625 816 1661 874 ut
1683 811 1876 896 promissam

249 903 368 976 iidem9
391 913 533 996 glorioso
557 915 625 998 regi
649 912 773 978 Karele
797 914 950 979 observet
980 921 1013 979 et
1040 914 1127 1000 ipse¹
1158 921 1217 979 et¹¹¹
1249 915 1416 979 Brittones
1442 915 1756 980 exeommunicatis¹¹
1789 935 1876 977 com-

221 1037 232 1072 ι
252 1016 454 1080 manicantes
478 1018 537 1101 ipsi
561 1037 596 1080 se
620 1039 713 1082 saera
737 1020 963 1084 communione
988 1040 1052 1082 neu
1077 1019 1215 1104 privent.

357 1148 387 1208 9.
422 1144 473 1208 Ad
502 1153 695 1211 memoratos
727 1167 855 1231 queque
886 1147 1185 1211 excommunicatos
1220 1153 1334 1211 sancta
1374 1146 1516 1232 synodus
1547 1138 1709 1209 litteras¹⁰
1739 1145 1877 1209 direxit⁰

250 1249 361 1333 eisque
397 1270 503 1334 usque
538 1249 577 1313 ad
612 1252 791 1335 proximam
824 1251 967 1314 futuram
1002 1251 1162 1336 synodum
1198 1251 1379 1336 corrigendi
1416 1252 1557 1336 spatium
1592 1251 1706 1314 tribuit
1742 1271 1877 1314 monens

250 1352 474 1416 ecclesiastica
497 1354 637 1438 pietate,
662 1362 697 1418 ut
720 1360 952 1418 convertantur
975 1363 1009 1419 et
1032 1355 1156 1430 vivant;
1188 1355 1279 1440 quia,
1309 1355 1371 1418 nisi
1396 1376 1431 1419 se
1455 1355 1670 1434 correxerint,
1694 1355 1746 1417 in1‘
1768 1354 1878 1416 futura

251 1455 372 1539 synodo
396 1458 541 1540 generali
565 1458 779 1522 unanimitate
804 1458 1013 1523 anathemate
1038 1459 1174 1522 terribili
1198 1458 1366 1522 ferientur.

208 1607 232 1644 ιι
363 1589 409 1648 10.
445 1579 619 1650 Releeta¹l
644 1594 719 1651 sunt
742 1589 882 1672 denique
906 1589 938 1651 in
968 1588 1083 1652 eadem
1107 1589 1231 1674 synodo
1255 1587 1415 1673 quaedam
1448 1588 1606 1673 capitula,
1638 1609 1737 1673 super
1761 1586 1878 1671 quihus

250 1687 449 1772 quorundam
474 1690 610 1754 fratrum
634 1712 749 1756 sensus
773 1691 943 1756 dissentire
969 1693 1180 1776 probantum.
1225 1691 1320 1756 Unde
1345 1693 1500 1755 convenit
1523 1693 1609 1756 inter
1634 1692 1818 1777 episcopos,
1843 1698 1878 1755 ut

249 1790 322 1855 Deo
345 1793 476 1856 favente
499 1815 581 1879 paee
604 1817 642 1858 ac
667 1795 900 1880 tranquillitate
924 1801 1136 1880 recuperatar
1160 1796 1255 1859 simul
1280 1797 1473 1860 conveniant
1489 1803 1522 1858 et
1538 1797 1674 1881 prolatis
1692 1803 1876 1859 sanctarum

250 1897 482 1983 seripturarum
515 1905 612 1982 atque
645 1899 879 1964 catholicorum
907 1899 1078 1964 doctorum
1110 1902 1301 1982 sententiis,
1334 1922 1417 1986 quae
1450 1901 1576 1964 saniora
1608 1905 1692 1979 sunt,
1726 1899 1879 1964 concordi

250 2001 464 2065 unanimitate
488 2008 675 2087 sequantur.

212 2152 235 2190 ιι
365 2136 415 2196 11.
451 2131 598 2196 Tandem
621 2134 799 2217 postulavit
822 2134 990 2199 humiliter
1013 2136 1176 2219 generalis
1195 2134 1338 2220 synodus
1362 2154 1397 2197 se
1421 2133 1462 2198 ad
1479 2139 1598 2197 terram
1616 2153 1719 2217 usqne
1737 2137 1877 2217 proster-

250 2257 331 2298 nens
363 2242 440 2299 ante
473 2235 630 2300 Karolum
666 2259 776 2320 regem
813 2247 846 2301 et
874 2237 1052 2303 Rodulfnm
1080 2239 1282 2323 Biturigumn
1311 2237 1606 2322 archiepiscopum,
1640 2237 1816 2300 obsecrans
1845 2242 1879 2298 et

251 2338 407 2404 adiurans
431 2361 489 2425 per
513 2361 642 2403 crucem
666 2348 700 2405 et
723 2341 846 2405 Christi
871 2345 1074 2427 sanguinem,
1097 2350 1132 2406 nt
1149 2343 1351 2428 privilegium
1369 2343 1558 2404 monasterii
1575 2342 1679 2404 sancti
1697 2339 1879 2416 Benedicti,

250 2443 336 2527 quod
360 2449 525 2507 annuente
548 2445 697 2528 praefato
723 2466 799 2528 rege
823 2447 1047 2511 {insueverantt
1073 2448 1224 2532 quodque
1248 2447 1334 2510 idem
1352 2445 1511 2509 Rodnlius
1530 2446 1779 2530 subscripserat,
1804 2444 1880 2525 quiu

251 2547 432 2632 praefatam
457 2547 623 2610 abbatiam
648 2549 878 2632 inregulariter
901 2552 1092 2632 retinebam,
1118 2557 1221 2615 ratum
1246 2559 1279 2615 et
1302 2550 1528 2614 inconvulsum
1552 2569 1681 2612 servare
1700 2546 1878 2610 studerent.

211 2668 239 2707 au
258 2650 380 2723 Quodsi
405 2650 507 2714 abbas
531 2651 713 2735 neglegens
737 2660 771 2716 et
795 2655 897 2717 sacris
922 2655 1043 2739 regulis
1067 2654 1299 2719 inconveniens
1331 2675 1390 2739 per
1420 2653 1562 2718 directos
1587 2652 1702 2714 misses
1728 2652 1879 2714 inventus

251 2753 359 2830 fuerit,
383 2754 424 2816 ab
449 2753 564 2818 eadem
588 2757 784 2839 paternitate
810 2766 1028 2838 removeatur,
1053 2766 1086 2822 et
1110 2759 1204 2834 alius,
1228 2757 1283 2843 qui
1307 2757 1426 2841 dignus
1451 2763 1600 2842 repertus
1623 2755 1731 2830 luerit,
1756 2752 1878 2816 substi-

251 2862 371 2935 tuatur,
395 2864 427 2920 et
450 2857 610 2942 privilegii
634 2859 795 2942 regularis
822 2866 948 2924 statusv
971 2863 1003 2925 in
1029 2862 1144 2927 eodem
1168 2861 1365 2926 monasterio
1389 2879 1597 2946 quacumque
1617 2858 1790 2921 occasione
1814 2879 1878 2920 nen

251 2961 458 3024 destituatur.

363 3094 410 3154 12.
444 3090 538 3154 llaec
562 3092 601 3156 de
627 3093 812 3177 praecipuis
840 3094 872 3155 in
897 3091 1010 3156 eadem
1036 3113 1130 3154 saera
1159 3090 1282 3177 synodo
1311 3091 1401 3153 luere
1426 3094 1558 3153 statuta.
1605 3089 1779 3152 Caeterum
1804 3110 1878 3173 spe-

210 3223 235 3261 ιι
254 3195 350 3258 cialia
373 3195 413 3257 de
438 3195 620 3280 quibusque
646 3195 862 3280 parroechiis,
895 3202 990 3280 prout
1015 3196 1120 3258 visum
1146 3195 1220 3273 fuit,
1251 3191 1428 3256 secundum
1454 3193 1711 3255 eeclesiasticam
1736 3191 1878 3254 auetori-

254 3304 354 3362 tatem
379 3298 512 3362 definita
535 3307 568 3362 et
591 3301 754 3384 episeopis
778 3300 810 3363 in
834 3301 969 3384 propriis
994 3299 1193 3384 parroechiis
1217 3297 1258 3362 ad
1283 3295 1529 3380 exsequendum
1554 3303 1629 3360 sunt
1652 3296 1834 3360 commissa.

366 3665 414 3725 13.
449 3662 580 3727 Placuit
605 3664 770 3744 omnibus,
802 3671 838 3726 ut
862 3663 1003 3727 ereditur
1027 3663 1181 3726 instinctu
1205 3662 1328 3738 divine,
1353 3663 1405 3746 qui
1430 3660 1470 3724 ad
1495 3660 1681 3724 universale
1705 3661 1878 3723 concilium

253 3767 286 3828 in
318 3765 470 3829 viciniam
503 3766 706 3832 Tullensium
735 3769 976 3844 eenlluxernnt,
1006 3768 1158 3852 quoniam
1188 3767 1410 3829 calamitatum
1439 3765 1547 3828 taedio
1579 3764 1787 3828 laborabant.
1818 3783 1881 3846 que

255 3869 441 3932 invenirent
465 3871 597 3954 aliquid,
621 3873 678 3935 ubi
702 3872 933 3936 consolationis
956 3872 1063 3956 gratia
1086 3872 1297 3955 respirarent.
1345 3869 1537 3932 Statuernnt
1560 3869 1679 3951 itaque,
1704 3875 1739 3928 ut
1764 3888 1820 3951 pro
1846 3887 1879 3927 se

212 3972 392 4037 seinvicem
418 3993 541 4048 ornnes,
566 3973 641 4036 dum
664 3975 867 4054 adviverent,
892 3997 1004 4059 preces
1028 3975 1088 4037 inw
1105 3973 1264 4037 eiusmodi
1281 3972 1537 4057 frequentarent,
1562 3972 1685 4035 seilicet
1709 3979 1744 4033 ut
1761 3970 1880 4053 singuli

256 4097 313 4160 pre
344 4077 470 4138 cunctis
489 4067 562 4161 ¹per
590 4078 736 4162 singulas
767 4077 965 4142 ebdomadas
993 4078 1077 4142 feria
1107 4083 1223 4162 quarta
1257 4079 1388 4140 missam
1414 4077 1627 4140 celebrarent.
1675 4075 1754 4138 Post
1783 4095 1879 4137 voea-

255 4179 376 4241 tienem
400 4184 509 4242 autem
534 4180 708 4244 cuiuslibet
739 4203 851 4245 eorum
882 4183 1075 4266 superstites
1104 4181 1287 4259 obtineant,
1318 4187 1354 4243 ut
1378 4200 1435 4264 pro
1459 4200 1513 4259 eo,
1544 4180 1598 4264 qui
1622 4179 1817 4256 decesserit,
1848 4179 1881 4240 in

256 4281 390 4345 sedibus
415 4287 572 4366 septenae
597 4285 714 4348 missae
733 4284 934 4369 totidemque
951 4284 1080 4368 vigiliae
1100 4283 1240 4347 Domino
1258 4285 1496 4369 persolvantur,
1521 4304 1539 4345 a
1563 4283 1753 4367 presbiteris
1770 4289 1880 4346 autem

255 4385 525 4450 monasteriorum
550 4387 617 4452 sive
643 4388 790 4452 villarum
815 4394 904 4451 tres¹
927 4389 1068 4452 missae¹
1091 4385 1313 4472 totidemquey
1331 4387 1460 4470 vigiliae
1479 4385 1715 4470 dependantur.
1760 4385 1879 4450 Exitus

212 4519 237 4557 a
256 4495 365 4552 autem
395 4489 652 4573 uniuscuiusque
682 4491 823 4555 vicissim
851 4491 912 4576 piis
937 4492 1142 4555 currentibus
1166 4491 1282 4555 litteris
1314 4491 1505 4556 innoteseat.
1554 4488 1752 4564 Praesentes
1783 4491 1880 4554 etiam

257 4593 393 4657 abbates
418 4593 449 4655 in
474 4599 540 4655 tam
566 4595 735 4678 profutura
758 4597 914 4659 societate
939 4596 1061 4680 recepti
1088 4596 1205 4658 eadem
1230 4617 1265 4658 se
1290 4594 1472 4657 conditione
1496 4593 1682 4656 iunxerunt.

359 4959 379 5022 ἰ)
399 4977 430 5010 ne
448 4959 473 5010 3.
548 4959 575 5027 Ιι)
595 4960 794 5026 congregatione
812 4955 837 5010 4.
914 4957 934 5022 l)
952 4973 1115 5023 nequaquam
1200 4960 1255 5024 ipsa
1273 4976 1321 5008 ear.
1340 4956 1365 5008 3.
1383 4957 1408 5008 4.
1480 4957 1515 5018 ιιι)
1535 4957 1593 5008 ιι2.
1611 4957 1636 5008 3.
1707 4961 1734 5016 ιι)
1754 4974 1802 5008 eur.
1821 4956 1844 5008 3.
1859 4956 1882 5008 4.

256 5046 280 5111 o)
299 5047 386 5113 dirigit
405 5044 465 5096 lfa.
541 5043 567 5112 p)
586 5047 618 5096 ad
638 5047 751 5096 suturam
771 5045 898 5110 synodum
917 5041 940 5094 3.
960 5042 983 5094 4.
1060 5045 1087 5110 q)
1107 5046 1231 5112 probatur
1248 5043 1272 5094 3.
1355 5045 1377 5104 r)
1396 5043 1531 5109 impetrata
1550 5043 1573 5093 4.
1650 5043 1673 5106 s)
1693 5044 1845 5094 Biltnrionm
1858 5043 1882 5094 3.

255 5133 276 5196 t)
295 5135 440 5184 firmaverat
453 5131 477 5182 3.
491 5131 515 5182 4.
604 5130 632 5198 ιι)
651 5133 697 5197 qui
716 5169 760 5183 ...
780 5132 906 5182 retinebat
923 5149 971 5182 om.
984 5129 1013 5192 35
1032 5132 1077 5196 qui
1149 5133 1284 5194 retinebat,
1305 5137 1386 5180 ratum
1405 5139 1431 5180 et
1448 5146 1495 5178 ena,
1509 5127 1534 5180 4.
1623 5127 1650 5194 v)
1669 5131 1809 5180 aucteritas
1822 5129 1845 5180 3.
1859 5128 1883 5179 4.

212 5239 238 5278 ιο
256 5220 290 5283 w)
309 5219 456 5271 huiusmodi
474 5217 499 5269 5.
585 5219 612 5283 x)
633 5236 680 5269 ens.
699 5215 725 5267 4.
813 5219 840 5283 y)
859 5217 963 5269 totidem
982 5215 1007 5268 4.

361 5424 387 5490 7)
409 5423 465 5490 Osa.
484 5424 543 5476 cll.
639 5423 668 5489 8)
688 5421 767 5474 Coae.
786 5420 847 5474 Nic.
866 5423 926 5484 ab,
948 5419 1044 5474 Moesi
1058 5421 1099 5488 II,
1116 5421 1235 5475 col679.
1333 5420 1360 5486 9)
1379 5419 1413 5472 A.
1427 5419 1493 5484 852;
1511 5420 1585 5473 Ana.
1606 5417 1712 5472 Berlin.
1731 5417 1769 5470 ad
1785 5435 1810 5472 a.
1824 5421 1883 5484 852,

257 5527 272 5578 l.
286 5541 306 5580 e.
321 5543 350 5594 p.
364 5525 404 5579 41.
528 5526 571 5592 10)
594 5525 687 5577 Menai
704 5523 769 5590 XV,
792 5523 964 5590 colamsqq.
1089 5523 1131 5588 11)
1150 5522 1250 5592 Syaed.
1270 5523 1388 5591 Linpca.
1405 5523 1465 5588 859,
1491 5521 1585 5574 Iliensi
1604 5521 1670 5588 XV,
1695 5523 1884 5591 col.b3lsqq.;

256 5631 306 5696 cfr.
323 5629 502 5696 Hiacmoras,
522 5628 564 5682 Dc
578 5627 767 5695 praedestinat.
777 5634 875 5696 poster.
889 5627 1028 5696 dissertat,
1044 5627 1132 5698 Opera
1146 5629 1208 5696 Lp.
1225 5633 1299 5696 lsq.,·
1320 5627 1465 5693 Dalanda,
1483 5625 1619 5692 Ostsrc‘tnk.
1634 5628 1714 5682 Rciclr
1728 5628 1769 5694 1²,
1785 5645 1814 5695 p.
1825 5629 1883 5682 453.

361 5827 399 5864 ιι..
420 5826 587 5865 coniveamus
605 5827 629 5864 ιι.
1501 5800 1504 5806 ’
1643 5807 1677 5863 57
