4590 6428
333 614 392 669 828.

411 431 431 491 4
854 426 1065 482 HLUDOWIGI
1084 427 1133 482 PII
1151 425 1405 481 caemcntum.
1424 457 1456 466 —
1475 427 1524 482 Νι.
1538 427 1596 483 185.

515 599 694 680 Eprietolccm
720 599 939 662 constitutioni
964 621 1064 683 supro
1092 601 1193 664 editae
1217 599 1265 664 oel
1291 599 1454 680 aequatem
1480 599 1527 664 vel
1546 601 1666 680 paucis
1692 607 1818 666 tontum
1840 604 1951 668 dicim
1975 627 2039 669 esse

405 705 612 786 posteriorem
631 724 690 784 pro
712 707 793 766 certo
815 723 854 764 er
876 701 957 782 ipsis
979 702 1102 767 collutis
1124 702 1331 786 collepcrrdum
1353 708 1407 767 est.

514 807 677 872 Minorem
699 806 835 887 forvum
857 804 965 869 littora
987 806 1028 884 A,
1052 807 1202 871 maiorem
1224 805 1330 870 littero
1353 805 1387 870 B
1407 806 1614 890 sipncoimua.

1395 909 1453 993 (B.
1469 913 1498 990 1,
1515 914 1578 977 cea
1598 916 1627 976 a
1643 915 1723 990 ean
1746 912 1785 980 Ρ.
1800 914 1828 991 1,
1846 916 1935 990 cre.)

512 1072 559 1183 ln
587 1120 716 1185 nominc
746 1118 869 1183 domini
890 1119 954 1184 Dei
984 1125 1017 1182 et
1041 1117 1214 1183 salvatoris
1237 1117 1340 1182 nostri
1363 1117 1441 1183 lesu
1458 1117 1580 1184 Christi
1604 1118 1816 1184 Hludowicus
1839 1127 1872 1184 et
1895 1119 2034 1185 Hlotha-
2067 1149 2078 1185 e

408 1223 475 1288 rius
500 1223 609 1289 diviua
632 1222 802 1288 ordinante
825 1222 1029 1311 providentia
1057 1224 1269 1310 imperatores
1299 1224 1430 1307 augusti
1459 1224 1611 1288 omnibus
1634 1223 1786 1288 fidelibus
1816 1231 1949 1290 sanctae
1973 1225 2036 1290 Dei

409 1328 782 1394 mfflmmmm.

511 1431 690 1498 Recordari
714 1453 771 1497 vos
796 1429 969 1513 credimus,
993 1433 1134 1517 qualiter
1155 1431 1218 1496 hcc
1241 1453 1326 1496 anno
1350 1431 1485 1496 consilio
1509 1430 1715 1496 sacerdotum
1739 1437 1773 1496 et
1795 1432 1931 1497 aliorum
1953 1433 2034 1499 fide-

407 1537 486 1601 lium
519 1544 702 1602 nostrorum
733 1537 886 1622 generale
919 1537 1077 1602 ieiunium
1112 1558 1171 1622 per
1202 1543 1306 1603 toturn
1337 1557 1473 1622 regnum
1505 1540 1652 1599 nostrum
1684 1536 1849 1600 celebrare
1879 1537 2034 1601 iussimus

407 1639 580 1725 Deumque
603 1647 672 1706 tota
694 1640 868 1706 devotione
887 1640 1076 1726 deposcere,
1100 1647 1136 1704 ut
1158 1641 1253 1705 nobis
1276 1640 1466 1727 propitiari⁸
1488 1645 1550 1719 et⁸,
1574 1640 1608 1702 in
1631 1641 1748 1725 quibus
1772 1641 1864 1704 illurn
1888 1642 2031 1708 maxime
2052 1666 2078 1704 ιο

408 1744 590 1809 offensumb
613 1744 840 1824 haberemusb,
865 1744 958 1808 nobis
982 1744 1192 1809 manifestere
1217 1750 1250 1809 et
1272 1751 1308 1808 ut
1330 1742 1371 1808 ad
1396 1743 1629 1808 correctionem
1653 1749 1798 1808 nostram
1815 1745 2036 1810 necessariam

407 1849 616 1933 tranquillum
639 1851 770 1934 tempus
793 1848 888 1912 nobis
913 1847 1057 1912 tribuere
1074 1847 1273 1933 dignaretur.
1308 1847 1526 1912 Volueramus
1547 1847 1708 1933 siquidem
1726 1853 1873 1934 tempore
1890 1870 2036 1934 congruo
2156 1851 2159 1858 ’

407 1951 563 2035 placitum
593 1957 737 2015 nostrum
768 1951 922 2036 gencrale
949 1949 1074 2015 habere
1103 1956 1136 2013 et
1164 1950 1196 2014 in
1220 1950 1358 2014 eodem⁰
1380 1948 1421 2015 de
1446 1953 1610 2015 communi
1634 1954 1833 2017 correctione
1858 1973 1972 2038 agere;
2004 1958 2037 2015 et

407 2055 453 2118 ita
476 2052 548 2118 Dec
573 2054 749 2120 miserante
773 2055 881 2135 lieret,
905 2053 969 2118 nisi
992 2053 1168 2118 commotio
1190 2053 1412 2133 inimicorum,
1436 2054 1522 2119 sicut
1544 2056 1661 2136 nostis,
1685 2055 1922 2142 praepedisset.
1970 2054 2036 2120 Sed

408 2159 484 2242 quia
506 2165 583 2224 tunc
607 2159 678 2223 lieri
700 2180 766 2223 uon
790 2159 894 2246 potuit
914 2159 1009 2222 iuxta
1024 2158 1224 2223 voluntatem
1240 2163 1396 2237 nostram,
1422 2157 1525 2222 visum
1548 2159 1643 2222 nobis
1666 2159 1728 2223 luit
1750 2180 1907 2245 praesens
1931 2159 2033 2245 placi·
2053 2185 2078 2223 n

407 2266 475 2325 tum
500 2283 572 2326 curn
597 2262 761 2347 aliquibus
791 2283 835 2327 ex
856 2262 1005 2328 fidelibus
1035 2263 1157 2327 nostris
1185 2263 1308 2328 habere
1333 2269 1366 2328 et
1394 2261 1428 2326 in
1451 2284 1490 2329 ec
1515 2262 1554 2327 dc
1577 2263 1641 2345 his,
1674 2284 1756 2348 quae
1781 2271 1915 2350 propter
1937 2284 2033 2350 prae-

407 2362 530 2430 dictum
552 2365 821 2451 impedimentum
845 2373 1086 2446 remanserunt,
1116 2367 1255 2451 qualiter
1277 2365 1320 2430 ad
1344 2367 1498 2432 ellectum
1521 2366 1745 2451 pervenirent,
1775 2367 1918 2432 Domino
1941 2367 2034 2432 adiu-

406 2476 503 2534 vante
538 2469 755 2535 considerare.
819 2470 1026 2556 Quapropter
1059 2491 1158 2535 nosse
1194 2470 1345 2535 volumus
1385 2469 1549 2534 solertiam
1583 2476 1745 2551 vestram,
1786 2471 1870 2556 quod
1905 2472 1938 2534 in
1971 2473 2033 2536 istc

405 2574 572 2658 praesenti
593 2575 714 2660 placito
738 2594 811 2638 oum
834 2572 985 2638 fidelibus
1008 2574 1129 2638 nostris
1149 2573 1437 2653 consideravimus,
1459 2579 1497 2637 ut
1518 2571 1622 2659 primo
1640 2573 1782 2636 omnium
1799 2573 2034 2661 archiepiscopi

406 2697 480 2741 cum
504 2677 570 2742 suis
595 2677 812 2763 suffraganeis
835 2676 870 2740 in
892 2677 972 2743 locis
997 2679 1150 2764 congruis
1173 2683 1322 2764 tempore
1345 2683 1525 2764 opportuno
1542 2677 1754 2742 convenirent
1776 2683 1810 2742 et
1833 2677 1879 2741 ibi
1901 2684 1968 2743 tam
1993 2677 2032 2743 de
2051 2703 2077 2744 ro

407 2800 466 2845 sua
489 2801 584 2866 quam
609 2779 649 2844 de
674 2779 817 2845 omnium
840 2786 986 2846 nostrum
1010 2782 1211 2847 correctione
1235 2787 1268 2846 et
1289 2780 1518 2845 emendatione
1536 2779 1715 2845 secundum
1731 2779 1873 2844 divinam
1891 2781 2032 2846 auctori-

404 2887 508 2948 tatem
537 2883 723 2969 quaerendo
755 2883 941 2949 invenirent
971 2891 1004 2951 et
1032 2885 1127 2950 nobis
1156 2892 1255 2972 atque
1282 2883 1433 2950 fidelibus
1462 2883 1582 2949 nostris
1615 2883 1794 2949 secundum
1817 2885 2034 2950 ministerium

406 2987 468 3052 sibi
492 2988 699 3052 commissum
724 2985 965 3054 adnuntiarent.

770 3142 812 3209 A.

470 3244 555 3311 Item
569 3247 857 3328 consideravimus,
870 3252 907 3310 ut
917 3247 1036 3312 missos
1049 3254 1179 3312 nostros

405 3371 466 3436 per
487 3350 677 3414 universum
704 3371 841 3436 regnum
863 3357 1008 3415 nostrum
1031 3351 1178 3416 mittere·

403 3473 490 3532 mus,
529 3453 584 3538 qui
618 3453 659 3518 de
691 3454 841 3519 omnibus
869 3452 996 3536 causis,
1030 3477 1114 3543 quae
1138 3455 1179 3520 ad

404 3557 636 3621 correctionem
656 3558 819 3643 pertinere
836 3555 1033 3640 viderentur,
1058 3563 1179 3643 quanto

403 3659 589 3745 potuissent
617 3660 741 3741 studio,
775 3660 982 3727 decertarent
1010 3668 1058 3743 et,
1088 3663 1178 3747 quic-

403 3761 481 3847 quid
499 3763 656 3850 possibile
674 3765 868 3847 invenirent,
884 3787 944 3851 per
959 3764 1179 3851 semetipsostl

403 3873 516 3930 nostra
533 3869 728 3934 auctoritate
745 3869 947 3955 corrigerent
963 3877 1005 3951 et,
1025 3869 1053 3934 si
1070 3868 1179 3954 aliqua

404 3966 578 4035 difficultas
611 3973 645 4037 in
675 3972 819 4056 qualibet
846 3993 880 4037 re
912 3973 960 4038 eis
992 3973 1178 4054 obsisteret,

404 4069 445 4134 ad
480 4079 624 4139 nostram
663 4077 812 4141 notitiam
852 4076 979 4142 deferre
1015 4083 1178 4144 curarent.

404 4172 613 4262 Quapropter
628 4178 788 4260 volumus,
811 4185 920 4245 utros
945 4201 1058 4246 omnes
1081 4202 1178 4267 prop-

403 4284 455 4342 ter
478 4300 683 4347 communem
707 4283 847 4348 salutem
864 4289 897 4348 et
913 4286 1007 4370 regni
1022 4284 1178 4349 honorem

402 4401 440 4446 cc
468 4384 581 4469 populi
609 4386 786 4450 utilitatem
811 4385 1002 4453 obedientes
1030 4394 1064 4452 et
1085 4387 1177 4452 adiu-

404 4491 492 4550 tores
516 4487 624 4553 missis
648 4490 768 4554 nostris
791 4491 824 4554 iu
848 4491 999 4556 omnibus
1023 4513 1082 4578 pro
1101 4493 1177 4556 viri-

402 4589 464 4653 bus
488 4611 562 4656 esse
583 4613 647 4657 non
664 4594 864 4680 neglegatis3
889 4596 1049 4681 simulque
1066 4595 1178 4661 sciatis

402 4692 443 4758 ob
474 4693 559 4759 hanc
587 4718 720 4761 causam
750 4718 808 4762 nos
833 4700 919 4766 velle
949 4719 1009 4786 per
1032 4698 1177 4784 singulas

402 4796 624 4865 hebdomadas
655 4821 720 4865 uno
752 4800 805 4865 die
839 4803 873 4866 in
906 4803 1030 4889 palatio
1065 4809 1177 4867 nostro

402 4900 443 4964 ad
460 4922 576 4967 causas
593 4903 773 4969 audiendas
790 4898 938 4985 sedere1‚
961 4912 998 4969 ut
1017 4926 1077 4991 per
1091 4905 1177 4969 hunc

402 5011 458 5070 aut
491 5005 581 5071 illurn
613 5009 764 5072 comitem
798 5014 831 5073 et
862 5007 1068 5095 providentia
1097 5009 1176 5073 mis-

402 5129 512 5173 sorum
541 5115 574 5175 et
602 5111 790 5178 obedientia
818 5112 931 5200 populi
953 5112 1047 5177 nobis
1070 5113 1175 5177 mani-

401 5212 518 5278 festius
542 5222 710 5302 appareat.

503 5403 530 5470 a)
548 5406 694 5473 propitiaret
712 5407 746 5460 A.
831 5407 860 5472 h)
879 5408 1059 5462 offenderimus
1077 5409 1110 5462 B.

1202 5405 1228 5472 c)
1247 5406 1328 5460 coB.

1623 3141 1667 3208 B.

1324 3246 1404 3321 Quis
1435 3248 1521 3312 enim
1546 3268 1611 3312 uon
1641 3247 1761 3312 sentiat
1784 3245 1891 3312 Deum
1915 3249 2076 3314 nostriset

1258 3349 1459 3435 pravissimis
1490 3349 1618 3415 actibus
1647 3371 1719 3416 esse
1744 3350 1905 3415 offensum
1936 3358 1969 3416 et
1991 3351 2032 3416 ad

1257 3452 1460 3518 iracundiam
1487 3461 1711 3540 provocatum,
1747 3475 1820 3519 cum
1844 3453 1955 3519 videat
1986 3461 2034 3519 tot

1257 3557 1350 3622 annis
1382 3557 1568 3622 multifariis
1599 3557 1738 3642 flagellis
1770 3558 1851 3622 iram
1866 3557 1969 3642 ,illius
1999 3558 2033 3621 in

1256 3681 1358 3746 regno
1386 3661 1481 3725 nobis
1512 3660 1553 3725 ab
1584 3681 1623 3725 ec
1653 3661 1825 3726 commisso
1849 3661 2032 3742 desaevire,

1256 3763 1410 3829 videlicet
1431 3764 1464 3828 in
1488 3765 1573 3828 farne
1590 3765 1753 3845 continua,
1776 3765 1811 3829 in
1834 3765 2031 3830 mortalitate
2050 3787 2075 3826 sc

1256 3868 1462 3949 animalium,
1497 3867 1531 3932 in
1561 3869 1751 3953 pestilentia
1779 3868 1964 3948 hominum,
1999 3869 2033 3932 in

1257 3970 1431 4036 sterilitate
1460 3992 1545 4057 pene
1575 3972 1719 4037 omniurn
1742 3971 1888 4057 frugum,
1918 3978 1968 4052 et,
1996 3978 2033 4036 ut

1237 4075 1301 4142 ‚ita
1324 4074 1474 4156 dixerim,
1502 4074 1729 4140 diversissimis
1753 4075 1941 4139 morborum
1964 4074 2032 4139 cla-

1256 4178 1351 4242 dibus
1374 4185 1473 4264 atque
1496 4177 1685 4263 ingentibus
1708 4179 1853 4264 penuriis
1873 4179 2032 4265 populum

1255 4283 1349 4348 istius
1392 4282 1485 4367 regni
1528 4282 1762 4347 miserabiliter
1797 4289 1954 4346 vexatum
1998 4287 2032 4347 et
2049 4306 2074 4346 as

1256 4386 1411 4451 afflictum
1446 4391 1545 4471 atque
1575 4386 1661 4450 omni
1692 4384 1891 4449 abundantia
1923 4405 2031 4450 rerum

1255 4488 1396 4575 quodam
1409 4488 1505 4555 modo
1519 4489 1742 4553 exinanitum?
1756 4488 1826 4553 Nec
1838 4488 1918 4552 illud
1932 4489 2031 4554 etiarn

1255 4592 1440 4658 dubitamus
1459 4613 1501 4658 ex
1519 4592 1606 4656 iusta
1621 4590 1767 4656 vindicta
1782 4591 1869 4656 illius
1886 4592 2030 4672 evenire,

1254 4695 1339 4782 quod
1363 4717 1463 4783 saepe
1486 4694 1644 4761 scandala
1666 4716 1726 4780 per
1746 4700 1902 4781 tyrannos
1918 4695 1951 4758 iu
1967 4694 2029 4758 hoc

1253 4820 1355 4885 reguo
1380 4805 1573 4885 exsurgunt,
1596 4799 1652 4884 qui
1674 4819 1789 4884 pacem
1812 4798 1924 4885 populi
1944 4796 2027 4862 chri·
2046 4825 2073 4863 ιο

1255 4903 1352 4968 stiani
1386 4909 1419 4968 et
1448 4904 1608 4967 unitatem
1631 4903 1758 4988 imperii
1783 4923 1843 4966 suc
1867 4903 2029 4987 pravitate

1255 5007 1403 5071 nituntur
1431 5007 1591 5073 scindere.
1635 5006 1720 5071 Nam
1748 5011 1780 5069 et
1806 5005 1887 5069 illud
1910 5005 2029 5070 nihilo-

1255 5111 1361 5175 miuus
1393 5109 1537 5196 peccatis
1568 5110 1689 5175 nostris
1716 5108 1939 5195 deputandum
1968 5113 2029 5188 est,
2086 5149 2087 5152 =

1253 5214 1341 5301 quod
1371 5205 1516 5280 inimici2
1539 5212 1661 5278 Christi
1685 5212 1826 5278 nominis
1851 5211 2029 5299 praeterito

1416 5403 1443 5472 d)
1462 5405 1639 5473 presentaliter
1656 5403 1718 5458 Bul.
2047 5423 2073 5463 st

505 5556 531 5624 1)
552 5557 608 5624 Gfr.
627 5557 712 5624 infra
723 5557 877 5628 mpoaure
893 5561 1036 5616 missorum
1053 5561 1168 5626 nr.192,
1187 5576 1208 5615 c.
1222 5560 1270 5614 14.-
1296 5557 1355 5614 Hoc
1377 5557 1454 5612 missi
1472 5557 1561 5614 nostri
1579 5559 1677 5612 notum
1695 5557 1814 5622 faciant,
1838 5553 1913 5625 quod
1932 5570 1982 5608 nos
2001 5553 2030 5607 in

399 5659 475 5713 omni
494 5659 669 5715 hebdomada
691 5679 779 5715 unum
799 5661 873 5718 diem
896 5664 933 5719 ad
956 5681 1053 5720 causas
1075 5663 1229 5719 audiendas
1248 5665 1277 5718 ct
1294 5661 1460 5718 iudicandas
1477 5660 1573 5718 sedere
1590 5662 1727 5718 volumus.
1819 5660 1848 5726 2)
1869 5656 2031 5723 sarraceni,-

399 5763 523 5819 Amara
540 5764 622 5819 ma.
640 5764 691 5819 aar
709 5764 767 5833 (ss.
780 5765 803 5835 r,
818 5784 848 5836 p.
860 5769 932 5838 erc).
