4560 6426
410 431 471 493 332
537 426 780 482 carmennum
800 425 926 480 busun
946 423 1129 479 FRANGIAE
1148 423 1408 478 oculounuaurs
1426 423 1574 492 (KAROLI
1586 423 1631 492 11).
1651 452 1683 462 -
1702 424 1750 478 Nr.
1762 423 1822 478 274.
1841 424 1900 478 275.

332 610 392 664 869.
411 609 538 665 nostros
567 600 742 666 defendere
772 601 908 678 debent,
941 600 1097 686 deinceps
1127 599 1210 664 banc
1244 598 1448 663 occasionem
1479 597 1614 674 habeat;
1652 598 1709 664 sed
1744 619 1817 662 cum
1846 600 2026 665 necessitas

409 705 516 785 luerit,
540 704 625 769 sicut
647 705 879 790 praediximus,
903 704 944 769 ad
967 704 1086 768 missos
1109 710 1238 768 nostros
1261 710 1295 767 et
1319 701 1359 766 ad
1383 723 1479 787 pares
1503 723 1578 766 suos
1601 711 1782 768 occurrant.
1829 703 1871 767 Et
1894 705 1920 768 si
1943 705 2026 768 nos¹¹

411 807 506 871 eurah
529 809 717 894 specialiter
739 807 779 872 ad
803 828 862 871 nos
886 808 996 872 venire
1019 806 1282 872 mandaverimus
1306 807 1454 889 antipae
1478 805 1572 870 nobis
1589 807 1809 872 necessariam
1827 828 1958 872 eausam
1983 808 2024 873 de

410 918 520 975 nostra
543 910 701 976 fidelitate
724 912 874 975 nuntiare
898 910 1051 989 voluerit,
1083 909 1316 996 plenitudinem
1345 909 1525 973 bominum¹
1553 931 1683 975 suorum
1714 911 1779 974 illio
1812 911 1851 976 ad
1882 919 2025 976 nostram

410 1014 599 1080 fidelitatem
623 1014 868 1100 exsequendam
893 1015 1032 1079 dimittet
1055 1023 1089 1080 et
1111 1014 1220 1077 missis
1244 1013 1364 1077 nostris
1387 1013 1439 1077 vel
1463 1014 1595 1099 paribus
1618 1015 1685 1079 suis
1708 1015 1769 1080 boc
1786 1022 1897 1080 notum
1914 1017 2025 1082 iaciat.
2057 1037 2070 1075 a

410 1119 517 1184 Aliter
539 1127 647 1185 autem
671 1120 704 1184 in
727 1120 849 1184 nullam
871 1125 996 1205 partem
1025 1118 1064 1183 de
1088 1119 1145 1183 illa
1168 1126 1254 1182 terra
1277 1125 1407 1204 pergat,
1440 1119 1501 1182 nisi
1530 1139 1602 1184 cum
1626 1121 1788 1183 communi
1813 1121 1949 1184 oonsilio
1972 1121 2025 1185 vel

411 1223 690 1288 commendatione
720 1224 890 1288 missorum
922 1230 1106 1288 nostrorum
1141 1229 1198 1288 aut
1225 1222 1422 1306 reliquorum
1453 1222 1596 1287 fidelium
1625 1231 1823 1303 nostrorum,
1856 1226 1910 1309 qui
1936 1226 2026 1289 illam

411 1337 531 1393 terram
563 1329 737 1394 defendere
766 1329 896 1394 debent.
948 1329 991 1394 Et
1020 1331 1112 1394 missi
1146 1330 1247 1393 nostri
1281 1349 1354 1392 cum
1388 1327 1550 1414 episcopis
1585 1335 1618 1392 at
1649 1329 1820 1393 comitibus
1855 1349 1893 1392 ac
1921 1331 2026 1393 vassis

409 1435 545 1512 nostris,
577 1435 630 1518 qui
652 1455 750 1518 super
773 1454 875 1519 aquas
898 1440 1119 1515 commanent,
1148 1454 1206 1518 per
1236 1453 1316 1518 quas
1348 1431 1494 1497 infideles
1526 1435 1623 1497 nostri
1654 1433 1694 1497 ad
1723 1454 1857 1518 regnum
1880 1441 2026 1498 nostrum

411 1543 597 1610 transeunt,
629 1537 790 1615 ordinent,
814 1539 953 1622 qualiter
976 1536 1052 1602 illae
1075 1557 1175 1601 naves
1200 1536 1433 1613 custodiantur,
1465 1557 1505 1600 ue
1528 1535 1675 1601 infideles
1699 1538 1799 1601 nostri
1823 1537 1863 1600 sd
1887 1559 2024 1621 regnum
2044 1563 2072 1600 m

412 1648 557 1703 nostrum
582 1641 816 1705 devastandum
840 1642 978 1706 transire
1001 1641 1137 1727 possint.
1192 1640 1235 1705 ut
1264 1642 1437 1726 peronius
1461 1642 1647 1726 neglectum
1673 1642 1764 1726 ipsae
1787 1663 1887 1706 naves
1911 1650 2028 1728 postea

410 1745 493 1809 bene
518 1745 699 1812 custoditae
723 1768 786 1810 uon
810 1746 944 1820 luerint,
976 1747 1070 1810 nobis
1094 1747 1312 1826 renuntietur,
1341 1752 1377 1809 ut
1405 1767 1465 1810 nos
1489 1744 1716 1818 decernamus,
1746 1747 1886 1831 qualiter
1909 1745 1949 1810 de
1972 1748 2027 1810 illo

412 1856 635 1934 contemptore
659 1851 823 1935 praecepti
848 1850 950 1914 nostri
974 1850 1067 1934 quasi
1090 1848 1130 1913 de
1155 1848 1319 1935 proditore
1344 1850 1468 1934 patriae
1492 1851 1544 1934 agi
1569 1848 1699 1914 debeat.

525 1958 573 2019 15.
608 1953 662 2034 Ut,
687 1955 713 2018 si
737 1955 827 2018 missi
851 1955 950 2018 nostri
975 1955 1070 2018 talem
1096 1975 1227 2018 eausam
1251 1955 1282 2017 in
1308 1954 1364 2018 illa
1386 1961 1473 2018 terra
1489 1954 1682 2033 invenerint,
1705 1973 1801 2038 quam
1826 1953 1866 2017 ad
1882 1953 2028 2018 debitum

411 2057 506 2120 linem
530 2078 593 2120 nec
613 2078 672 2142 per
694 2058 757 2122 ista
771 2058 914 2144 capitula
936 2077 995 2121 nea
1018 2078 1076 2142 per
1092 2057 1232 2141 capitula
1247 2057 1489 2141 progenitorum
1506 2063 1688 2120 nostrorum
1705 2077 1811 2141 neque
1835 2078 1893 2142 per
1909 2058 2027 2142 legalia
2050 2082 2075 2120 rs

413 2161 556 2245 capitula
579 2160 757 2246 perducere
780 2162 918 2247 possint,
951 2161 1044 2225 nobis
1072 2160 1311 2226 rationabiliter
1339 2167 1372 2224 ot
1396 2161 1555 2225 veraciter
1584 2158 1776 2224 remandare
1806 2154 2029 2246 procurent17,

412 2272 447 2328 ut
471 2285 529 2326 nos
552 2265 617 2328 illis
640 2265 876 2345 remandemus,
901 2265 1041 2348 qualiter
1063 2263 1138 2329 inde
1161 2285 1261 2348 agere
1285 2263 1438 2330 debeant.

522 2372 569 2432 lb.
606 2367 650 2433 Ut
673 2369 811 2434 ministri
834 2369 987 2434 comitum
1005 2369 1038 2432 in
1054 2389 1248 2453 unoquoque
1270 2368 1425 2432 comitatu
1442 2367 1630 2454 dispensam
1646 2369 1817 2432 missorum
1837 2377 2030 2450 nostrorum,

413 2495 432 2537 a
455 2472 712 2558 quibuscumque
736 2473 805 2537 dari
828 2464 971 2552 debetffl,
996 2473 1167 2558 recipiant,
1192 2472 1275 2536 sicut
1298 2473 1330 2537 in
1345 2465 1535 2537 tractoria¹9
1559 2480 1669 2537 nostra
1685 2475 1886 2548 continetur;
1910 2481 1943 2538 et
1966 2476 2031 2561 ipsi

413 2575 679 2640 ministerialibus
702 2576 896 2642 missorumk
919 2584 1104 2641 nostrorum
1128 2597 1201 2640 eam
1218 2575 1366 2642 reddant.
1409 2575 1500 2640 Missi
1517 2585 1628 2641 autern
1644 2578 1743 2641 nostri
1760 2578 1963 2661 provideant,
1987 2600 2028 2642 ne
2049 2599 2076 2638 ao

414 2701 470 2765 pro
494 2680 554 2744 hac
579 2681 749 2745 occasione
774 2681 850 2746 inde
875 2682 1013 2745 ministri
1038 2681 1191 2744 comitum
1215 2680 1370 2766 amplius,
1402 2681 1464 2744 nisi
1492 2689 1646 2765 quantum
1677 2682 1708 2744 in
1740 2682 1896 2746 tractoria
1920 2690 2032 2746 nostra

414 2785 606 2862 continetur,
630 2783 706 2849 inde
730 2785 875 2870 exigant.

518 2975 545 3040 Ιι)
565 2993 640 3043 quern
659 2973 684 3026 3.
771 2975 791 3039 i)
810 2977 922 3028 omnium
943 2975 966 3035 l.
1055 2975 1083 3041 k)
1101 2976 1273 3028 ministrorum
1293 2974 1317 3027 3.

519 3148 560 3213 17)
587 3145 642 3212 (ifr.
669 3146 797 3214 Rama.
814 3145 988 3213 sol—Suc,
1017 3150 1078 3199 torn.
1096 3145 1125 3212 I,
1151 3161 1181 3214 p.
1200 3147 1262 3212 145,
1284 3163 1305 3202 c.
1322 3149 1353 3211 2;
1378 3147 1443 3216 Oop.
1467 3146 1537 3201 miae.
1562 3161 1625 3214 spica
1643 3146 1708 3210 80⁶2,
1735 3145 1751 3199 l.
1769 3161 1790 3200 c.
1815 3163 1843 3214 p.
1865 3139 2033 3213 101,'c.19.

416 3251 458 3314 18)
481 3248 535 3314 Cfr.
554 3247 639 3301 Hlad.
653 3247 692 3302 ΙΙ.
713 3249 778 3316 Cap.
792 3248 859 3315 Pop.
873 3249 931 3315 aar,
950 3263 1034 3316 acmo
1048 3249 1134 3316 aas,
1153 3264 1174 3302 c.
1187 3249 1211 3303 9.
1304 3251 1347 3316 19)
1370 3249 1521 3304 baoaria
1538 3250 1684 3318 eucarpium
1702 3254 1787 3302 ocsus-l
1805 3265 1891 3317 supro
1905 3267 1933 3319 p.
1949 3253 1989 3305 ll.
2052 3267 2078 3306 aa

486 3811 965 3922 Hrrooouror
1005 3813 1106 3922 uu
1147 3812 1473 3923 KAROLI
1513 3813 1967 3926 PAOTIONES

980 3969 1473 4082 METTENSES.

1181 4151 1277 4232 aar.

1038 4341 1112 4406 Vide
1134 4361 1233 4424 supra
1248 4366 1285 4426 p.
1305 4349 1421 4426 ldi'sq.

1025 4631 1433 4640 Μ

705 4924 802 5030 275.
851 4921 1273 5033 CAPITULA
1310 4923 1748 5036 PISTENSIA.

1139 5103 1222 5185 869
1250 5113 1317 5186 lul.

529 5279 582 5360 N
576 5296 641 5362 obis
655 5295 775 5362 tradita
789 5301 877 5362 scat:
903 5298 934 5384 l)
950 5297 1037 5381 apud
1052 5296 1263 5376 sirmondum,
1282 5297 1390 5364 Caroli
1408 5297 1499 5365 Osioi
1516 5298 1665 5380 Capritolo
1676 5321 1709 5383 p.
1724 5303 1795 5380 358,
1811 5307 1845 5364 ot
1861 5302 1980 5382 opinor,
2001 5323 2041 5366 ce

418 5401 518 5464 codice
533 5399 749 5466 Bellovaceasi
770 5406 912 5482 soorptm
944 5401 977 5487 2)
999 5401 1036 5464 ia
1057 5400 1121 5464 cod.
1137 5401 1332 5466 Barchinon.
1355 5401 1489 5466 archivii
1508 5422 1638 5466 coroooc
1653 5405 1835 5484 Arcupoaioc
1851 5411 1891 5468 40
1910 5405 1970 5490 fol.
1988 5412 2039 5482 51,

418 5505 491 5568 olim
514 5503 729 5584 Rioipollcasi
751 5505 901 5584 Boionia·
929 5505 962 5590 3)
986 5505 1022 5567 ia
1040 5502 1137 5568 Vatia
1160 5525 1222 5587 rap.
1249 5504 1363 5571 Uirrist.
1381 5509 1441 5570 291
1464 5506 1520 5586 fol.
1539 5510 1608 5575 120.
1652 5507 1687 5591 4)
1711 5509 1746 5570 ia
1766 5507 1916 5572 Vollicoli.
1946 5510 1979 5576 0.
2000 5515 2037 5575 16

414 5608 475 5692 sol.
498 5611 548 5673 79.
593 5607 627 5692 5)
655 5607 691 5670 irs
717 5608 813 5676 Vatis.
837 5611 919 5674 4982
948 5608 1008 5692 sol.
1034 5611 1103 5673 142.
1157 5609 1229 5675 Cori.
1252 5613 1281 5674 3.
1309 5609 1429 5674 exbibet
1456 5615 1600 5690 excerpto
1629 5614 1752 5676 matram
1778 5613 1986 5692 capitulorum
2008 5619 2037 5677 ct
2057 5643 2081 5682 aa

418 5711 673 5776 annuntiationis
694 5715 723 5774 ct
744 5733 800 5776 ora.
824 5733 848 5778 c.
869 5716 924 5792 12;
945 5713 1009 5780 cod.
1027 5717 1055 5778 2.
1079 5734 1135 5780 ora.
1160 5713 1442 5781 odarcntiolioaera.
