4590 6428
503 411 770 466 ADDITAMEN'PA
790 412 838 465 ab
856 411 1065 467 HLUDOWICI
1084 412 1133 466 Pll
1152 411 1405 466 CAPITULARIA.
1426 441 1457 451 -
1477 412 1525 465 Νι.
1543 412 1601 465 196.
1823 418 1863 480 47

237 584 411 669 pacificare
435 577 650 651 noverunt’ssss.
683 579 771 650 lid69
795 585 872 671 quid
896 586 994 650 etiam
1012 584 1210 650 constitutus
1233 584 1274 647 sit
1297 585 1483 670 imperator,
1507 585 1700 670 Fulgentius
1723 585 1756 650 in
1780 586 1863 652 libro
1881 595 1941 648 827.

237 687 278 752 de
308 689 446 752 veritate
473 687 758 774 predestinationis
788 698 820 754 et
850 691 975 774 gratiae
1003 682 1134 754 scribit:
1170 681 1504 754 ‘Clementissimusl0
1530 711 1659 774 quoque
1688 689 1865 774 imperator

236 813 302 856 non
335 792 408 856 ideo
440 799 490 857 est
513 815 570 857 vas
600 793 842 859 misericordiae
872 801 1079 880 preparatum
1107 794 1138 856 in
1168 793 1342 877 gloriamm,
1373 793 1450 877 quia
1479 792 1606 878 apicem
1630 794 1751 858 terreni
1773 794 1862 879 prin-

237 897 365 982 cipatus
388 896 526 982 accepit,
551 896 608 960 sed
633 898 659 960 si
684 895 737 961 in¹‘
760 898 920 984 imperiali
945 899 1085 962 culmina
1107 903 1196 961 recta
1216 896 1281 961 fida
1298 898 1387 962 vivat
1407 905 1439 961 et
1463 918 1542 962 vera
1558 896 1664 960 cordis
1678 896 1862 962 humilitate

204 1000 386 1086 spreditus
421 1001 550 1065 culmen
585 1001 695 1086 regiae
730 1001 899 1086 dignitatis
934 1008 1067 1066 sanetae
1100 1001 1253 1084 religioni
1284 999 1439 1074 subiciat;
1485 1001 1514 1064 si
1547 1001 1652 1086 magis
1684 1000 1717 1065 in
1746 1001 1863 1066 timore

238 1104 360 1168 servire
383 1103 465 1182 Deo,
490 1125 586 1189 quam
610 1106 642 1168 in
667 1105 782 1170 timore
807 1105 964 1170 dominari
988 1105 1109 1191 populo
1133 1105 1327 1180 delectetur,
1352 1105 1434 1168 siin
1459 1125 1497 1169 co
1522 1104 1640 1168 lenitas
1662 1105 1863 1170 iracundiam

236 1208 375 1292 mitiget,
399 1215 491 1272 ornet
506 1207 692 1294 benignitas
710 1217 918 1296 potestatem,
942 1211 969 1274 si
987 1233 1022 1274 se
1039 1210 1142 1294 magis
1160 1208 1373 1292 diligendum,
1398 1229 1493 1294 quam
1511 1207 1721 1273 metuendum
1738 1209 1863 1273 cunctis

237 1312 381 1388 exibeat,
405 1313 432 1375 si
456 1312 611 1377 subiectis
634 1314 808 1379 salubriter
832 1314 991 1392 consulat,
1016 1315 1043 1378 si
1067 1313 1224 1376 iustitiam
1249 1312 1296 1375 sic
1319 1319 1440 1392 teneat,
1464 1319 1500 1375 ut
1523 1311 1779 1376 misericordiam
1798 1334 1862 1377 non

237 1417 409 1500 relinquat,
434 1417 461 1480 si
485 1437 543 1502 pre
566 1417 715 1482 omnibus
739 1419 786 1482 ita
810 1439 844 1482 se
867 1423 1000 1481 sanotae
1024 1417 1137 1482 matris
1162 1416 1322 1481 eeclesiae
1347 1414 1527 1480 catholicae
1551 1415 1737 1480 meminerit
1751 1415 1863 1494 tilium,

139 1575 149 1590 .
194 1548 219 1586 ro
238 1526 276 1585 ut
303 1521 374 1584 eius
403 1520 476 1604 paci
503 1526 600 1605 atque
628 1519 854 1604 tranquillitati
882 1542 942 1605 per
964 1521 1152 1584 universum
1175 1518 1330 1582 mundum
1354 1517 1511 1604 prodesse
1536 1540 1629 1583 suum
1652 1519 1752 1584 faeiat
1774 1521 1861 1606 prin-

238 1624 391 1709 cipatum.
437 1623 543 1708 Magis
576 1625 663 1688 enim
691 1624 904 1688 christianum
937 1624 1061 1706 regitur
1091 1622 1282 1707 imparium,
1316 1621 1392 1685 dum
1422 1622 1647 1687 eeclesiastico
1676 1623 1775 1687 stetui
1803 1645 1864 1709 per

237 1748 367 1791 omnem
397 1735 518 1792 terram
550 1728 745 1803 consulitur,
777 1748 873 1812 quam
904 1748 975 1791 eum
1008 1727 1040 1789 in
1069 1733 1162 1811 parta
1190 1745 1393 1810 quacumque
1421 1731 1581 1790 terrarum
1609 1727 1862 1812 protemporali

238 1833 415 1895 securitate
438 1829 624 1916 pugnatur)
663 1830 758 1895 Unde
784 1836 817 1894 et
833 1829 991 1893 Ysidorus
1016 1828 1141 1893 scribit:
1173 1820 1387 1914 ‘PrincipesT'l
1413 1850 1551 1914 namque
1576 1830 1677 1894 seculi
1700 1851 1861 1894 nonnum-

236 1955 334 2019 quam
358 1935 441 1998 intra
464 1935 637 1999 ecclesiam
662 1935 833 2021 potestatis
857 1933 1016 2019 adeptae¹¹
1041 1932 1181 1996 culmina
1204 1937 1332 2010 tenent,
1360 1938 1396 1995 ut
1420 1954 1478 2018 per
1502 1933 1639 1998 eandem
1663 1938 1860 2018 potestatem

192 2062 218 2099 ιι
238 2039 443 2124 disciplinam
467 2040 725 2103 ecclesiasticam
749 2039 906 2103 muniant.
943 2036 1097 2101 Ceterum
1121 2037 1206 2100 intra
1229 2036 1404 2100 ecclesiam
1429 2043 1631 2121 potestates²¹
1653 2040 1862 2106 necessariae

237 2163 301 2207 non
330 2150 455 2221 essent,
486 2143 545 2206 nisi
573 2150 624 2222 ut,
657 2142 743 2227 quod
771 2164 837 2206 non
864 2142 1013 2228 prevalet
1039 2139 1193 2205 sacerdos
1223 2139 1354 2204 erficere
1386 2161 1444 2226 per
1473 2139 1639 2207 doetrinae
1667 2164 1868 2222 sermonem,

236 2251 383 2332 potestas
406 2246 468 2309 hoe
492 2246 631 2332 imperat
653 2268 713 2331 per
729 2245 921 2330 disciplinae
939 2241 1118 2308 terrorem’
1153 2243 1308 2307 Salomon
1324 2244 1355 2307 in
1370 2244 1569 2332 proverbiis:
1594 2239 1863 2312 ‘Misericordiam

236 2354 269 2412 et
292 2351 413 2414 veritas
437 2349 625 2414 custodiunt
648 2371 772 2434 regem,
797 2356 830 2413 et
854 2348 1022 2412 roboratur
1045 2347 1219 2411 clementia
1243 2347 1379 2411 thronus
1401 2346 1495 2414 eius’

345 2445 525 2538 Regale⁰³3
548 2474 687 2539 nanrque
710 2453 927 2517 ministerium
951 2451 1139 2537 specialiter
1159 2457 1219 2530 est,
1243 2451 1400 2536 populum
1417 2450 1480 2516 Dei
1495 2452 1680 2536 gubernare
1698 2461 1731 2519 et
1746 2476 1861 2540 regere

189 2587 218 2625 so
238 2579 311 2621 curn
336 2558 480 2642 equitate
509 2563 542 2620 et
569 2549 694 2621 iustitia
723 2564 771 2635 et,
800 2562 836 2620 ut
863 2576 979 2641 pacem
1004 2562 1037 2619 et
1061 2553 1266 2618 concordiam
1291 2553 1452 2636 habeant,
1484 2554 1624 2620 studere.
1671 2557 1747 2643 Ipse
1776 2560 1861 2623 enim

238 2660 337 2726 debet
363 2662 466 2746 primo
490 2660 644 2725 defensor
667 2681 740 2724 esse
765 2660 977 2724 ecclesiarum
1006 2665 1040 2723 et
1063 2678 1231 2722 servorum
1254 2656 1334 2736 Dei,
1362 2657 1546 2740 viduarum,
1576 2660 1761 2726 orfanorum
1785 2683 1860 2726 cae-

237 2773 445 2849 terorumque
469 2785 649 2849 pauperum
675 2784 801 2828 necnon
826 2770 860 2828 et
883 2762 1026 2826 omnium
1050 2760 1274 2844 indigentium.
1313 2761 1421 2848 Ipsius
1442 2763 1529 2826 enim
1549 2768 1652 2827 terror
1669 2771 1702 2830 et
1719 2764 1860 2830 studium

236 2868 476 2948 huiuscemodi,
507 2869 540 2932 in
568 2876 723 2954 quantum
752 2867 908 2955 possibile
936 2875 1002 2946 est,
1034 2887 1107 2930 esse
1132 2865 1246 2945 debet,
1277 2867 1398 2952 primo,
1430 2874 1466 2930 ut
1495 2868 1584 2931 nulls
1613 2869 1771 2934 iniustitia
1793 2870 1861 2948 fiat,

236 2971 372 3048 deinde,
403 2972 432 3035 si
460 2973 623 3050 evenerit,
655 2979 690 3035 ut
718 2972 807 3036 nullo
836 2971 1029 3038 medaeam
1052 2969 1233 3034 subsistere
1257 2971 1425 3055 permittat
1448 2991 1508 3035 nec
1532 2993 1624 3058 spem
1647 2971 1862 3038 delitescendi

190 3102 216 3141 es
237 3077 306 3140 sive
336 3075 499 3140 audatiam
531 3077 615 3140 male
644 3076 762 3160 agendi
793 3077 944 3162 cuiquam
972 3075 1144 3160 relinquat.
1190 3073 1256 3138 Sed
1286 3073 1391 3138 sciant
1414 3095 1541 3152 omnes,
1571 3077 1738 3161 quoniam,
1769 3077 1796 3141 si
1820 3076 1861 3141 ad

236 3180 338 3265 ipsius
366 3179 515 3243 notitiam
542 3181 731 3264 pervenerit
754 3180 921 3266 quippiam
947 3179 1039 3260 mali,
1070 3179 1156 3264 quod
1179 3178 1384 3256 admiserint,
1417 3198 1622 3264 nequaquam
1645 3181 1861 3246 incorrectum

236 3291 294 3347 aut
322 3283 459 3347 inultum
491 3284 684 3365 remanebit,
721 3284 778 3348 sed
808 3285 902 3348 iuxta
935 3284 1013 3347 lacti
1045 3283 1235 3368 qualitatem
1269 3283 1331 3347 erit
1362 3281 1475 3346 modus
1504 3282 1610 3347 iustae
1641 3285 1862 3351 correctionis.

235 3385 330 3450 Unde
354 3393 493 3472 oportet,
517 3393 554 3451 ut
576 3388 658 3473 ipse,
683 3388 738 3472 qui
761 3386 860 3451 iudex
883 3392 934 3450 est
958 3384 1111 3462 iudicum,
1136 3405 1268 3449 causam
1285 3405 1466 3470 pauperum
1490 3384 1531 3449 ad
1556 3407 1591 3450 se
1614 3387 1741 3472 ingredi
1763 3388 1863 3453 faciat

237 3496 270 3554 et
292 3490 465 3574 diligenter
489 3491 644 3576 inquirat,
675 3511 716 3554 ne
739 3490 823 3554 torte
846 3490 959 3574 aliqui,
988 3489 1043 3574 qui
1067 3489 1108 3552 ab
1132 3508 1171 3552 eo
1195 3489 1364 3552 constituti
1386 3495 1462 3552 sunt
1485 3494 1518 3552 et
1540 3490 1644 3554 vicem
1668 3492 1738 3555 eius
1761 3511 1861 3577 agera

189 3591 360 3657 sedebant
393 3595 424 3658 in
455 3595 594 3679 populo,
629 3595 749 3658 iniuste
781 3600 838 3657 aut
867 3593 1082 3677 neglegenter
1110 3611 1273 3677 pauperes
1305 3591 1534 3677 oppressiones
1565 3593 1634 3678 pati
1661 3595 1862 3678 permittant.

238 3694 328 3759 Scire
351 3703 461 3762 autem
485 3718 760 3783 unumquemque,
785 3693 959 3760 cuiuslibet
982 3696 1025 3760 sit
1048 3694 1180 3774 ordinis,
1204 3701 1344 3779 oportet,
1368 3695 1454 3780 quia,
1480 3697 1506 3759 si
1523 3695 1564 3761 de
1582 3697 1692 3760 ocioso
1710 3718 1861 3762 sermone

237 3798 308 3864 Deo
339 3801 499 3864 rationem
529 3799 715 3865 redditurus
744 3792 839 3877 escit,
870 3800 972 3865 multo
1001 3800 1105 3884 magis
1134 3798 1174 3863 de
1205 3799 1384 3863 ministerio
1414 3799 1476 3864 sibi
1502 3799 1656 3864 divinitus
1680 3802 1860 3866 commisso.

237 3895 367 3967 Unde?l
389 3902 506 3967 beatus
524 3903 598 3968 Iob:
629 3897 826 3989 ‘eumquel‘
849 3903 998 3969 sederem
1023 3903 1118 3988 quasi
1141 3924 1201 3967 rex
1218 3903 1449 3966 circumstante
1465 3904 1621 3981 exercitu,
1645 3926 1735 3968 eram
1751 3911 1862 3969 tamen

238 4007 432 4071 merentium
460 4008 660 4082 consolatam
695 4009 783 4071 auris
812 4006 948 4071 audiens
977 4006 1188 4071 beatificabat
1218 4026 1270 4070 me
1299 4013 1332 4068 et
1362 4005 1473 4070 oculos
1501 4005 1615 4072 videns
1642 4009 1862 4074 testimonium

188 4137 216 4175 ss
238 4109 396 4174 reddebat
417 4111 530 4191 michi,
562 4111 647 4195 quod
670 4111 862 4174 liberassem
887 4130 1065 4195 pauperem
1087 4109 1322 4174 vociferantem
1345 4115 1379 4174 et
1402 4109 1577 4196 pupillum,
1608 4112 1661 4175 cui
1684 4133 1748 4177 non
1772 4119 1863 4178 esset

236 4213 374 4278 adiutor.
419 4213 613 4280 Benedictio
649 4214 803 4300 pauperis
841 4233 940 4298 super
973 4235 1025 4278 me
1054 4213 1224 4292 veniebat,
1260 4220 1293 4278 et
1325 4232 1381 4277 cor
1411 4213 1530 4279 viduae
1562 4216 1745 4281 consolatus
1774 4238 1862 4294 sum;

236 4319 359 4384 iustitia
382 4318 515 4383 indutus
539 4339 610 4382 sum
635 4325 668 4383 et
690 4318 809 4382 vestivi
831 4338 883 4381 me
909 4318 993 4383 sicut
1009 4318 1204 4382 vestimento
1227 4323 1260 4380 et
1282 4316 1465 4382 diademate
1486 4317 1600 4382 iuditio
1620 4339 1703 4385 meo.
1740 4320 1863 4386 Oculus

236 4423 283 4486 lui
306 4443 382 4486 ceco
407 4429 440 4486 et
464 4442 522 4507 pes
546 4421 679 4496 claudo:
710 4429 803 4506 pater
825 4440 913 4484 cram
937 4441 1119 4506 pauperum
1144 4427 1177 4484 et
1202 4440 1350 4498 causam,
1373 4441 1470 4505 quam
1495 4422 1698 4503 nesciebam,
1722 4423 1862 4510 diligen-

237 4527 362 4591 tissime
392 4525 640 4611 investigabam.
683 4523 900 4589 Conterebam
931 4525 1055 4588 molas»
1085 4525 1186 4608 iniqui
1217 4531 1250 4588 et
1279 4523 1431 4588 dentibus
1459 4523 1546 4588 illius
1576 4525 1763 4591 auferebam
1787 4548 1862 4613 pre-

186 4653 218 4693 ιο
238 4628 334 4695 dam!
374 4621 599 4693 Salomonzffi
629 4627 728 4709 ‘Rex,
757 4629 812 4712 qui
836 4626 931 4693 sedet
953 4628 986 4691 in
1009 4627 1090 4692 solio
1114 4627 1229 4708 iuditii,
1254 4628 1389 4713 dissipat
1412 4648 1508 4692 omne
1532 4630 1653 4693 malum
1676 4638 1758 4696 nutu
1781 4629 1861 4697 suo’

235 4731 320 4796 Item
343 4731 430 4796 idern
454 4733 488 4797 in
511 4731 593 4796 libro
618 4731 814 4818 sapientiae:
852 4723 1035 4816 ‘Diligitel8
1058 4732 1231 4811 iustitiam,
1260 4732 1315 4816 qui
1338 4730 1487 4796 iudicatis
1510 4738 1644 4813 terram,
1679 4735 1797 4800 sentite
1821 4734 1862 4800 de

235 4834 378 4899 Domino
409 4837 443 4901 in
473 4836 619 4901 bonitate
650 4842 683 4900 et
712 4837 745 4900 in
775 4835 984 4921 simplicitate
1013 4835 1120 4900 cordis
1151 4837 1298 4921 quaerite
1327 4833 1440 4899 illum’
1485 4836 1570 4902 Item
1598 4837 1658 4900 ibi:
1694 4832 1863 4904 ιΑιιιίἰῐιι79

340 5026 376 5094 ιιι)
394 5025 512 5095 glorial.
583 5028 612 5092 n)
628 5028 736 5093 adeptae
814 5033 952 5094 potestates
970 5044 1018 5078 oni.
1032 5026 1056 5078 1.
1127 5027 1152 5092 ο)
1171 5029 1285 5095 regalem
1298 5026 1321 5078 1.
1391 5025 1418 5094 p)
1436 5027 1630 5093 molesiniquas
1644 5027 1667 5081 l.
1731 5029 1759 5095 q)
1778 5047 1826 5081 om.
1841 5030 1863 5083 l.

339 5196 383 5263 69)
404 5194 555 5250 Concordat
573 5211 632 5248 cum
651 5193 728 5248 dosa.
742 5194 864 5263 Αᾳιιίεφ.
877 5195 937 5262 836,
951 5211 1021 5263 pars
1033 5195 1091 5262 ΙΙΙ,
1108 5211 1129 5249 c.
1143 5196 1168 5258 2,
1187 5196 1203 5248 l.
1217 5211 1237 5250 e.
1254 5196 1302 5250 ool.
1314 5196 1373 5250 685.
1462 5195 1506 5262 70)
1525 5195 1694 5264 Fulgentius,
1713 5195 1744 5250 de
1758 5197 1864 5250 caitae

185 5313 216 5351 ss
231 5296 361 5364 meabat.
379 5298 422 5353 ab.
436 5298 478 5366 11,
497 5282 517 5352 d.
531 5299 573 5366 38,
595 5297 683 5366 Opera
701 5297 738 5350 ed.
754 5297 868 5352 Vasates
881 5298 956 5365 1742,
971 5314 1002 5366 p.
1015 5297 1073 5353 215.
1175 5300 1220 5366 71)
1239 5298 1338 5352 Isidem
1355 5298 1605 5366 liocsmflnsr,
1624 5305 1683 5354 tom.
1700 5300 1746 5367 VI,
1761 5299 1863 5367 2344.

234 5400 280 5466 72)
301 5399 380 5454 Pron.
398 5403 441 5469 20,
453 5402 496 5456 28.
603 5401 646 5467 73)
668 5399 724 5466 Osr.
744 5399 821 5455 Cone.
840 5400 928 5456 Pacis.
948 5400 990 5455 lio.
1004 5401 1043 5468 11,
1061 5417 1083 5455 c.
1096 5403 1121 5470 2,
1140 5403 1157 5456 l.
1169 5418 1190 5456 e.
1208 5403 1255 5457 col.
1268 5403 1334 5466 577,·
1360 5408 1483 5456 amunte
1499 5404 1628 5457 consentit
1647 5403 1724 5458 Cone.
1741 5403 1864 5471 Aquinas.

233 5503 299 5570 836,
322 5519 390 5570 pars
408 5503 470 5571 ΠΙ,
497 5520 519 5558 c.
537 5505 567 5571 3,
595 5505 611 5558 l.
629 5521 651 5558 c.
674 5505 720 5558 col.
739 5503 790 5558 685
808 5519 844 5572 sq.
963 5503 1008 5572 74)
1038 5505 1136 5558 Masta.
1164 5506 1205 5572 12,
1223 5507 1265 5560 36.
1382 5505 1427 5574 lb)
1453 5505 1531 5560 Oonc.
1555 5507 1645 5561 Paris.
1668 5506 1710 5561 bb.
1729 5506 1773 5574 ΙΙ,
1797 5522 1820 5560 e.
1837 5507 1863 5573 2,

233 5608 250 5660 l.
269 5622 291 5660 c.
314 5607 360 5662 ool.
379 5607 438 5674 577,
465 5607 551 5661 nadab
570 5631 602 5654 =
623 5605 702 5664 Coae.
720 5607 844 5677 Apulam.
862 5609 927 5675 836,
951 5623 1020 5676 pars
1039 5607 1100 5676 ΙΙΙ,
1119 5624 1140 5662 c.
1157 5609 1185 5676 4,
1209 5609 1225 5662 l.
1241 5624 1264 5663 e.
1281 5609 1328 5662 col.
1345 5609 1405 5664 686.
1510 5610 1554 5674 76)
1579 5609 1626 5664 Iob
1642 5609 1684 5678 29,
1699 5609 1862 5665 eall-17.

234 5711 281 5782 77)
302 5709 381 5766 Prcc.
398 5711 441 5782 20,
454 5711 479 5766 8.
585 5712 629 5780 78)
649 5711 711 5782 Sap.
729 5714 785 5782 l,l.
890 5714 934 5782 79)
952 5712 1019 5784 Sap.
1037 5714 1062 5782 6,
1074 5713 1151 5767 2-8.
