4634 6436
445 439 505 500 148
615 433 733 490 Pnors
752 433 798 488 ΕΤ
817 419 1030 488 PRAECEP'PA
1043 431 1227 487 veneries
1246 430 1427 499 (wlnonis
1445 431 1624 500 eunom).
1643 461 1675 472 -
1695 431 1742 486 Νι.
1758 433 1818 488 239.
1835 432 1895 487 240.

365 618 425 672 891.
445 614 515 673 orta
538 608 636 672 luerit
659 607 755 673 etad
779 607 996 672 iuramentum
1020 627 1118 671 causa
1140 608 1335 692 pervenerit,
1359 605 1535 671 secuudum
1560 605 1677 670 seriem
1693 598 1799 691 pacti¹
1816 605 1994 670 diffiniatur
2010 627 2070 691 per

443 710 565 774 electos
590 710 760 774 duodecim
789 711 961 782 iuratores;
994 715 1028 773 et
1051 710 1284 795 cuiuscumque
1307 709 1415 794 gentis
1439 709 1482 773 sit
1505 709 1602 773 homo
1625 709 1695 788 ille,
1719 730 1791 773 oum
1816 730 1879 794 quo
1902 709 2068 794 predictus

443 813 510 878 dux
534 815 762 878 contentiones
790 812 959 892 habuerit,
992 813 1151 876 iuratores
1180 820 1290 877 tamen
1320 811 1360 875 de
1388 813 1443 876 illo
1473 813 1662 876 commitatu
1686 813 1860 896 eligantur.
1891 813 1946 876 ubi
1970 833 2069 876 causa

443 909 628 994 requiritur.
672 917 866 972 concessimus
889 934 1001 987 quoqne
1029 920 1125 972 sancte
1152 917 1370 987 metropolitano
1393 906 1467 970 eius¹
1490 916 1605 988 ecclesie
1629 916 1673 970 vel
1696 916 1905 987 episcopatibus
1929 917 1982 971 sibi
2006 917 2067 970 sub·

443 1002 523 1056 iestis
541 1006 627 1071 atque
645 1001 875 1057 monasteriorum
894 1001 1017 1056 cenobiis
1035 1000 1173 1056 iustitiam
1191 1001 1386 1070 requirendam
1407 1001 1441 1055 de
1459 1000 1515 1055 suis
1533 1000 1615 1055 rebus
1632 1001 1661 1054 in
1680 1017 1768 1056 annos
1787 1001 1900 1070 legales,
1918 1001 2068 1055 secuudum
2099 1015 2111 1052 a

443 1092 519 1160 quod
547 1080 716 1146 Ravennaek
744 1090 831 1145 habet
860 1089 986 1144 ecclesia.
1037 1089 1091 1144 Sed
1121 1086 1154 1144 et
1181 1091 1235 1145 hoc
1262 1089 1460 1145 constituimus
1488 1093 1575 1158 atquc
1602 1107 1653 1160 per
1674 1090 1728 1144 hoc
1754 1094 1882 1145 nostrum
1905 1094 2068 1160 preceptum

446 1192 605 1230 mansurum
623 1175 828 1240 confirmamus,
851 1176 893 1239 ut,
916 1173 946 1227 in
964 1190 1140 1242 quacumque
1158 1174 1252 1244 petria
1271 1173 1351 1244 regni
1369 1172 1458 1229 nostri
1476 1173 1610 1243 quislibet
1622 1173 1819 1228 Venetioorum
1837 1174 1932 1238 fuerit,
1955 1175 2015 1229 eins
2033 1175 2071 1228 sit

444 1264 586 1330 potestate
604 1259 812 1330 distringendus
831 1259 945 1328 eiusque
964 1277 1014 1329 per
1031 1260 1126 1313 omnia
1144 1261 1246 1316 debeat
1269 1260 1382 1315 obedire
1399 1259 1552 1331 preceptis,
1576 1261 1646 1316 adso
1666 1264 1697 1314 ut
1715 1261 1794 1314 nulla
1811 1261 1900 1316 maior
1917 1261 1962 1316 vel
1980 1261 2071 1315 minor

444 1364 563 1415 persona
583 1350 681 1401 contra
699 1363 762 1400 eum
780 1344 943 1415 quempiam
955 1343 1121 1400 Veneticum
1140 1345 1295 1400 deffendere
1314 1346 1479 1415 presumstl.
1515 1346 1695 1411 Quodamodo
1712 1347 1874 1412 statuimus,
1897 1351 1942 1412 ut,
1967 1347 1990 1400 si
2007 1346 2070 1416 quis

444 1450 478 1486 ex
497 1433 604 1487 cunctis
623 1432 691 1488 locis
708 1431 797 1486 nostri
815 1429 926 1500 imperii
938 1431 1011 1484 hanc
1024 1434 1149 1486 nostram
1161 1431 1311 1487 iussionem
1323 1435 1491 1502 postponere
1504 1433 1704 1503 presumpserit
1715 1438 1744 1488 et
1757 1433 1860 1498 omnia,
1877 1450 1931 1502 que
1944 1433 2070 1502 superius
2089 1448 2115 1486 ro

440 1519 521 1573 tlieta
539 1523 612 1584 snut,
632 1518 779 1574 observare
797 1515 961 1587 neglexerit,
980 1515 1109 1572 similiter
1127 1521 1240 1572 centum
1258 1517 1343 1572 libras
1362 1518 1423 1572 auri
1441 1522 1599 1588 componat,
1619 1518 1697 1572 salve
1715 1536 1748 1573 ex
1768 1519 1843 1574 omni
1861 1520 1967 1589 populo
1980 1519 2069 1574 Vene-

443 1605 562 1660 ticorum
581 1604 678 1660 debita
696 1602 858 1659 obedientia
881 1606 909 1656 et
934 1601 1107 1673 singulorum
1125 1603 1269 1659 hominum
1292 1603 1402 1659 iustitia
1419 1608 1505 1673 atque
1524 1605 1645 1672 querele.
1680 1605 1764 1661 Porro
1783 1608 1815 1660 ut
1833 1606 1885 1661 hoc
1903 1606 1995 1662 serius
2013 1623 2069 1660 cre·

443 1690 527 1745 datur
547 1690 766 1762 diligentiusque
785 1688 955 1753 observetur,
974 1689 1089 1759 propria
1107 1707 1192 1744 msnu
1209 1690 1378 1745 firmavimus
1397 1692 1426 1746 et
1443 1691 1548 1745 annulo
1566 1695 1661 1746 nostro
1681 1691 1808 1746 iussimus
1827 1692 1953 1762 sigillari.

552 1778 689 1863 Signum
713 1775 789 1863 (Μ.)
813 1776 934 1841 domini
958 1775 1140 1841 Widonism
1164 1779 1366 1843 serenissimi
1389 1779 1593 1863 imperatoris
1616 1779 1757 1862 augusti.

551 1880 733 1946 Morontius
757 1881 921 1966 presbiter
943 1885 977 1943 et
997 1881 1145 1945 notarius
1168 1880 1316 1946 advicem
1340 1881 1507 1946 Helbunei
1531 1882 1809 1946 archicancellarii
1833 1883 2017 1966 recognovi.
2089 1906 2113 1944 ιι

517 2025 525 2048 .
550 1984 638 2049 Data
663 1984 740 2048 XIl.
764 1983 838 2048 Kal.
862 1982 976 2062 Iulias,
1006 1994 1111 2048 anno¹¹
1140 1985 1370 2049 iucarnationis
1401 1984 1523 2049 domini
1546 1983 1761 2064 DOOOXOI,
1794 1986 1971 2050 indictione
1988 1985 2070 2064 VI⁰,

444 2109 529 2153 anno
553 2089 658 2174 primo
682 2089 807 2174 imperii
829 2087 953 2152 domini
968 2085 1150 2152 Widonism
1173 2088 1373 2154 serenissimi
1397 2088 1602 2174 imperatoris
1626 2089 1771 2174 augusti;
1803 2095 1910 2152 actum
1931 2087 2071 2174 Pepiss:

444 2193 476 2256 in
500 2191 559 2256 Dei
583 2193 713 2257 nomine
737 2192 898 2256 feliciterp
921 2207 1028 2256 amen.

548 2381 566 2446 i)
586 2384 693 2434 ecclesie
715 2384 770 2436 eius
791 2381 812 2432 l.
917 2385 946 2450 Ιι)
964 2383 1124 2435 Ravennatis
1145 2381 1166 2432 l.
1273 2383 1293 2448 1)
1312 2383 1479 2449 Praeceptum
1497 2382 1594 2434 Kar-oli
1616 2400 1696 2450 capra
1714 2401 1744 2450 p.
1760 2380 1810 2435 142
1834 2401 1853 2434 a.
1870 2386 1927 2452 fine
1948 2384 1995 2435 boc
2017 2386 2072 2436 loco

442 2467 547 2533 praebet
564 2469 702 2535 cephalam
722 2470 753 2520 de
772 2471 945 2534 interfectione
962 2472 1098 2522 seniorunt.
1186 2469 1222 2534 ιιι)
1241 2471 1365 2521 Luidonis
1384 2470 1457 2520 codd.
1547 2469 1574 2534 ιι)
1594 2487 1644 2520 ano
1658 2469 1681 2520 l.
1769 2469 1795 2533 ο)
1819 2471 1855 2519 ita
1873 2471 1946 2522 codd.
1964 2472 2071 2536 prolX.
2089 2480 2116 2520 20

446 2552 473 2621 p)
492 2555 535 2605 sel.
555 2571 630 2606 aman
648 2573 696 2607 mn.
714 2555 739 2606 2.

550 2725 575 2791 l)
595 2723 652 2790 σίν.
670 2740 754 2793 sapm
768 2741 797 2793 p.
812 2725 871 2794 149,
889 2741 917 2778 a.
929 2724 954 2778 2.

701 3183 801 3290 240.
850 3181 1401 3292 PRAECEPTUM
1442 3180 1819 3291 RUDOLFI.

1098 3359 1195 3444 924.
1228 3369 1336 3444 seor.
1362 3370 1423 3444 aa.
1695 3373 1696 3376 ‘

550 3535 698 3632 Lepitur
719 3551 755 3614 ia
781 3551 812 3637 l)
835 3551 933 3616 Isibro
955 3549 1065 3617 blanco
1086 3551 1141 3633 fol.
1160 3556 1227 3631 w,
1255 3573 1304 3616 nr.
1322 3555 1355 3630 6,
1377 3552 1529 3633 prroeliam
1551 3552 1696 3616 rubrica:
1730 3551 1843 3617 Simile
1867 3553 2074 3638 privilegium
2093 3579 2117 3620 as

448 3654 701 3719 confirmationis
730 3653 863 3719 Rodulti
893 3656 1101 3741 imperatoris
1130 3655 1251 3719 iactum
1283 3654 1414 3719 domino
1444 3654 1540 3720 Ursio
1570 3655 1644 3719 duci
1667 3655 1903 3730 veneciarum
1943 3655 1977 3738 2)
2009 3657 2074 3719 cod.

449 3757 617 3822 Todoisaao
644 3757 698 3839 sol.
722 3761 772 3822 6l.
831 3757 1021 3824 Montani
1052 3779 1091 3823 ee
1119 3757 1290 3838 Pracoepto
1318 3757 1478 3834 widonis,
1511 3779 1612 3839 suprra
1635 3779 1670 3839 p.
1697 3761 1771 3834 147,
1804 3778 1901 3838 acque
1928 3779 1967 3822 ac
1993 3757 2076 3822 illud

447 3860 585 3941 daphim
600 3881 664 3942 pro
680 3865 777 3940 pecto
799 3859 941 3928 habitum
964 3867 1027 3941 est,·
1049 3862 1107 3944 cfr.
1130 3882 1231 3943 supra
1246 3883 1282 3942 p.
1303 3865 1373 3929 130.
1610 3861 1667 3946 (B.
1684 3862 1784 3939 cressa
1807 3860 1845 3927 P.
1862 3862 1971 3946 deest.)

550 4073 597 4184 in
620 4123 750 4188 nomine
774 4121 894 4187 domini
916 4124 1018 4188 nostri
1036 4122 1113 4190 Iesu
1131 4122 1254 4188 Christi
1271 4123 1334 4188 Dei
1358 4124 1472 4189 eterni.
1518 4122 1680 4188 Rodullus
1703 4143 1774 4187 rex.
1882 4132 2005 4202 Dignum
2021 4137 2072 4200 est,

447 4227 479 4278 ut
507 4224 644 4279 celsitudo
671 4218 806 4302 regalis,
836 4232 974 4297 quantum
997 4229 1126 4284 eeteros*
1147 4227 1262 4283 honoris
1289 4245 1322 4282 ao
1349 4228 1501 4297 potestatis
1523 4217 1659 4297 fastigiob
1682 4225 1841 4291 antecellit,
1870 4229 1983 4282 tantum
2005 4245 2073 4298 erga
2092 4245 2117 4284 so

448 4327 543 4365 omnes
567 4301 681 4367 fideles
705 4313 821 4382 pietatis
844 4332 893 4370 sua
916 4333 1017 4370 munus
1036 4314 1198 4384 impendere
1218 4315 1339 4384 satagat.
1374 4314 1465 4385 igitur
1481 4314 1605 4368 omnium
1620 4311 1744 4370 fidelium
1760 4316 1856 4368 sancte
1872 4313 1924 4368 Dei
1940 4314 2074 4370 ecclcsie⁰

447 4401 671 4466 nostrorumque,
695 4400 868 4468 presentium
891 4401 1002 4458 silicet⁰
1017 4419 1051 4456 ac
1065 4402 1232 4466 futurorum,
1256 4399 1411 4470 comperiat
1435 4392 1579 4470 solertia,
1603 4389 1787 4468 quiaVrsus
1804 4398 2003 4454 Veneticorum
2017 4401 2074 4455 dux

447 4501 497 4552 par
513 4484 623 4555 legatos
639 4502 712 4552 suos,
736 4486 914 4542 Dominicum
931 4489 1022 4544 silicet
1037 4479 1260 4543 venerabilem
1277 4476 1607 4542 lliadamauoeusem‘¹
1624 4478 1812 4562 episcopum
1828 4489 1914 4554 atque
1932 4475 2073 4563 Stepha·
2145 4547 2147 4552 ,

448 4581 524 4625 num
550 4560 759 4647 Coloprinum
768 4557 793 4645 ¹,
822 4578 949 4631 nostram
971 4575 1138 4645 deprecatus
1161 4577 1204 4628 est
1226 4573 1418 4640 clementiam,
1449 4576 1481 4628 ut
1503 4585 1575 4627 curn
1600 4590 1634 4628 ex
1657 4572 1740 4627 rebus
1769 4571 1812 4625 sui
1834 4571 1952 4627 ducatus
1977 4591 2072 4642 quam-

447 4675 501 4726 que
529 4661 623 4712 etex
650 4676 701 4714 sua
728 4660 916 4731 proprietate,
948 4679 1032 4732 quem
1058 4661 1088 4715 in
1111 4659 1231 4716 Venetia
1253 4659 1382 4714 obtinere
1404 4660 1516 4715 videtur
1538 4659 1582 4714 vel
1605 4676 1659 4729 que
1686 4658 1761 4712 infre
1784 4657 1957 4713 dictionsm⁹
1980 4652 2072 4735 regni
2092 4672 2117 4712 as

355 4741 357 4746 '
447 4743 537 4798 nostri
565 4744 636 4799 scita
664 4762 724 4800 esse
751 4752 918 4815 noscuntur,
950 4749 976 4804 ci
1000 4746 1219 4804 confirmationis
1246 4749 1343 4801 nostre
1366 4749 1529 4816 preceptum
1552 4745 1612 4800 fieri
1638 4744 1809 4810 iuberemus,
1840 4762 1890 4814 per
1912 4746 1988 4814 quod
2012 4745 2073 4816 ipse

362 4895 364 4898 Ι
447 4829 546 4898 suique
573 4831 689 4886 heredes
717 4849 750 4888 ac
777 4835 952 4904 patriarcha,
980 4834 1127 4905 pontifices
1150 4844 1279 4909 quoque
1304 4830 1338 4888 et
1364 4832 1481 4887 abbates
1504 4834 1590 4900 atque
1613 4832 1733 4901 populus
1756 4830 1810 4884 sibi
1834 4831 1976 4886 subiectus
1999 4844 2072 4908 pro·

446 4907 604 4990 prietates
627 4929 702 4972 suas
725 4919 780 4974 sibi
803 4911 1003 4991 debitas[que¹]
1025 4938 1069 4976 res
1089 4920 1195 4989 absque
1218 4919 1374 4989 cuiuspiam
1393 4917 1628 4977 contrarietatem
1651 4934 1699 4972 seu
1715 4917 1935 4987 refragationem
1951 4919 2073 4974 retinere

449 4995 607 5058 securiter
629 5003 765 5079 queant,
789 5008 1022 5076 quemadmodum
1043 5007 1217 5077 temporibus
1240 4995 1361 5060 domini
1385 5004 1503 5059 Karoli⁸
1525 5022 1575 5074 per
1598 5004 1742 5058 decretum
1764 5022 1826 5058 cum
1849 5004 1945 5060 Grecis
1968 5005 2071 5061 sancci-

448 5089 508 5139 tum
528 5086 713 5156 possidcrunt.
751 5090 837 5146 Petiit
855 5091 940 5146 etiam
955 5090 1149 5146 celsitudinem
1167 5093 1299 5154 nostram,
1318 5091 1357 5152 ut,
1377 5087 1406 5142 in
1418 5088 1639 5158 quibuscumque
1658 5087 1758 5158 patriis
1775 5103 1809 5142 ao
1827 5088 1976 5158 provintiis
1994 5091 2074 5159 regni
2091 5106 2118 5144 so

551 5275 578 5344 ιι)
597 5287 697 5331 vetsros
720 5280 830 5331 honores
848 5279 872 5331 1.
959 5279 986 5344 b)
1009 5280 1142 5347 fastigium
1160 5278 1184 5331 l.
1271 5280 1296 5345 c)
1319 5282 1355 5332 ira
1379 5289 1402 5333 el
1420 5281 1512 5333 staec.
1532 5280 1650 5347 Hisponis
1671 5281 1746 5347 infra
1763 5298 1793 5347 p.
1808 5279 1859 5334 150
1866 5299 1874 5342 ,¹
1908 5282 1991 5333 silicet
2009 5300 2034 5334 n.
2048 5299 2074 5351 p.

446 5364 566 5416 videlicet
583 5365 657 5416 ceddi
737 5365 763 5430 d)
782 5365 1004 5417 Msdnmauosnsis
1023 5364 1046 5418 l.
1125 5365 1150 5430 e)
1169 5366 1280 5417 dictione
1293 5364 1316 5417 i.
1396 5367 1420 5432 f)
1438 5367 1475 5418 ita
1494 5367 1584 5418 Praec.
1604 5365 1687 5432 Hup.,·
1708 5367 1808 5420 debitas
1826 5368 1929 5434 codd..
1980 5368 2009 5435 g)
2027 5370 2074 5420 im·

446 5451 571 5516 potatoris
589 5451 651 5502 add.
670 5450 762 5503 Praee.
787 5451 907 5504 Wdom‘s.

459 5665 460 5668 ,
553 5622 577 5688 l)
599 5621 737 5690 Colopn'ni
760 5625 836 5673 mant
859 5635 892 5673 er
913 5619 1043 5673 anuline
1063 5620 1238 5688 Venetorum·
1263 5621 1312 5688 cfr.
1335 5619 1434 5675 Chron.
1456 5621 1580 5676 Venetam
1597 5622 1625 5679 l'.
1641 5623 1693 5690 VI,
1713 5622 1760 5678 SS.
1781 5623 1863 5691 XIV,
1886 5640 1914 5692 p.
1929 5624 1971 5692 27,
1995 5625 2012 5678 l.
2027 5625 2074 5689 16,·

442 5723 1062 5794 pffitfflpffitQthffln
1321 5753 1322 5756 ¹
2090 5747 2116 5785 m
