4590 6420
389 445 658 501 suulrsuunrl
679 447 727 501 AD
745 447 823 501 GAP.
842 448 922 504 ΒΕΘ.
943 449 1127 504 russelun
1145 449 1332 505 ocemund.
1352 451 1500 518 (usuum
1514 451 1733 521 Ill-urmes.
1751 456 1811 511 296.
1849 461 1911 524 425

287 623 461 711 diligenter
485 629 518 688 et
541 622 730 707 frequenter
752 621 1005 688 admemoriam
1029 624 1194 690 reducatis
1217 647 1255 691 ae
1270 626 1427 713 relegetis
1452 634 1496 706 et,
1520 649 1603 713 quse
1626 630 1660 693 in
1685 650 1786 714 ragno
1802 637 1910 698 vestro
1927 642 1988 698 856.

289 737 402 796 contre
425 728 482 792 illa
504 733 578 792 scta
600 733 676 790 sunt
699 733 875 812 contraque
899 726 1041 793 divinem
1065 736 1098 793 et
1120 730 1282 795 salubrem
1300 732 1538 812 auctoritatem,
1563 753 1661 818 quam
1682 736 1910 820 progenitores

289 840 322 900 et
345 833 598 920 predecessores
622 831 722 896 vestri
752 831 876 896 directo
900 831 1012 898 ordine
1041 839 1219 899 tenuerunt
1249 841 1282 899 et
1312 833 1583 915 observaverunt,
1609 843 1798 924 perpetrata
1825 847 1910 922 sunt,

288 938 480 1024 quantocius
510 935 593 1001 ratio
624 943 657 1000 et
685 936 885 1022 possibilitas
913 937 1087 1022 permittit,
1117 939 1281 1023 corrigere
1309 939 1500 1024 procuretis.
1551 939 1595 1004 ut
1621 960 1662 1004 ne
1688 940 1730 1006 ds
1760 949 1910 1008 ceteros

258 1061 494 1128 squoeumque
518 1045 633 1104 contro
657 1040 738 1104 haec
765 1040 911 1124 agatore,
943 1061 1056 1105 omnes
1087 1042 1300 1108 communiter
1328 1049 1525 1128 cooperante
1554 1042 1694 1108 Domino
1724 1066 1909 1114 caveamus.

287 1146 333 1210 Et
356 1147 383 1210 si
405 1144 482 1231 quid
499 1151 612 1208 eontra
626 1143 709 1208 baec
725 1150 834 1208 actum
850 1143 956 1222 luerit,
981 1145 1101 1225 statim,
1121 1152 1157 1210 ut
1174 1146 1270 1210 citius
1286 1147 1355 1210 lieri
1372 1146 1527 1231 potuerit,
1552 1149 1718 1232 aequitate
1736 1156 1770 1214 et
1785 1151 1911 1217 ratione

287 1271 326 1316 ac
357 1248 574 1335 possibilitate
606 1247 750 1312 dictante
781 1247 907 1332 absque
938 1246 1014 1311 dolo
1044 1269 1117 1313 cunr
1152 1255 1242 1314 recta
1271 1250 1452 1313 intentione
1481 1257 1514 1314 et
1546 1250 1618 1336 lege
1649 1273 1688 1316 ac
1718 1254 1910 1320 auctoritate

289 1359 495 1440 competente
524 1351 700 1436 unicuique
728 1351 833 1415 ordini
861 1352 1050 1436 corrigatur.
1108 1352 1150 1416 Et
1178 1375 1218 1416 nc
1246 1353 1319 1417 leva
1349 1353 1500 1438 cuiquam
1530 1355 1691 1436 videatur,
1724 1356 1810 1441 quod
1839 1357 1911 1424 Deo

288 1463 373 1522 teste
396 1478 434 1521 ac
457 1453 623 1521 mediante
646 1477 744 1520 manu
768 1455 899 1542 propria
922 1456 1146 1520 confirmatum
1170 1463 1203 1520 et
1226 1457 1402 1542 sponsione
1427 1457 1515 1520 cumi
1539 1458 1697 1538 veritatis,
1721 1481 1804 1544 quae
1821 1461 1911 1527 Deus

246 1595 271 1633 ιο
290 1568 350 1641 est,
374 1561 556 1626 assertione
581 1560 741 1645 prolslum
767 1566 826 1637 est,
849 1559 953 1624 discat
977 1583 1019 1626 ex
1036 1560 1291 1626 confirmationis
1313 1561 1465 1626 cautione
1490 1561 1522 1625 in
1545 1563 1641 1627 terris
1665 1569 1764 1628 etex
1787 1564 1911 1652 bsptis-

287 1666 385 1730 metis
415 1685 452 1727 ac
481 1669 665 1728 ceterarum
696 1662 959 1727 observationum
984 1664 1227 1728 confirmatione
1250 1664 1283 1728 in
1306 1665 1422 1743 caelis,
1453 1666 1583 1750 quentis
1612 1667 1752 1731 nexibus
1775 1670 1912 1754 quisque

288 1773 438 1832 teneatur
450 1766 636 1846 obstrictus,
653 1787 841 1853 omnesque,
859 1767 943 1852 quod
955 1766 1065 1831 divino
1082 1769 1196 1852 spiritu
1213 1767 1340 1848 dicitur,
1357 1769 1571 1834 communiter
1585 1769 1771 1836 sudismus:
1796 1764 1914 1836 ‘Nisi12

289 1871 439 1936 conversi
467 1871 608 1950 fueritis,
637 1869 783 1955 gladium
813 1891 907 1934 suurn
931 1870 1087 1942 vibrabit;
1115 1892 1224 1935 ereum
1258 1893 1352 1936 suum
1375 1871 1515 1936 tetendit
1547 1877 1580 1936 et
1607 1871 1734 1957 paravit
1761 1875 1852 1940 illum
1881 1882 1913 1941 et

288 1976 321 2040 in
346 1996 385 2040 eo
408 1975 537 2060 paravit
560 1994 638 2038 raso
654 1971 786 2037 mortis’
832 1973 883 2038 De
900 1974 1016 2060 quibus
1039 1973 1120 2038 nosk
1143 1996 1256 2040 omnes
1280 1974 1321 2039 ad
1346 1996 1381 2040 se
1405 1983 1438 2040 et
1460 1974 1521 2039 cd⁰
1537 1975 1763 2042 msudstcrum
1780 1999 1914 2044 sucrum

246 2113 270 2153 ι,
288 2080 554 2146 observationem
584 2099 758 2143 conversos
792 2084 825 2142 ct
853 2078 886 2142 in
915 2079 1145 2143 observatione
1176 2078 1365 2144 eorumdem
1397 2085 1644 2164 permanentes,
1674 2081 1790 2167 eripiat
1819 2083 1913 2147 Iesus

288 2183 438 2248 Obristus
462 2182 612 2248 dominus
635 2187 763 2262 noster,
792 2183 843 2246 cui
867 2189 919 2246 est
947 2182 1049 2247 honor
1077 2189 1109 2246 et
1139 2184 1260 2268 gloria,
1294 2189 1441 2270 potestas
1470 2191 1503 2248 et
1531 2183 1703 2270 imperium
1725 2188 1914 2271 peremnis

288 2288 399 2354 secula
423 2287 616 2351 seculorum.
661 2284 779 2349 Amen.

392 2479 419 2541 b)
438 2484 549 2546 agantur
565 2476 639 2529 cedd.
727 2477 747 2540 i)
765 2482 854 2528 tantm
871 2473 895 2526 2.
984 2475 1013 2541 is)
1031 2493 1082 2528 uon
1103 2474 1129 2540 l;
1147 2493 1194 2528 vos
1211 2475 1236 2528 2.
1255 2476 1279 2529 b.

394 2650 437 2720 ra)
456 2647 555 2704 enm.
574 2649 599 2715 r,
608 2647 649 2703 13.
669 2645 708 2702 14.

899 2827 1310 2836 n—-ss—

571 3165 671 3270 acc
720 3115 1186 3272 concussio
1226 3157 1637 3268 conrnune

709 3314 1035 3425 ninom
1069 3315 1146 3423 n.
1194 3313 1495 3424 usurus.

972 3496 1069 3578 856.
1097 3503 1177 3577 Oct.
1203 3503 1234 3576 l.

403 3673 635 3757 Coronolionis
666 3691 761 3755 buius
793 3689 933 3754 ordinem
963 3689 1102 3768 primam
1138 3687 1174 3750 in
1202 3687 1300 3752 lucem
1326 3687 1425 3752 edidit
1453 3687 1652 3765 sirmondus,
1688 3687 1797 3754 Caroli
1827 3687 1918 3754 Geloi

295 3793 397 3880 Capit.
414 3817 450 3876 p.
468 3799 530 3861 498
546 3814 619 3876 sqq„
642 3794 742 3859 codice
765 3793 799 3862 S.
816 3792 985 3856 larurentii
1008 3791 1190 3856 Leodiensis
1211 3791 1361 3856 adbibita
1410 3791 1509 3857 Ouios
1523 3792 1687 3856 editionem
1708 3791 1808 3858 codiee
1829 3791 1919 3857 boriie

248 3941 273 3980 25
291 3920 355 3962 non
377 3901 441 3963 iam
464 3903 605 3964 exstante
626 3899 677 3963 bic
699 3898 875 3982 repetimus.
1979 3903 1980 3906 ’

396 4005 466 4086 Qua
494 4003 530 4068 de
561 4023 658 4068 causa
687 4023 758 4066 vero
787 4005 815 4066 et
848 4023 908 4084 quc
938 4006 1070 4082 tempore
1101 3999 1232 4064 Iuditbo
1264 4005 1413 4065 coronata
1445 4001 1500 4076 sit,
1533 4001 1568 4062 in
1601 3999 1690 4065 Anu.
1720 3998 1846 4064 Berlin.
1876 3999 1920 4064 ad

291 4131 321 4172 a.
339 4111 411 4184 856,
433 4106 480 4171 ed.
498 4107 603 4173 Waite
619 4129 654 4188 p.
673 4111 723 4184 47,
746 4106 795 4170 bis
811 4105 911 4170 verbis
926 4103 1084 4188 refertur:
1106 4103 1255 4169 Edilrull
1275 4126 1334 4170 rex
1350 4104 1598 4170 occidentalium
1615 4103 1798 4187 Anglcrum
1813 4102 1919 4169 Romo

292 4211 432 4291 rediens,
457 4210 577 4289 Iudith,
602 4211 701 4274 liliam
725 4207 817 4273 Karli
842 4211 944 4294 regis,
969 4230 1080 4274 mense
1104 4207 1189 4272 Iulio
1211 4208 1457 4295 desponsatam,
1481 4207 1641 4272 Kalendis
1666 4207 1862 4272 Octobribus
1885 4209 1918 4272 in

292 4316 466 4380 Vermaria
488 4313 612 4400 palutio
644 4313 677 4376 iu
700 4313 942 4378 matrimonium
970 4313 1105 4398 accipit,
1138 4319 1172 4377 et
1201 4333 1289 4392 eam,
1321 4312 1472 4398 Ingmsrc
1501 4311 1713 4376 Durocortcri
1741 4310 1918 4376 Remorum

247 4457 273 4496 ³0
293 4419 447 4505 episcopo
472 4417 706 4497 benedicente,
737 4417 889 4503 imposito
913 4417 1011 4502 capiti
1035 4417 1105 4480 eius
1129 4415 1333 4498 diademate,
1357 4416 1489 4501 reginae
1513 4415 1642 4479 nomine
1664 4414 1809 4499 insignit,
1832 4413 1918 4500 quod

291 4523 353 4588 sibi
379 4544 524 4610 suaeque
547 4523 638 4608 genti
661 4528 798 4587 eatenus
820 4521 928 4585 luerat
950 4520 1125 4585 insuetum.
1413 4517 1472 4600 (B.
1497 4518 1544 4596 II,
1558 4519 1637 4597 309;
1666 4517 1704 4582 P.
1722 4519 1811 4600 450.)

353 4747 592 4814 Benedictio
617 4768 735 4834 super
758 4749 949 4831 reginam,
978 4766 1089 4831 quam
1112 4744 1325 4810 Edelulfus
1351 4767 1422 4810 rex
1445 4743 1600 4831 sccepit
1622 4745 1659 4808 in
1682 4764 1855 4809 uxorem.

404 4857 531 4969 Nubes
555 4905 588 4967 in
613 4902 743 4967 Christo
767 4900 913 4985 obnupte
935 4898 1023 4964 nube
1048 4898 1183 4964 caelesti
1214 4905 1247 4962 et
1271 4900 1465 4984 refrigerate
1488 4899 1594 4984 gretie
1618 4899 1756 4986 spiritali
1779 4920 1818 4963 ee
1842 4919 1918 4985 pro-

293 5014 381 5074 tecta
405 5009 445 5074 sb
469 5009 557 5072 omni
580 5007 706 5071 inlicita
729 5003 1009 5089 concupiscentia;
1040 5021 1166 5087 pangas
1190 5000 1305 5066 loedus
1328 5023 1402 5065 cum
1425 5002 1526 5067 oculis
1549 5003 1631 5083 tuis,
1660 5007 1695 5066 ut
1719 5023 1783 5067 non
1806 5000 1919 5066 videas

248 5140 274 5180 ss
294 5115 436 5179 alienum
461 5113 566 5176 virum
589 5103 647 5174 ad¹
674 5106 969 5194 concupiscendum
994 5127 1070 5170 eum
1094 5113 1127 5170 et
1149 5126 1215 5169 non
1231 5105 1414 5172 moecheris
1438 5108 1471 5170 in
1495 5127 1631 5194 corpore
1648 5108 1701 5172 vel
1725 5105 1823 5172 corde
1847 5113 1919 5183 tuo;

293 5225 326 5283 et
349 5207 499 5282 evertas²
522 5215 636 5280 oculos
660 5220 745 5291 tuos,
768 5234 810 5278 ue
833 5211 967 5276 videant
990 5211 1180 5291 vanitatem,
1204 5216 1362 5297 quatenus
1386 5211 1419 5274 in
1443 5211 1497 5275 via
1520 5209 1653 5275 Domini
1676 5211 1860 5288 vivificeris,
1883 5215 1921 5274 ut

292 5322 398 5408 possis
421 5319 529 5385 dicere
553 5339 626 5384 cum
650 5318 825 5404 prophetet
855 5307 938 5380 ‘Ad3
962 5321 993 5379 tc
1025 5314 1134 5378 lcvevi
1163 5314 1275 5378 oculos
1300 5334 1401 5394 meos,
1429 5314 1482 5400 qui
1511 5313 1638 5378 habitas
1661 5313 1694 5378 in
1717 5308 1842 5386 caelis’;
1872 5318 1923 5377 et:

293 5415 445 5490 ‘Levavi⁴
476 5424 587 5489 oculos
616 5443 706 5488 meos
738 5423 770 5485 in
799 5425 942 5500 montes,
974 5417 1060 5482 unde
1084 5418 1197 5482 veniet
1226 5418 1386 5484 auxilinm
1413 5413 1514 5481 mibi)
1565 5415 1632 5482 Per
1658 5415 1858 5482 conditorem
1887 5421 1921 5482 et

397 5632 423 5698 1)
445 5629 500 5696 Osr.
521 5629 619 5684 Manu
638 5632 663 5697 5,
672 5630 714 5683 28.
805 5629 833 5696 2)
854 5627 953 5681 Psolm.
974 5625 1089 5694 118,37:
1113 5625 1215 5680 liveris
1235 5626 1328 5680 oculos
1347 5642 1435 5690 meos,
1454 5641 1489 5679 ne
1508 5623 1624 5678 rideant
1642 5624 1805 5688 vanitatem,
1825 5624 1855 5677 in
1874 5624 1920 5678 vie

249 5753 275 5792 sc
293 5737 343 5789 tue
361 5733 472 5788 vivifica
489 5749 542 5788 me.
629 5731 893 5800 3)Psa1m.123‚r.
979 5729 1007 5796 4)
1027 5727 1099 5782 Ibid.
1121 5729 1213 5796 121,1.

395 5845 432 5883 ιι.
451 5844 618 5883 merrurnsn
636 5844 661 5880 u.
1679 5823 1714 5878 54

2087 5943 2261 6412 l
