4590 6420
418 449 480 510 406
535 439 803 497 ADDITAMENTA
822 442 871 496 AD
890 441 1004 496 CAPIT.
1024 439 1106 496 ΗΕΘ.
1126 439 1309 496 FRANCIAE
1327 439 1515 495 OCCIDENT.
1535 439 1683 508 (Kabom
1697 440 1733 508 11)
1754 471 1786 479 -
1804 439 1853 493 Nr.
1865 440 1924 494 293.

339 625 399 680 845.
418 631 497 706 per'
518 619 706 706 parrochias
729 620 791 684 luit
813 618 1015 704 neglectum,
1047 618 1196 684 sollerter
1224 623 1282 682 etw
1306 617 1543 682 devotissime'¹
1566 614 1607 680 de
1631 620 1740 679 cetero
1766 616 1807 679 sit
1831 619 2040 679 correctum'

417 731 474 788 etw
497 724 715 790 emendatum.
761 715 857 788 Et¹74
880 744 945 787 non
969 729 1101 809 propter
1124 743 1216 788 suam
1243 721 1488 809 quietudinemy
1517 720 1662 806 episcopi
1694 718 1735 783 ad
1763 719 1937 784 remotiora
1967 717 2040 781 loca

417 828 608 894 secedentes
641 835 674 893 et
705 850 799 892 suum
832 827 1046 892 ministerium
1080 826 1296 912 neglegentes
1331 826 1479 912 proprias
1513 823 1686 888 deserant¹
1722 823 1890 900 civitates,
1924 821 1981 885 sed
2006 829 2042 884 ut

416 933 601 1018 parrochias
624 953 700 996 suas
723 953 795 996 cum
821 931 917 996 oflicii
942 931 1083 996 efficatia
1106 931 1307 995 circumeant
1329 936 1407 992 ιιιιι)ι
1430 948 1503 991 cum
1525 927 1683 1013 religione
1707 927 1740 990 in
1765 927 1832 990 suis
1856 925 2041 990 civitatibus

417 1037 570 1101 canonice
595 1058 667 1101 cum
691 1038 759 1100 suis
783 1037 855 1100 tiliis
871 1035 994 1119 degant
1017 1035 1070 1100 etb
1087 1034 1310 1121 hospitalitate
1328 1033 1443 1111 ornati,
1466 1053 1550 1120 quae
1566 1034 1631 1097 iam
1646 1053 1730 1120 pene
1747 1038 1880 1118 propter
1896 1031 2040 1096 diversas
2073 1051 2084 1087 ι

418 1141 612 1227 rapacitates
636 1141 804 1206 adnullata
827 1147 893 1216 est,
917 1160 981 1204 non
1006 1141 1110 1204 solum
1134 1141 1165 1204 in
1191 1140 1294 1204 oculis
1318 1139 1448 1203 Domini
1478 1143 1611 1224 propter
1633 1135 1875 1202 obedientiam⁰
1898 1134 2042 1199 mandati

417 1245 517 1309 divini
534 1244 711 1310 reddantur
727 1245 903 1331 conspicui,
927 1243 1059 1309 verumd
1076 1250 1109 1308 et
1126 1245 1244 1309 honum
1262 1245 1483 1312 testimonium
1501 1240 1680 1307 secundum
1705 1244 1853 1305 sanctum
1870 1239 2043 1325 adquirant

418 1341 669 1434 apostolumlit
720 1348 927 1412 Prcshiteros
951 1349 1050 1412 etiam
1074 1348 1135 1411 sihi
1158 1348 1349 1411 commissos
1373 1354 1427 1410 et⁸
1450 1344 1615 1411 doctrinas
1637 1352 1670 1409 et
1691 1344 1841 1409 castitate
1863 1351 1895 1407 et
1919 1343 2041 1407 sobrie-

418 1459 485 1516 tate
509 1459 607 1538 atque
630 1452 873 1537 hospitalitatc⁰
896 1452 1075 1516 secundum
1099 1462 1235 1516 eorumg
1257 1450 1473 1514 ministerium
1497 1448 1628 1512 omarih
1653 1449 1863 1533 compellant.

526 1575 577 1636 29.
611 1572 668 1636 Uti
691 1572 893 1658 quorundam
924 1573 1152 1658 episcoporum
1177 1570 1458 1657 reprehensibilis,
1486 1571 1582 1634 immo
1613 1568 1808 1634 damnabilis
1838 1567 2040 1633 consuetudo
2062 1588 2086 1625 ιι

418 1676 610 1744 omnimodis
633 1677 829 1761 corrigatur,
860 1677 915 1762 qui
939 1675 1052 1763 plebes
1077 1675 1140 1740 sibi
1163 1674 1303 1740 creditas
1327 1681 1383 1739 aut
1414 1696 1486 1739 roro
1517 1681 1572 1738 aut
1601 1695 1766 1759 nunquam
1790 1672 1870 1760 perlt
1894 1695 1929 1738 se
1954 1673 2042 1759 ipsos

418 1781 510 1844 iuxta
533 1778 679 1843 ordinem
696 1779 918 1864 evangelicum
944 1786 977 1844 et
1000 1779 1213 1864 apostolicum
1231 1784 1328 1864 atque
1344 1778 1603 1844 ecclesiasticum
1627 1778 1770 1856 visitant,
1795 1799 1867 1841 eum
1884 1777 2043 1841 Dominus

418 1882 518 1947 dicat:
550 1875 841 1969 ‘Speculatoremfss
864 1883 938 1948 dedi
963 1891 995 1948 te
1019 1883 1128 1948 domui
1151 1882 1271 1956 lsrael,
1308 1890 1341 1948 et
1363 1883 1477 1947 audies
1507 1904 1548 1946 ex
1572 1903 1627 1947 ore
1657 1904 1728 1946 meo
1753 1881 1903 1962 verbum,
1928 1887 1962 1946 et
1984 1881 2042 1946 ad·

418 1986 584 2051 nuntiabis
614 1988 662 2050 eis
692 2009 734 2052 ex
764 1986 826 2052 me'
852 1995 884 2052 et
915 1994 1039 2066 cetera,
1076 2009 1159 2073 quae
1189 1987 1316 2051 divinus
1350 2008 1455 2051 sermo
1486 1987 1721 2072 complectitur.
1778 1985 1915 2051 Omnes¹
1944 1988 2042 2051 etiam

419 2089 604 2155 sacerdotes
629 2091 842 2177 Dominipia
866 2091 1035 2176 vigilantia
1065 2090 1163 2155 fidem
1192 2089 1386 2154 catholicam
1418 2090 1575 2176 indagare
1609 2096 1670 2154 et¹¹¹
1701 2089 1849 2156 subditos
1880 2091 1942 2154 sibi
1972 2106 2086 2154 cum1⁵

418 2195 647 2260 mandatorum
671 2196 802 2260 Domini
826 2195 1032 2260 observantia
1056 2195 1201 2280 episcopi
1226 2195 1344 2279 quiquo
1367 2193 1606 2259 studiosissime
1631 2193 1749 2259 docere
1773 2192 1995 2258 contendant¹.

528 2320 578 2382 30.
614 2318 692 2399 Utss,
717 2318 839 2403 siquis
864 2317 903 2382 de
928 2317 1041 2382 ordine
1070 2317 1264 2382 sacerdotali
1295 2324 1484 2403 contemptu
1507 2317 1638 2380 minoris
1664 2316 1843 2394 ecclcsiae,
1872 2315 2044 2380 ambitiose

420 2425 453 2484 et
476 2420 621 2506 improbe
652 2421 693 2486 ad
723 2423 882 2508 potiorem
912 2421 1081 2508 aspirare⁰
1105 2420 1324 2496 contenderit,
1357 2419 1513 2485 canoniea
1544 2441 1623 2505 erga
1654 2441 1729 2484 eum
1758 2411 1938 2484 definitioif
1969 2440 2043 2482 con·

419 2531 577 2588 servetur.

528 2641 581 2702 31.
605 2637 651 2702 Ut
673 2639 933 2734 metropolitanis
957 2637 1094 2703 sedibus
1114 2637 1294 2723 antiquitus
1319 2644 1442 2703 statuta
1465 2639 1536 2703 iura
1559 2646 1729 2704 serventur
1753 2645 1785 2702 et
1808 2660 1827 2702 a
1850 2635 2044 2723 conprovin-
2064 2657 2090 2697 ao

421 2742 560 2807 cialibus
584 2744 745 2831 episcopis
774 2745 867 2808 iuxta
890 2745 1019 2829 regulas
1044 2733 1325 2807 ecclesiasticas⁷8
1350 2743 1397 2806 eis
1421 2742 1606 2808 reverentia
1629 2741 1834 2808 exhibeatur.

529 2866 579 2928 32.
615 2861 680 2928 Ut¹²
704 2865 865 2952 principes
890 2866 983 2929 iuxta
1005 2862 1138 2929 decreta
1162 2855 1382 2927 canonumtl·l
1406 2884 1466 2948 per
1489 2863 1633 2949 singulas
1655 2865 1839 2950 provincias
1864 2864 1973 2928 saltim
1996 2862 2046 2926 bis

421 2975 494 3031 autr
518 2969 619 3033 semel
642 2969 675 3034 in
698 2991 783 3034 anno
807 2993 827 3034 a
849 2969 1106 3055 metropolitanis
1135 2974 1168 3032 et
1196 2967 1381 3033 diocesanis
1409 2969 1572 3055 episcopis
1603 2966 1756 3053 synodice
1780 2967 1947 3033 conveniri
1970 2987 2045 3030 con-

422 3071 552 3151 cedant,
582 3073 658 3159 quia
686 3073 855 3158 quaelibet
884 3073 1028 3138 conlusio
1060 3094 1167 3137 rerum
1200 3073 1427 3158 temporalium
1460 3071 1639 3137 dissolvere
1663 3094 1727 3137 non
1751 3071 1851 3137 debet
1875 3071 2047 3156 collegium

423 3183 456 3239 ct
479 3175 621 3240 studium
646 3177 864 3242 sacerdotum.
2066 3193 2092 3233 rs

531 3299 582 3362 33.
615 3294 663 3361 Ut
686 3299 712 3362 si
736 3300 891 3384 quilibet·
914 3301 1087 3388 episcopus
1111 3299 1150 3364 ad
1175 3299 1332 3386 synodum
1349 3306 1485 3364 vocatus
1511 3319 1715 3384 quacumque
1739 3299 1912 3364 occasione
1936 3296 2048 3362 venire

423 3399 598 3480 distulerit,
631 3403 693 3466 nisi
722 3403 873 3468 evidenst
903 3405 1138 3490 inpossibilitas
1175 3402 1430 3490 praepedieritu,
1463 3404 1554 3468 salva
1584 3424 1724 3468 censura
1755 3424 1798 3467 ex
1830 3402 1890 3466 hoc
1919 3408 2049 3486 patrum

424 3495 654 3570 auctoritate80
676 3504 807 3572 decreta
832 3516 961 3574 cessetv
984 3509 1025 3572 ab
1049 3507 1167 3588 officio,
1191 3506 1295 3573 donec
1320 3507 1500 3572 satisfaciat
1523 3507 1688 3572 iratribus.

532 3629 584 3692 34.
619 3625 664 3690 Ut
688 3649 845 3692 canonum
871 3635 994 3695 statuta
1017 3630 1087 3694 sine
1111 3628 1307 3716 praeiudicio
1331 3629 1372 3693 ab
1397 3629 1546 3694 omnibus
1570 3629 1809 3706 custodiantur,
1840 3636 1874 3693 et
1896 3649 1992 3692 nemo
2016 3629 2048 3691 in

424 3730 635 3794 actionibusw
659 3732 710 3794 vel
734 3730 862 3796 iudiciis
887 3733 1119 3798 ecclesiasticis
1143 3755 1202 3798 suo
1227 3755 1342 3815 sensu,
1374 3733 1432 3798 sed
1461 3755 1572 3798 eorum
1598 3734 1793 3799 auctoritate
1816 3732 1963 3797 ducatur.
2009 3730 2048 3794 Ιιι
2067 3757 2093 3826 sp

426 3833 630 3918 exponendis
655 3833 754 3899 etiam
778 3834 831 3899 vel
853 3836 1082 3920 praedicandis
1112 3835 1228 3900 divinis
1259 3838 1425 3923 scripturis
1449 3843 1633 3902 sanctorum
1658 3837 1892 3902 catholicorum
1916 3843 1950 3901 ct
1972 3855 2047 3920 pro-

425 3936 666 4001 batissimorum
698 3943 827 4023 patrum
864 3962 995 4005 sensum
1029 3941 1166 4028 quisquc
1197 3947 1368 4026 sequatur,
1402 3933 1479 4006 ‘in81
1512 3963 1646 4028 quorum
1681 3939 1833 4027 scriptia’,
1866 3947 1904 4004 ut
1930 3940 2050 4004 beatus

425 4040 523 4105 dicitx
546 4041 776 4121 Hieronimus,
800 4043 885 4109 ‘fidei
909 4046 1030 4111 veritas
1055 4067 1119 4110 non
1143 4043 1295 4111 vacillet’.
1351 4045 1438 4110 Sedy
1461 4052 1494 4110 ct
1516 4046 1571 4132 qui
1596 4048 1629 4110 in
1652 4047 1719 4111 suis
1742 4046 1947 4110 monasteriis
1971 4043 2047 4108 reli-

425 4146 517 4228 giose
541 4145 683 4210 residere
708 4146 849 4212 debentz
874 4156 906 4212 et
929 4170 1046 4213 vocum
1069 4151 1243 4230 novitates,
1273 4157 1309 4214 ut
1332 4150 1553 4228 innotescant,
1583 4150 1688 4215 studio
1712 4149 1859 4235 prolerre
1884 4155 2049 4233 satagunt,

426 4250 582 4314 acerrime
607 4257 643 4313 ut
665 4255 949 4337 praesumptorem
971 4261 1150 4337 arguantur
1172 4261 1206 4318 et
1228 4255 1511 4340 comprimantur&
2069 4279 2094 4316 aa

528 4439 667 4508 alenai.
761 4443 796 4508 w)
815 4460 864 4496 om.
884 4441 924 4494 12.
1018 4443 1046 4510 x)
1068 4447 1111 4496 Ne
1135 4446 1278 4512 episcopi
1304 4453 1433 4513 propter
1456 4463 1541 4498 suam
1568 4447 1707 4511 quietem
1732 4445 1903 4512 negligant
1926 4443 2050 4510 plebem

424 4528 487 4579 sibi
507 4530 616 4580 commi
623 4545 694 4580 sam.
736 4530 924 4582 Providendum
944 4547 975 4581 nc
993 4532 1105 4598 episcopi
1125 4538 1227 4598 proptor
1246 4528 1286 4581 12.
1393 4531 1421 4599 y)
1440 4533 1642 4599 inquietudinem
1661 4531 1685 4584 2.
1706 4529 1746 4582 12.
1850 4532 1874 4593 a)
1893 4532 2009 4582 deserant
2028 4528 2051 4580 1.

424 4614 451 4675 ιι)
469 4615 517 4664 boc
536 4612 558 4666 l.
640 4615 667 4676 b)
686 4623 712 4666 ct
736 4654 741 4665 .
760 4654 789 4667 ..
812 4618 955 4684 apostolum
973 4636 1022 4668 cm.
1042 4616 1082 4668 12.
1165 4618 1189 4682 c)
1209 4619 1424 4670 inoboedientiam
1442 4617 1466 4670 3.
1481 4617 1504 4684 7,
1523 4637 1589 4672 corr.
1609 4620 1797 4672 oboedientiam
1814 4616 1839 4670 3.
1920 4617 1946 4680 d)
1965 4634 2012 4666 cm.
2028 4616 2051 4666 1.

425 4701 450 4766 o)
468 4710 494 4752 et
512 4719 559 4752 cru.
579 4699 619 4752 12.
720 4702 744 4770 l)
763 4705 907 4765 doctrinae,
933 4722 981 4756 cra.
1000 4712 1038 4769 ot,
1057 4703 1084 4768 7;
1112 4714 1138 4756 ot
1159 4723 1208 4759 om.
1230 4703 1254 4756 8.
1276 4703 1315 4756 12.
1421 4705 1542 4773 glanum
1563 4704 1603 4758 12.
1713 4704 1741 4768 h)
1760 4705 1843 4756 ornati
1861 4702 1891 4766 'l;
1918 4705 2053 4755 hortentur

425 4795 451 4837 ct
468 4789 622 4855 compellant
639 4787 663 4839 8.
751 4791 770 4850 ἰ)
790 4792 829 4840 De
846 4792 986 4857 episcopis,
1011 4793 1055 4856 qui
1079 4808 1137 4844 raro
1161 4800 1206 4843 aut
1230 4809 1361 4857 nunquam
1386 4810 1430 4860 per
1449 4795 1545 4860 seipaoa
1569 4795 1656 4861 plebea
1674 4810 1734 4844 suas
1752 4793 1859 4843 visitant
1875 4791 1947 4840 rubr.
1965 4791 1993 4840 irs
2010 4787 2051 4840 12.
2070 4813 2097 4851 40

425 4873 454 4939 k)
473 4893 517 4941 pro
535 4878 618 4942 seipso
638 4877 678 4926 1⁶2.
771 4878 789 4941 1)
810 4880 905 4930 Omnes
992 4881 1147 4931 contendant
1170 4880 1222 4931 dea.
1241 4881 1269 4930 ia
1287 4878 1328 4931 12.
1426 4879 1462 4945 nr)
1481 4899 1528 4932 aar.
1547 4878 1572 4931 9.
1663 4880 1690 4943 ιι)
1710 4898 1758 4930 orn.
1780 4877 1818 4929 12.
1915 4876 1940 4940 ιι)
1959 4877 2053 4943 aspira-

425 4963 503 5028 vcrit,
527 4980 576 5014 aar.
600 4964 767 5028 contenderit,
793 4963 832 5016 12.
938 4965 965 5030 p)
990 4966 1024 5032 pii
1047 4965 1109 5018 cdd.
1130 4965 1152 5017 1.
1257 4965 1284 5032 q)
1307 4985 1320 5017 e
1345 4977 1449 5019 correct.
1471 4968 1500 5018 ia
1517 4966 1547 5028 2;
1574 4966 1726 5018 canonicum
1748 4963 1773 5017 3.
1879 4965 1902 5025 r)
1921 4971 1948 5013 et
1964 4959 2053 5014 2-4.

424 5045 448 5112 ιι)
466 5051 588 5112 quislibet
606 5048 682 5102 2-4.
753 5051 773 5113 t)
794 5053 881 5103 videns
902 5051 924 5103 l.
994 5053 1022 5110 ιι)
1043 5054 1184 5120 impedierit
1204 5051 1244 5104 10.
1266 5053 1305 5106 ll.
1377 5055 1405 5118 ι’)
1423 5061 1507 5106 cessat
1524 5051 1549 5104 3.
1629 5051 1664 5116 w)
1683 5051 1783 5104 actibus
1803 5049 1827 5102 1.
1896 5049 1924 5112 x)
1944 5050 2009 5100 dixit
2028 5048 2052 5098 li.

424 5136 452 5202 y)
470 5137 519 5188 Sed
605 5138 806 5203 comprimantur
824 5155 872 5188 cm.
893 5136 932 5188 12.
1020 5136 1044 5203 a)
1064 5140 1140 5190 debet
1157 5137 1181 5189 3.
1264 5139 1291 5203 a)
1310 5141 1525 5208 praesumptiorcs
1544 5138 1567 5190 2.

528 5316 573 5382 74)
594 5314 649 5382 Ofr.
670 5315 758 5370 Relut.
772 5315 830 5384 829,
849 5333 934 5384 sopra
948 5333 977 5384 p.
991 5319 1032 5385 34,
1052 5335 1074 5372 c.
1089 5320 1129 5373 17.
1216 5320 1259 5386 75)
1279 5321 1301 5372 1.
1318 5319 1427 5375 Yr'motb.
1446 5321 1506 5388 3,7.
1590 5319 1634 5386 76)
1655 5317 1745 5372 Erech.
1765 5319 1842 5385 3,17.
1931 5316 1974 5382 77)
1995 5315 2052 5383 Ufr,
2071 5341 2096 5379 ιι

427 5419 502 5472 (bne.
523 5419 627 5474 saraa
645 5437 667 5474 c.
683 5423 704 5474 1.
723 5421 752 5484 2,
771 5420 870 5474 Mans
882 5422 946 5490 III,
970 5423 1016 5476 eol.
1034 5423 1110 5492 228q.
1216 5423 1260 5490 78)
1280 5422 1337 5490 Cfr.
1362 5440 1402 5479 aa.
1425 5440 1464 5492 pr.
1490 5422 1557 5478 Coa.
1576 5427 1659 5490 apost.
1677 5439 1698 5478 c.
1711 5423 1758 5488 35,
1785 5421 1879 5474 Mors-si
1891 5421 1918 5489 1,
1944 5421 1991 5475 col.
2004 5421 2054 5484 54,-

428 5525 504 5577 (loac.
518 5524 580 5579 Nic.
598 5540 620 5579 c.
633 5527 658 5590 6,
679 5524 773 5578 Marcei
787 5525 828 5592 Π,
844 5527 892 5581 col.
902 5527 961 5582 679.
1057 5527 1101 5594 79)
1121 5525 1177 5593 (lfr.
1191 5527 1217 5581 ll.
1235 5543 1271 5580 cc.
1289 5543 1312 5582 c.
1324 5528 1366 5582 38.
1384 5530 1415 5594 5,·
1434 5526 1512 5580 coac.
1526 5526 1632 5580 Arctoe.
1651 5542 1672 5581 c.
1685 5527 1728 5590 20,
1747 5525 1843 5578 Manat
1855 5524 1897 5593 II,
1915 5525 1962 5580 ool.
1977 5525 2054 5579 1326.

425 5629 469 5692 99)
491 5627 546 5693 (lfr.
566 5627 645 5682 (brec.
664 5627 784 5683 Graeca
803 5645 824 5682 c.
841 5631 879 5697 19,
901 5629 994 5684 Morari
1009 5630 1071 5696 VII,
1091 5631 1139 5686 col.
1152 5631 1217 5690 378:
1241 5631 1317 5686 eone.
1336 5631 1426 5697 Afric.
1443 5646 1464 5685 c.
1479 5631 1526 5698 43,
1551 5629 1611 5684 coa
1630 5647 1725 5684 corma.
1740 5647 1769 5698 p.
1782 5631 1847 5696 236,·
1872 5628 1936 5683 Ood.
1955 5645 2052 5682 canoa.

425 5733 484 5786 eccl.
504 5732 591 5799 aare.
611 5749 632 5786 e.
645 5733 687 5799 m,
707 5732 803 5784 urnam·
817 5733 873 5799 m,
892 5735 937 5788 ccl.
952 5735 1010 5787 779.
1098 5736 1142 5804 91)
1161 5734 1320 5804 Hieronymi
1338 5736 1413 5804 aqam
1432 5735 1470 5788 ad
1489 5735 1694 5802 lacrimanti,
1714 5735 1839 5806 OpercI,
1856 5735 1902 5788 col.
1916 5735 1975 5792 682.
2013 5715 2014 5724 ¹
