4568 6420
387 453 657 508 reordinanda
677 455 725 509 sl)
744 454 821 509 OAP.
841 457 921 512 nee.
941 455 1125 512 turnella
1143 457 1334 514 oneretur.
1354 461 1474 528 (HLUD.
1493 463 1619 532 Bauer).
1639 495 1671 503 -
1686 464 1734 520 Nr.
1746 465 1805 520 304.
1849 472 1908 532 461

563 847 663 952 sol.
723 842 952 955 oeno
996 803 1634 960 coeounrrours

703 999 1190 1110 HLUDOWIOI
1230 1002 1491 1114 BALBI.

961 1179 1060 1262 877.
1087 1188 1174 1264 cer.
1202 1192 1238 1264 s.

394 1354 526 1434 Enstct
547 1370 623 1435 hoec
649 1369 796 1456 formula
821 1372 910 1452 apud
931 1371 1152 1453 sirmondum,
1187 1373 1296 1440 Caroli
1321 1376 1412 1440 Calui
1437 1376 1540 1456 Capit.
1558 1399 1593 1461 p.
1611 1339 1674 1442 lor
1686 1397 1761 1460 sqq,
1790 1381 1845 1461 qui
1872 1401 1911 1444 co

252 1475 382 1540 scodicc
404 1474 438 1540 S.
454 1473 626 1538 Laurentii
647 1474 830 1540 Laodicnsis
852 1477 888 1538 in
910 1475 1007 1540 lucrm
1028 1477 1134 1541 edidit.
1764 1495 1769 1504 ·

390 1576 440 1642 Dc
463 1581 604 1658 murmuro,
627 1597 688 1658 qno
709 1577 916 1644 Htudowtcus
938 1583 1104 1644 cororrotus
1126 1581 1176 1659 sit,
1198 1581 1268 1645 cido
1289 1601 1388 1664 supro
1410 1601 1461 1647 nr.
1478 1587 1550 1648 283.

562 1693 564 1696 ·
760 1689 763 1696 ’
1410 1685 1467 1768 (B.
1492 1687 1539 1765 II,
1556 1691 1635 1766 306;
1658 1687 1696 1755 P.
1714 1691 1801 1762 544).

333 1929 334 1932 =
397 1840 719 1952 Benedictiones
742 1910 860 1975 super
883 1889 1156 1954 Hludowicum
1179 1912 1314 1975 regem
1340 1883 1482 1957 iactae,
1528 1888 1631 1970 verul,
1655 1905 1704 1974 qui
1725 1906 1837 1976 populis
1852 1905 1910 1960 tuis

283 1986 402 2048 virtute
425 1991 548 2047 consulis
571 1995 601 2046 ct
623 2010 718 2047 amore
741 1993 903 2059 dominaris,
927 1995 964 2049 da
978 1995 1045 2049 huic
1060 1996 1166 2049 famulo
1182 1999 1232 2050 tuo
1249 1996 1380 2065 spiritum
1399 1997 1556 2068 sapientiae
1580 2011 1652 2052 cum
1670 2000 1806 2070 regimine
1828 2000 1909 2056 ‹lisci-

241 2101 265 2136 m
283 2081 392 2152 plinae,
422 2084 455 2134 ut
477 2078 531 2134 tibi
554 2082 616 2133 toto
640 2079 722 2134 eorde
745 2080 865 2134 devotus
887 2081 917 2134 in
940 2082 1020 2151 regni
1044 2081 1181 2152 regimine
1204 2086 1319 2137 ruaneat
1341 2101 1452 2153 semper
1479 2085 1596 2140 idoneus
1626 2083 1746 2162 tuoque
1777 2099 1909 2140 munere

283 2168 385 2252 ipsius
409 2165 610 2250 temporibus
634 2167 793 2230 securitas
817 2167 978 2230 eeclesiae
1003 2168 1162 2253 dirigatur
1194 2175 1227 2232 et
1254 2169 1287 2232 in
1310 2170 1550 2254 tranquillitate
1575 2171 1707 2236 devotio
1736 2171 1911 2237 christiana

283 2277 481 2356 permaneat.
526 2278 579 2332 Per
602 2277 760 2333 Dominum.

392 2433 523 2506 Sacri2
546 2442 625 2506 olei
649 2441 808 2506 inlusio.
847 2442 1063 2528 Omnipotens
1081 2445 1280 2530 sempiterne
1296 2443 1397 2520 Deus,
1416 2449 1546 2508 creator
1562 2451 1594 2528 et
1610 2446 1811 2529 gubernator
1826 2447 1910 2511 coeli

283 2553 316 2608 et
338 2553 456 2624 terrae,
480 2546 629 2609 conditor
651 2553 684 2609 et
707 2544 881 2631 dispositor
904 2548 1094 2632 angelorum
1119 2555 1152 2612 ct
1175 2549 1351 2624 hominum,
1375 2549 1429 2632 qui
1452 2547 1621 2612 Abraham
1639 2549 1796 2614 famulum
1818 2555 1909 2614 tuum

241 2687 263 2724 n
283 2649 323 2713 de
353 2649 501 2712 hostibus
530 2649 730 2734 triumphare
766 2650 891 2724 fecisti,
927 2649 1033 2736 Moysi
1069 2659 1101 2715 et
1137 2652 1233 2716 Iosuc
1265 2652 1385 2738 populo
1422 2657 1476 2714 tuo
1507 2650 1663 2736 praelatis
1697 2653 1910 2738 multiplicem

284 2753 451 2816 victoriam
474 2752 625 2832 tribuisti,
649 2752 805 2816 humilem
829 2774 957 2838 quoquc
974 2738 1083 2818 David
1101 2775 1235 2841 puerum
1251 2761 1342 2820 tuum
1367 2755 1459 2839 regni
1475 2753 1603 2838 fastigio
1619 2754 1799 2819 sublimasti
1818 2776 1908 2820 eum-

282 2876 344 2939 quc
367 2853 408 2917 de
431 2877 488 2919 ore
512 2856 618 2920 leonis
643 2862 677 2920 et
699 2855 740 2919 de
756 2876 853 2919 manu
872 2857 998 2922 bestiae
1021 2865 1119 2941 atque
1137 2859 1264 2938 Gallae,
1289 2857 1346 2921 sed
1370 2865 1403 2922 ct
1426 2857 1465 2921 de
1482 2856 1591 2942 gladio
1607 2859 1751 2943 maligno
1775 2859 1854 2923 Saul
1877 2865 1911 2924 et

283 2959 424 3021 omnium
448 2959 652 3023 inimicorum
677 2960 748 3023 eius
771 2960 920 3024 liberasti
945 2966 977 3023 ct
994 2959 1200 3025 Salomonem
1219 2962 1401 3048 sapientiae
1418 2961 1754 3046 pacisqueineffabili
1771 2983 1908 3026 munere

283 3062 409 3140 ditasti,
434 3064 576 3147 respice,
600 3083 816 3147 quaesumus,
845 3063 887 3127 ad
915 3071 1029 3148 preces
1059 3065 1250 3128 humilitatis
1277 3071 1425 3140 nostrae,
1458 3069 1491 3128 et
1519 3063 1604 3127 hunc
1633 3064 1789 3127 famulum
1817 3071 1909 3128 tuum

239 3204 265 3242 20
284 3166 472 3245 virtutihus,
503 3166 621 3251 quibus
654 3166 821 3253 praefatos
858 3166 970 3230 lideles
1000 3175 1073 3230 tuos
1103 3167 1281 3247 decorasti,
1319 3167 1489 3253 multiplici
1520 3166 1652 3257 honoris
1681 3167 1909 3232 benedictione

283 3267 480 3342 condecora,
512 3275 545 3332 et
575 3277 605 3331 iu
633 3278 714 3348 regui
743 3277 881 3349 regimine
910 3269 1092 3334 sublimiter
1122 3270 1262 3347 colloca,
1294 3277 1327 3334 ot
1355 3281 1418 3334 oleo
1445 3277 1556 3349 gratiae
1587 3278 1709 3348 Spiritus
1740 3280 1830 3335 sancti
1864 3271 1925 3333 tui·

283 3390 447 3442 perunge,
472 3373 545 3427 uude
568 3373 690 3427 unxisti
713 3373 881 3439 sacerdotes,
905 3390 994 3443 reges,
1018 3375 1173 3444 prophetas
1196 3378 1226 3428 et
1248 3379 1395 3444 martyres,
1418 3374 1468 3443 qui
1491 3392 1542 3444 per
1564 3373 1647 3428 fidem
1670 3373 1799 3428 vicerunt
1822 3391 1909 3444 regua

284 3471 314 3521 et
337 3468 447 3537 operati
470 3471 537 3522 suut
559 3467 700 3524 iustitiam
723 3473 809 3538 atquc
832 3468 929 3538 adepti
957 3472 1025 3522 suut
1046 3469 1255 3537 promissiones.
1302 3459 1402 3524 Culus
1433 3461 1654 3523 sacratissima
1676 3461 1786 3523 unctio
1812 3481 1911 3544 super

284 3568 382 3648 caput
406 3563 476 3626 eius
500 3562 620 3626 defluat
643 3571 741 3648 atque
766 3563 807 3626 ad
832 3564 987 3626 interiora
1010 3564 1079 3626 eius
1102 3562 1281 3628 descendat
1308 3571 1341 3626 et
1371 3563 1476 3627 cordis
1505 3563 1593 3626 illius
1621 3563 1736 3625 intima
1758 3567 1910 3648 penetret

242 3703 267 3743 2,
286 3672 319 3728 et
342 3673 589 3744 promissionibus,
624 3688 705 3751 quas
734 3667 843 3752 adepti
873 3673 947 3730 sunt
974 3668 1234 3732 victoriosissimi
1262 3689 1375 3752 reges,
1408 3677 1503 3748 gratia
1529 3673 1585 3730 tua
1611 3677 1713 3747 diguus
1742 3675 1908 3741 efficiatur;

284 3781 425 3847 quatenus
448 3778 482 3834 et
504 3772 536 3834 in
559 3773 727 3856 praesenti
755 3771 866 3834 seculo
888 3771 1027 3834 feliciter
1050 3779 1166 3856 regnet
1189 3771 1285 3835 etad
1309 3798 1406 3835 eorum
1427 3779 1610 3834 consortium
1629 3779 1659 3834 iu
1684 3781 1801 3835 coelesti
1823 3797 1909 3850 regno

284 3875 464 3958 perveniat.
509 3873 575 3936 Per
597 3873 761 3937 dominum
785 3880 932 3938 nostrum
955 3873 1067 3938 Iesum
1093 3874 1259 3938 Christum
1282 3875 1517 3952 liliumtuum,
1546 3875 1600 3957 qui
1623 3881 1740 3938 unctus
1764 3880 1814 3937 cst
1838 3875 1909 3938 oleo

285 3978 432 4041 laetitiae
457 3999 536 4072 prae
560 3979 766 4042 consortibus
790 3979 855 4041 suis
878 3985 912 4041 et
934 3979 1054 4042 virtute
1080 3980 1186 4043 crucis
1216 3984 1398 4064 potestates
1426 3978 1532 4041 serias
1562 3976 1755 4055 debellavit,
1787 3983 1911 4040 tartara

285 4080 450 4144 destruxit
473 4100 674 4166 regnumque
698 4081 818 4145 diaboli
843 4083 1010 4168 superavit
1040 4089 1073 4146 et
1101 4083 1142 4146 ad
1164 4084 1274 4146 caelos
1299 4083 1403 4146 victor
1426 4080 1585 4145 ascendit.
1630 4080 1669 4143 In
1695 4082 1787 4144 cuius
1812 4102 1910 4145 manu

242 4215 267 4252 ao
285 4183 422 4247 victoria
444 4184 559 4262 omnia,
582 4184 687 4268 gloria
711 4192 744 4248 et
767 4191 913 4270 potestas
937 4185 1128 4262 consistunt,
1153 4191 1186 4249 et
1208 4192 1317 4249 tecum
1334 4186 1414 4249 vivit
1438 4192 1472 4248 et
1486 4189 1603 4267 regnat
1619 4182 1710 4247 Deus
1734 4183 1767 4246 in
1784 4184 1910 4248 unitate

285 4286 434 4351 eiusdem
458 4287 598 4373 Spiritus
623 4287 726 4352 sancti
750 4309 810 4373 pcr
832 4289 940 4352 omnia
963 4290 1074 4353 secula
1096 4290 1290 4354 seculorum.
1336 4289 1454 4353 Amen.

394 4460 601 4545 impositio
625 4481 805 4524 coronae.
852 4453 993 4524 eoroner³
1015 4473 1044 4525 te
1061 4471 1197 4525 Dominus
1213 4487 1317 4525 corona
1338 4469 1447 4539 gloriae
1462 4472 1549 4538 atque
1571 4467 1707 4534 iustitiae,
1731 4457 1854 4521 honore
1878 4465 1912 4522 et

286 4585 386 4649 opere
410 4562 624 4642 fortitudinis,
654 4576 686 4627 ut
710 4585 769 4649 per
796 4564 937 4627 officium
962 4571 1094 4628 nostrae
1118 4564 1351 4628 benedictionis
1375 4591 1438 4627 cum
1461 4572 1514 4628 fide
1537 4574 1615 4626 recta
1637 4574 1667 4625 et
1689 4570 1841 4640 multiplici
1863 4571 1911 4624 bo·

285 4686 385 4721 norum
408 4685 525 4737 operum
547 4667 640 4721 fructu
663 4667 699 4721 sd
721 4685 853 4722 coronam
875 4668 1024 4737 pervenias
1047 4667 1127 4738 regui
1150 4669 1289 4739 perpetui,
1312 4668 1375 4738 ipso
1397 4667 1544 4736 largiente,
1568 4666 1647 4720 cuius
1670 4683 1787 4735 regnum
1810 4669 1840 4722 et
1862 4666 1910 4719 im·

242 4785 267 4822 ³5
285 4754 393 4824 perium
418 4754 588 4831 permanet
610 4754 640 4808 iu
663 4755 758 4810 secula
781 4756 946 4809 seculorum.
993 4757 1090 4810 Amen.

395 4917 554 5002 Sceptri
577 4917 750 4981 traditio.
797 4919 920 5004 Accipe
945 4925 1121 5003 sceptrum,
1144 4919 1254 5002 regiae
1276 4915 1449 5004 potestatis
1472 4915 1610 5000 insigne,
1635 4915 1760 4999 virgam
1784 4915 1912 4980 seilicet

285 5025 407 5085 rectam
431 5021 536 5105 regni,
559 5021 683 5105 virgam
707 5022 845 5098 virtutis,
869 5043 933 5107 qua
956 5029 988 5087 te
1012 5023 1118 5108 ipsum
1142 5021 1227 5085 bene
1251 5041 1359 5104 regas,
1383 5025 1529 5082 sanctam
1547 5018 1731 5098 ecclesiam,
1756 5019 1911 5104 populum

285 5122 440 5188 videlicet
471 5124 680 5188 christianum
712 5124 771 5188 tibi
806 5146 825 5188 a
859 5124 930 5189 Deo
961 5125 1184 5204 commissum,
1218 5125 1309 5208 regia
1333 5123 1451 5186 virtute
1480 5121 1522 5185 ab
1558 5121 1712 5206 improbis
1743 5119 1913 5200 defendas,

285 5248 404 5313 pravos
428 5227 583 5312 corrigas,
606 5235 726 5306 rectos,
749 5235 784 5291 ut
801 5228 885 5291 viam
901 5234 1023 5291 rectam
1041 5235 1154 5291 tenere
1172 5227 1309 5312 possint,
1335 5231 1389 5288 tuo
1406 5225 1570 5288 iuvamine
1586 5222 1728 5307 dirigas;
1753 5231 1913 5308 quatenus

242 5354 268 5391 ro
287 5329 328 5395 de
352 5332 524 5416 temporali
547 5351 647 5414 regno
671 5330 711 5394 sd
736 5339 905 5395 aeternum
930 5351 1065 5415 regnum
1090 5330 1263 5416 pervenias
1288 5329 1358 5413 ipso
1383 5326 1573 5404 adiuvante,
1605 5327 1696 5389 cuius
1721 5347 1856 5409 regnum
1881 5335 1914 5390 et

286 5435 458 5520 imperium
483 5435 553 5497 sine
575 5433 639 5498 fine
663 5441 831 5518 permanet
854 5433 887 5497 in
912 5434 1021 5497 secula
1044 5433 1236 5497 seculorum.
1281 5432 1397 5495 Amen.

389 5623 416 5690 1)
435 5620 689 5675 commoliunt
702 5621 743 5675 II.
762 5621 822 5688 869,
840 5637 927 5690 supra
942 5621 1044 5689 prta
1063 5620 1110 5674 liu.
1124 5621 1165 5674 10.
1239 5621 1266 5686 2)
1287 5619 1343 5685 Osr.
1361 5617 1425 5671 nid.
1443 5634 1470 5685 p.
1484 5616 1544 5682 457,
1564 5615 1702 5682 lintoqq.
1790 5617 1818 5682 3)
1838 5614 1913 5669 Ihid.

281 5744 311 5796 p.
325 5726 385 5792 457,
403 5725 450 5779 liu.
464 5725 499 5778 23
508 5741 559 5792 sqq.
