4568 6420
420 442 483 505 436
537 434 806 490 incrusurum
825 433 874 488 ιι)
892 434 1007 488 casir.
1027 435 1107 489 nnc.
1126 413 1311 486 rainone
1327 429 1516 486 occroanr.
1534 431 1681 498 (ursoni
1699 432 1746 500 ιι).
1767 463 1798 472 -
1818 433 1866 487 nr.
1878 435 1938 489 aar.

341 619 402 676 858.
422 632 518 698 quam
541 612 597 697 pie
621 611 756 690 nutrire,
781 609 957 695 disponere
981 610 1126 676 debeant
1149 616 1181 674 et
1205 608 1400 693 gubernare,
1425 607 1511 692 quia,
1536 607 1619 670 sicut
1643 606 1776 692 quidam
1799 609 1931 698 sapiens
1955 607 2049 688 dixit,

419 706 639 780 ίειιοιιιιιίιιιιι71
666 735 772 778 mores
795 713 917 778 domini
941 715 1004 779 erit
1018 714 1143 778 familia
1159 709 1343 777 custodita’
1390 710 1433 774 lat
1455 709 1527 775 ideo
1551 711 1665 775 domus
1683 712 1770 796 regis
1793 713 1904 776 scolae
1920 711 2047 792 dicitur,

417 816 450 881 id
475 824 525 883 est
547 817 732 903 disciplina;
767 817 843 901 quia
871 835 937 880 non
967 822 1118 881 tantumq
1147 815 1341 894 scolasticil’,
1371 813 1478 877 idest
1507 813 1705 900 disciplinati
1736 799 1876 882 etbene
1901 819 2047 898 correcti,

419 928 519 1002 sunt¹,
543 923 627 986 sicut
649 923 715 1000 alii,
739 920 795 985 sed
819 921 926 1006 potius
950 922 1020 1007 ipsa
1044 921 1165 1000 scolae,
1189 940 1272 1005 quae
1296 919 1529 1002 interpretatur
1545 918 1726 1004 disciplina,
1751 919 1782 982 id
1807 927 1858 985 est
1875 921 2046 999 correctio,

419 1024 547 1106 dicitur,
571 1046 655 1110 quae
679 1025 760 1088 alios
783 1024 909 1103 habitu,
933 1024 1072 1103 incessu,
1096 1023 1197 1087 verbo
1221 1028 1254 1086 et
1270 1027 1367 1085 actu‘¹
1390 1027 1511 1104 seques
1535 1022 1634 1086 totius
1649 1022 1822 1086 bonitatis·
1846 1025 2048 1110 continentia
2079 1045 2091 1082 s

420 1129 586 1213 corrigar.
633 1128 676 1193 nt
698 1148 768 1206 vos,
792 1129 899 1192 sicut¹¹
923 1127 1063 1213 paxillus
1086 1149 1151 1192 non
1174 1127 1259 1191 bene
1283 1126 1420 1202 infixus,
1450 1126 1512 1189 nisi
1540 1126 1573 1188 in
1597 1124 1740 1212 Domino
1764 1127 1916 1191 virtutum
1946 1128 2049 1192 innixi

418 1230 569 1295 fortiter¹¹
592 1230 731 1308 fueritis,
756 1240 787 1294 et
811 1251 868 1294 vos
892 1230 1027 1309 cadetis,
1052 1239 1086 1295 et
1109 1232 1164 1316 qui
1188 1231 1219 1293 in
1237 1228 1332 1293 robis
1350 1227 1496 1315 pendent
1511 1228 1674 1293 labentur.
1720 1229 1939 1317 Quapropter,
1964 1231 2050 1295 sicut

417 1333 578 1398 Dominus
603 1335 663 1400 sub
686 1341 848 1421 potestate
873 1335 1065 1399 constitutos
1088 1357 1131 1398 ex
1153 1339 1386 1418 temptatorum
1409 1333 1582 1396 occasione
1606 1332 1718 1398 docuit
1742 1332 1889 1414 reddere,
1914 1325 2048 1420 ‘quael2

419 1445 494 1501 sunt
518 1437 684 1518 Caesaris,
717 1437 851 1503 Caesari
876 1445 924 1517 et,
953 1459 1036 1524 quae
1066 1445 1142 1502 sunt
1169 1437 1250 1516 Dei,
1280 1435 1372 1516 Deo’,
1400 1437 1445 1499 ita
1474 1442 1507 1499 et
1531 1457 1603 1517 ros,
1632 1439 1687 1523 qui
1718 1437 1778 1501 sub
1808 1437 1880 1502 Deo
1908 1439 1989 1502 estis
2013 1447 2047 1503 et

417 1562 516 1627 super
538 1542 684 1607 homines
708 1543 803 1621 estis,
833 1541 972 1621 reddite,
996 1563 1079 1627 quae
1108 1549 1184 1606 sunt
1211 1541 1293 1622 Dei,
1326 1541 1415 1621 Deo,
1444 1548 1477 1604 et
1509 1541 1610 1604 sicutr
1642 1540 1765 1606 Caesar
1787 1564 1929 1628 aequus,
1961 1564 2045 1628 quae
2066 1562 2091 1600 ιο

418 1644 641 1709 subditorumv
666 1654 756 1726 sunt,
781 1645 919 1710 subditis
952 1646 1088 1710 reddite.
1140 1643 1281 1710 Reddite
1310 1645 1382 1709 Deo
1413 1665 1527 1730 puram
1557 1649 1590 1708 et
1620 1645 1860 1710 immaculatam
1893 1646 1990 1712 fidem
2015 1655 2048 1712 et

418 1750 674 1814 sincerissimum
698 1751 821 1814 cultum
844 1752 876 1813 in
906 1750 1151 1830 sacerdotibus,
1181 1751 1213 1814 in
1244 1750 1456 1814 ecclesiarum
1485 1749 1681 1834 privilegiis,
1712 1749 1745 1813 in
1768 1749 1870 1814 sacris
1894 1751 1991 1832 locis,
2014 1753 2047 1815 in

417 1853 649 1916 ecelesiasticis
673 1861 706 1918 et
729 1853 893 1938 religiosis
916 1855 994 1919 viris
1018 1877 1056 1919 ac
1079 1855 1223 1931 feminis,
1251 1856 1283 1919 in
1315 1854 1505 1919 defensione
1537 1854 1699 1919 ecclesiae
1732 1861 1766 1918 et
1789 1854 2045 1936 christianitatis,

417 1957 639 2043 inaequitate
664 1963 696 2022 et
718 1957 843 2022 iustitia
865 1959 976 2044 populi
1000 1959 1178 2038 christiani,
1204 1960 1236 2022 in
1259 1958 1486 2023 sublevatione
1512 1965 1545 2021 et
1569 1957 1805 2044 tranquillitate
1839 1965 1872 2022 et
1897 1959 2043 2023 consola-

417 2060 505 2124 tione
529 2061 671 2124 omnium
696 2060 927 2146 indigentium,
959 2063 1043 2126 sicut
1066 2064 1305 2148 praemisimus.
1355 2061 1496 2126 Reddite
1526 2061 1573 2125 illi
1604 2061 1829 2147 quotidianum
1852 2083 1989 2147 pensum
2012 2064 2044 2127 in
2063 2078 2088 2117 ¹⁵

417 2165 605 2250 quotidiana
628 2166 785 2247 oratione,
808 2167 841 2230 in
864 2167 958 2232 iustis
982 2175 1015 2230 et
1038 2166 1177 2231 assiduis
1200 2167 1397 2231 elemosinis.
1449 2164 1575 2230 Offerte
1598 2165 1644 2229 illi
1668 2164 1875 2230 devotionem
1902 2170 2046 2229 vestram

416 2270 448 2333 in
473 2271 575 2334 sacris
599 2268 819 2334 oblationibus
843 2277 876 2334 et
898 2271 1041 2335 lacrimis
1065 2271 1243 2335 secundum
1265 2267 1524 2354 magnitudinem
1548 2291 1586 2333 ac
1610 2269 1852 2334 multitudinem
1885 2269 2045 2353 quotidia-

416 2393 530 2437 norum
554 2383 765 2459 peccatorum
797 2375 946 2461 profusis.
991 2374 1132 2439 Reddite
1163 2375 1300 2439 subditis
1327 2373 1482 2437 iudicium
1511 2393 1582 2437 cum
1616 2373 1856 2454 misericordia,
1886 2374 2045 2438 iustitiam

416 2498 489 2541 cum
513 2479 688 2563 aequitate.
742 2478 879 2543 Studete
911 2481 1058 2544 exaltare
1089 2478 1228 2542 humiles
1259 2485 1317 2541 etw
1341 2475 1448 2540 Deum
1480 2477 1661 2540 timentesw
1692 2483 1726 2540 et
1754 2476 1923 2541 debellare
1947 2483 2045 2562 atque

416 2581 586 2647 humiliare
611 2584 781 2668 superbos.
829 2584 966 2650 Studete
990 2607 1009 2648 a
1033 2585 1126 2648 bonis
1151 2583 1223 2669 plus
1247 2582 1354 2667 diligi,
1378 2602 1475 2668 quam
1500 2582 1618 2646 timeri.
1663 2580 1801 2661 Curate,
1833 2586 1870 2644 ut
1893 2581 1985 2662 mali,
2016 2581 2044 2644 si
2063 2595 2090 2634 ιο

415 2706 480 2749 non
503 2693 636 2772 propter
659 2686 777 2768 Deum,
802 2688 875 2752 vel¹
898 2696 1030 2774 propter
1053 2688 1202 2752 timorem
1227 2692 1372 2750 vestrum
1403 2685 1525 2749 melum
1548 2705 1647 2770 agere
1670 2689 1826 2751 metuant.
1871 2683 1946 2748 Non
1970 2685 2043 2770 plus

416 2789 502 2875 apud
531 2810 588 2853 vos
618 2790 730 2876 lingua
758 2791 888 2871 dolosa,
921 2812 1035 2856 manus
1059 2792 1169 2876 plena,
1201 2790 1392 2875 obsequium
1426 2787 1608 2852 indebitum
1632 2790 1754 2869 valeat,
1785 2809 1881 2874 quam
1913 2791 2043 2870 veritas,

415 2893 563 2979 aequitas
586 2899 620 2958 et
642 2895 823 2974 sinceritas,
847 2896 990 2960 scientes
1014 2896 1183 2981 scriptum:
1208 2885 1320 2967 ‘Qui73
1343 2894 1469 2958 excutit
1484 2915 1599 2958 manus
1625 2914 1701 2957 suas
1724 2893 1765 2958 ab
1787 2894 1874 2958 omni
1897 2914 2043 2970 munere,

415 2996 476 3060 iste
493 2996 526 3059 in
542 2997 682 3060 excelsis
697 2995 881 3078 habitabit’,
904 2999 990 3062 unde
1006 3006 1247 3084 consequenter
1263 2997 1402 3081 intelligi
1426 2996 1539 3062 debet:
1564 3004 1598 3062 et
1624 3019 1688 3061 non
1705 2998 1807 3063 aliusy
1831 3035 1872 3045 -
1896 2988 2044 3062 ιιιιιιιιιι74

416 3101 503 3164 enirn
530 3107 581 3164 est
610 3123 630 3164 a
657 3100 784 3186 lingua,
812 3102 919 3176 far0r;
954 3123 1070 3167 munus
1104 3125 1123 3166 a
1150 3122 1263 3180 manu,
1294 3100 1442 3177 donatio;
1478 3122 1595 3167 munus
1624 3102 1665 3166 ab
1690 3101 1864 3188 obsequio,
1894 3102 2043 3166 indebita
2062 3119 2088 3158 ιι

415 3205 574 3268 subiectio
599 3243 649 3269 ——.
674 3204 869 3270 Constituite
896 3207 1060 3272 ministros
1083 3208 1208 3292 palatii,
1232 3208 1286 3291 qui
1309 3206 1417 3270 Deum
1441 3211 1656 3290 cognoscant,
1689 3211 1802 3270 ament
1825 3212 1858 3269 et
1880 3210 2045 3276 metuant;

417 3309 471 3392 qui
494 3311 667 3373 maximam
691 3331 801 3374 curam
825 3316 957 3394 gerant,
982 3317 1160 3395 quatenus,
1183 3311 1367 3394 quicunque
1389 3311 1573 3374 necestuosi
1596 3309 1751 3396 palatium
1772 3307 1913 3372 adierint
1933 3315 1965 3370 et
1987 3328 2047 3393 per

417 3431 496 3495 quos
521 3413 730 3497 perrexeritis
739 3424 761 3494 ¹,
787 3421 912 3499 patrem
937 3422 970 3479 et
994 3414 1231 3478 consolatorem
1256 3413 1409 3477 mirantes
1433 3413 1605 3497 gaudendo
1628 3434 1685 3477 vos
1709 3412 1820 3477 videre
1843 3421 2045 3492 accurrant⁸‚

416 3538 490 3596 non,
514 3515 664 3602 qualemb
681 3516 790 3582 dicere
807 3518 967 3594 nolumus,
992 3518 1154 3602 gemendo
1178 3523 1212 3580 et
1229 3516 1454 3582 maledicendo
1471 3516 1646 3602 refugiant.
1694 3514 1892 3580 constituite
1909 3515 2046 3579 comites

416 3626 450 3684 et
466 3620 632 3683 ministros
648 3621 695 3684 rei
712 3620 871 3706 publicae,
895 3622 949 3706 qui
966 3641 1030 3684 non
1046 3619 1184 3705 diligant
1202 3641 1347 3700 munera,
1364 3621 1419 3706 qui
1435 3620 1547 3685 odiant
1563 3620 1746 3700 avaritiam,
1765 3619 1818 3704 qui
1838 3617 2044 3684 detestentur
2062 3639 2088 3678 ro

417 3724 620 3809 superbiam;
653 3725 708 3807 qui
732 3745 794 3788 non
824 3725 1007 3809 opprimant
1036 3745 1143 3810 neque
1172 3724 1392 3789 dehonestent
1420 3745 1600 3809 pagensem
1631 3726 1686 3810 qui
1714 3745 1841 3788 messes
1872 3729 1906 3786 et
1929 3722 2044 3786 vineas

416 3837 448 3892 et
472 3833 566 3912 prata
588 3849 626 3891 ac
651 3828 749 3892 silvas
774 3849 886 3893 eorum
915 3850 1123 3915 nequaquam
1152 3829 1340 3904 devastent3
1371 3830 1429 3915 qui
1458 3828 1603 3893 illorum⁰
1633 3849 1754 3914 pecora
1781 3829 1833 3890 vel
1865 3826 2045 3910 friskingas

416 3932 468 3995 vel
497 3930 668 4017 quaeque‘¹
702 3932 831 3995 illorum
865 3938 940 3995 sunt
973 3953 1037 3996 non
1071 3933 1269 4020 praedentur
1300 3954 1406 4018 neque
1443 3932 1597 4018 diripiant
1633 3939 1667 3997 et
1697 3955 1756 4019 per
1786 3931 1976 3996 violentiam
2006 3951 2044 3995 ac

416 4036 503 4099 mala
526 4035 673 4119 ingenia,
697 4055 780 4119 quae
803 4035 931 4099 illorum
955 4044 1043 4116 sunt,
1067 4035 1254 4100 nullomodo
1278 4036 1444 4110 auferant;
1476 4039 1531 4122 qui
1555 4038 1781 4122 episcopcrum
1807 4057 1940 4099 suorum
1965 4055 2043 4098 con-

417 4139 500 4218 silio,
525 4159 607 4222 quae
632 4137 695 4201 Dei
720 4145 794 4202 sunt
823 4145 855 4202 et
879 4138 1107 4204 christianitati
1130 4139 1340 4220 conveniunt,
1365 4141 1503 4215 faciant;
1536 4142 1590 4227 qui
1614 4141 1734 4226 placita
1756 4159 1820 4203 non
1845 4160 1903 4226 pro
1927 4137 2042 4224 adqui·
2062 4161 2087 4200 ss

415 4243 532 4306 sitione
562 4242 643 4304 lucri
672 4249 823 4322 teneant,
855 4241 913 4306 sed
944 4250 979 4306 ut
1013 4266 1108 4308 casae
1136 4243 1201 4308 Dei
1233 4251 1266 4308 et
1294 4243 1411 4308 viduae
1442 4264 1480 4308 ac
1510 4244 1622 4330 pupilli
1654 4250 1687 4308 et
1716 4245 1859 4330 populus
1887 4243 2044 4307 iustitiam

416 4344 568 4422 habeant,
592 4351 625 4407 et
648 4344 720 4430 plus
737 4344 903 4428 litigantes
926 4346 968 4410 ad
986 4346 1191 4411 concordiam
1215 4347 1306 4411 salva
1328 4349 1450 4412 iustitia
1473 4368 1627 4412 reuocare
1644 4347 1806 4426 studeant,
1830 4367 1927 4433 quam
1952 4366 2040 4409 com·

415 4450 554 4527 mittere,
579 4456 614 4512 ut
636 4449 698 4534 ipsi
723 4448 797 4512 inde
821 4450 952 4534 aliquod
975 4452 1099 4515 lucrum
1122 4453 1248 4537 possint
1271 4451 1403 4533 habere,
1428 4473 1509 4538 quos
1534 4451 1560 4515 si
1584 4451 1757 4537 pacificare
1781 4472 1845 4515 non
1863 4451 2041 4536 potuerint,

417 4562 509 4632 tunc,
541 4553 623 4616 sicut
653 4561 776 4616 rectum
807 4561 874 4633 est,
909 4555 1028 4618 iustum
1060 4555 1213 4619 iudicium
1247 4555 1379 4620 decerni
1412 4577 1485 4620 cum
1522 4576 1643 4640 magna
1674 4553 1892 4620 sollicitudine
1920 4554 2044 4618 faciant

416 4659 558 4722 scientes
575 4657 729 4742 scriptum
746 4679 837 4722 esse:
861 4651 1064 4723 ‘Indicaboll
1081 4659 1149 4738 tibi,
1173 4659 1278 4738 homo,
1302 4660 1379 4745 quid
1397 4662 1437 4725 sit
1453 4658 1596 4738 bonum',
1619 4660 1651 4725 id
1675 4667 1726 4724 est
1750 4661 1868 4724 ‘facere
1886 4657 2042 4723 iudicium
2061 4683 2087 4722 m
2108 4689 2112 4698 ·

416 4771 449 4826 et
472 4762 639 4840 iustitiam,
664 4770 696 4824 et
719 4761 895 4826 sollicitum
919 4764 1086 4828 ambulare
1111 4785 1184 4828 curn
1206 4763 1276 4828 Deo
1299 4763 1378 4845 tuo’,
1401 4763 1432 4827 id
1457 4772 1519 4828 est:
1550 4771 1602 4845 ut,
1633 4764 1719 4849 quod
1744 4765 1790 4828 illi
1814 4763 1952 4850 placet0,
1984 4761 2044 4850 tibi

519 4961 545 5030 p)
568 4963 667 5026 schola,
692 4963 840 5014 scholastici
864 4962 887 5015 l.
911 4963 994 5016 3-c.
1100 4965 1127 5029 q)
1154 4982 1202 5017 cm.
1225 4965 1249 5016 fr.
1354 4966 1377 5030 r)
1405 4985 1453 5018 om.
1476 4963 1501 5019 2.
1607 4965 1630 5033 s)
1648 4965 1686 5016 ita
1710 4962 1732 5015 l.
1758 4964 1789 5028 2;
1816 4965 1939 5016 vanitatis
1957 4963 2043 5016 3-5.

414 5049 435 5113 t)
454 5049 585 5116 corrigant
602 5047 686 5100 2-4.
777 5047 806 5114 a)
825 5051 846 5100 si
864 5058 943 5116 caput
966 5051 1035 5102 illius
1053 5068 1104 5102 non
1124 5051 1189 5103 beno
1208 5052 1280 5102 infixi
1299 5053 1325 5103 in
1344 5054 1454 5104 Domino
1472 5055 1599 5105 virtutum
1617 5052 1715 5102 inimici
1733 5053 1797 5103 fortc
1815 5049 1839 5100 5.
1938 5051 1966 5116 v)
1983 5052 2043 5102 sub-

415 5137 474 5187 ditis
491 5134 515 5186 2.
616 5134 650 5198 w)
669 5144 695 5186 et
712 5173 718 5186 .
733 5174 759 5188 ..
778 5138 897 5188 timentes
915 5155 964 5189 om.
983 5137 1007 5189 5.
1107 5135 1134 5204 x)
1154 5137 1244 5188 saltem
1262 5139 1325 5190 odd.
1344 5139 1368 5191 5.
1468 5143 1495 5206 y)
1513 5153 1562 5192 aa:
1585 5140 1612 5191 iu
1635 5140 1745 5192 excelsis
1763 5138 1904 5202 habitabit3
1926 5139 1998 5189 alind
2017 5137 2043 5192 5.

414 5223 439 5286 a)
453 5222 642 5290 perrexerintf).
712 5224 926 5292 aloconrrantfr.
998 5226 1024 5292 b)
1037 5224 1148 5289 qualiter
1159 5223 1235 5275 3—5.
1305 5225 1431 5289 oleorum
1447 5227 1466 5277 l.
1539 5224 1798 5295 e)quaseumqust›.
1862 5225 1927 5288 alet
1942 5223 2043 5276 addi).
2060 5245 2086 5284 45

518 5406 561 5471 il)
583 5403 652 5472 Quis
668 5403 771 5472 diberit,
790 5405 887 5459 oemio.
970 5405 1013 5468 72)
1033 5403 1134 5458 Marta.
1153 5406 1248 5473 2221.
1337 5405 1382 5472 ta)
1401 5403 1647 5472 ani.33,15.16.
1735 5403 1779 5473 74)
1799 5402 1849 5469 Osr
1867 5402 2043 5468 Hiucmorus,

414 5507 457 5561 Dc
475 5507 599 5562 canendis
616 5509 688 5561 vitiis
706 5524 728 5563 c.
745 5511 774 5577 l,
793 5507 940 5578 OperaH,
959 5525 987 5576 p.
1000 5510 1046 5563 32:
1075 5509 1143 5563 'fres
1167 5527 1231 5564 vero
1259 5513 1325 5564 sunt
1347 5509 1524 5579 acceptiones
1547 5524 1706 5573 nannetum,
1735 5507 1771 5562 ad
1795 5524 1865 5575 quas
1889 5524 1921 5560 ex
1944 5505 2043 5560 frande

414 5613 568 5668 festinatio.
605 5613 706 5666 Munus
725 5630 846 5682 uanique
864 5631 881 5666 a
899 5613 981 5666 corde
1000 5617 1043 5666 est
1064 5617 1180 5683 captata
1197 5615 1326 5683 grotiaa
1350 5613 1537 5685 cogitatione,
1561 5631 1662 5667 munus
1683 5613 1719 5666 ab
1742 5629 1790 5667 ore
1814 5615 1857 5666 est
1878 5612 1970 5682 gloria
1994 5627 2044 5681 per

415 5719 546 5782 favorem,
565 5735 666 5770 rannus
685 5734 717 5769 ex
737 5734 821 5770 manu
841 5721 883 5769 est
901 5717 1055 5785 praemium
1075 5735 1124 5786 per
1142 5717 1293 5773 dationem.
1383 5719 1426 5784 lb)
1445 5717 1539 5772 Michu
1557 5719 1582 5786 6,
1592 5719 1616 5773 8.
