4560 6426
401 437 463 500 264
567 434 814 490 CAPITULARIA
834 435 961 490 REGUM
981 434 1165 491 andnemu
1186 435 1447 490 ooolounraurs
1467 435 1614 504 (arnoul
1628 435 1673 504 ll).
1692 464 1725 476 -
1744 435 1792 490 Νι.
1805 435 1863 490 aba.

325 616 384 670 853.
404 609 490 673 tibus
507 609 684 674 Hincmaro
701 608 889 685 Remorum,
913 609 1116 674 Guenilouo⁰
1132 610 1308 690 Senonum,
1332 611 1496 676 Amalrico
1512 609 1742 690 Turonorum',
1767 609 2025 694 metropolitanis

402 712 578 799 episcopis,
606 712 690 778 idem
719 711 896 776 Remorum
925 713 1197 798 metropolitanus
1228 715 1399 800 episcopus
1427 714 1623 780 venerabilis
1655 713 1855 778 Hincmarus
1883 712 2025 778 ostendit

402 837 467 880 non
490 836 612 902 paucos
636 837 655 879 a
677 815 851 880 decessore
876 837 934 880 suo
950 815 1121 897 Ebbone⁸‚
1145 825 1316 904 postquam
1334 819 1490 884 canonice
1515 819 1683 906 depositus
1706 817 1825 883 luerith
1848 839 1909 882 nec
1933 815 2024 882 veroi

403 921 557 984 canonice
582 920 763 997 restitutus,
788 919 1061 984 inrationabiliter
1084 919 1260 987 ordinatos.
1311 921 1381 985 Iam
1405 943 1465 986 rex
1488 922 1613 1007 absque
1637 922 1704 986 ulla
1726 921 1903 987 ambitione
1928 942 2024 1004 syuo-

402 1024 480 1089 dum
504 1025 593 1088 solus
622 1025 788 1108 ingressus
821 1023 1010 1110 simpliciter
1039 1045 1112 1088 cum
1144 1025 1308 1111 episcopis
1339 1024 1514 1090 residebat.
1566 1023 1659 1090 Serie
1687 1024 1786 1110 igitur
1814 1024 2025 1110 depositionis
2056 1043 2068 1082 ι

404 1127 577 1192 memorati
605 1127 755 1192 Elbonis¹¹
784 1127 973 1213 plenissime
1004 1127 1145 1213 prolata,
1181 1127 1291 1192 multis
1323 1129 1582 1215 metropolitanis
1612 1130 1825 1215 pluribusque
1853 1129 1926 1193 aliis
1956 1129 2025 1214 epi-

407 1233 526 1318 scopis,
550 1233 604 1318 qui
628 1239 778 1295 auctores
802 1231 940 1310 luerunt,
966 1231 1121 1310 recitatis,
1146 1232 1363 1297 restitutionis
1380 1239 1489 1298 autem
1506 1233 1593 1298 illius
1616 1232 1696 1297 uon¹
1718 1233 1906 1310 canonicae,
1929 1233 2026 1296 immo

405 1358 466 1400 nec
491 1334 720 1400 veraesimilis¹
748 1335 861 1422 paucis
894 1335 1066 1400 admodum
1097 1342 1129 1400 et
1158 1335 1293 1400 aliarum
1323 1337 1491 1421 regionum
1521 1336 1725 1422 praesulibus
1755 1335 1944 1400 nominatim
1968 1357 2025 1399 ex-

408 1440 547 1525 pressis,
584 1440 700 1504 claruit
732 1440 914 1525 praelatum
949 1439 1097 1504 Ebonem
1131 1440 1316 1527 episcopale
1351 1441 1492 1506 officium
1527 1442 1640 1506 illicite
1671 1441 1846 1526 repetisse,
1881 1459 2026 1525 quosque

408 1542 566 1628 gradibus
602 1543 835 1607 ecelesiasticis
870 1542 1061 1606 aestimatus
1100 1544 1198 1607 fuerit
1232 1545 1450 1627 promovisse,
1490 1545 1688 1609 damnationi
1723 1544 1829 1631 potius
1865 1543 2071 1608 obnoxiosae

406 1647 576 1720 effecisse;
614 1645 826 1710 Hincmarum
857 1652 967 1709 autem
990 1666 1211 1709 successorem
1242 1646 1310 1709 eius
1334 1648 1500 1712 canonicis
1523 1647 1745 1714 sanctionibus
1769 1654 1864 1712 caute
1887 1668 1925 1711 ac
1949 1646 2025 1710 sub·

408 1751 508 1815 tiliter
530 1750 713 1815 observatis
743 1749 785 1813 ad
815 1749 924 1814 sedem
955 1750 1136 1814 accessisse
1160 1757 1193 1814 et
1216 1758 1349 1835 praeter·
1373 1751 1506 1817 decreta
1521 1753 1678 1817 maiorum
1701 1753 1734 1816 in
1758 1751 1818 1815 hac
1832 1756 1923 1836 parto
1946 1749 2025 1814 nihil

407 1853 537 1918 omnino
571 1854 689 1926 moliri;
724 1855 833 1918 sicut¹²¹
863 1853 895 1917 in
929 1855 1031 1938 gestis
1063 1853 1275 1939 synodalibus
1310 1855 1428 1922 exinde
1456 1857 1496 1922 ab
1527 1857 1690 1945 episcopis
1720 1855 1866 1922 eiusdem
1898 1855 2026 1920 concilii

408 1981 496 2024 more
521 1959 676 2024 canonico
700 1959 896 2023 confirmatis
919 1959 1046 2045 plenius
1070 1960 1261 2026 edoceturr.

515 2066 545 2128 2.
580 2061 793 2127 Postmodum
817 2061 1014 2126 venerabilis
1043 2061 1254 2127 Guenilonis”
1283 2063 1464 2129 senonicae
1494 2063 1583 2128 urbis
1611 2062 1852 2149 metropolitani
1881 2062 2027 2149 episcopi
2046 2086 2070 2125 ιι

407 2169 636 2252 suffraganeus
653 2166 898 2232 Nevernensis⁰
914 2167 1087 2246 ecclesiae,
1111 2169 1240 2232 nomine
1256 2159 1511 2247 Herimannus²‚
1535 2188 1592 2252 pro
1617 2167 1684 2232 suis
1702 2165 1921 2246 excessiones,
1945 2188 2027 2252 quos

409 2270 568 2356 corporali
594 2270 744 2334 molestia
767 2290 846 2355 sepe
870 2269 1040 2334 dicebatur
1055 2270 1238 2349 admittere,
1262 2294 1282 2335 a
1297 2272 1438 2336 sanctior
1454 2272 1661 2357 praesulibus
1677 2270 1846 2335 modesth
1862 2277 1896 2334 et
1912 2271 2030 2335 acriter

407 2376 594 2459 increpatus
627 2383 695 2453 est,
730 2373 816 2459 quod
852 2375 940 2460 prius
973 2375 1161 2460 frequenter
1194 2382 1363 2462 correptus
1394 2375 1497 2440 ordini
1531 2374 1752 2440 sacratissimo
1785 2375 2030 2462 perseverantia

407 2478 579 2543 levitatum
603 2476 710 2542 adhuc
743 2477 891 2542 iniuriam
921 2478 1055 2544 laceret.
1105 2478 1148 2543 ut
1174 2481 1209 2543 in
1240 2479 1427 2565 praesentia
1454 2479 1609 2565 principis
1639 2479 1859 2544 infirmitatem
1889 2479 2030 2565 pastoris

411 2602 615 2668 nequaquam
640 2581 837 2646 fastidientis
862 2582 1041 2646 iniunctum
1065 2588 1115 2647 est
1136 2583 1386 2669 metropolitano
1410 2582 1494 2660 eius,
1523 2591 1560 2647 ut
1588 2582 1748 2647 adiunctis
1772 2604 1883 2647 secum
1906 2582 2030 2668 aliquot
2047 2603 2073 2643 ro
2104 2623 2111 2640 .

411 2686 574 2773 episcopis
606 2685 646 2750 ad
685 2684 838 2772 oppidum
877 2685 1105 2752 Nevernense¹
1139 2685 1313 2752 accederet
1349 2693 1384 2751 et
1419 2686 1529 2751 omnia
1560 2687 1605 2751 ibi
1641 2685 1774 2772 negotia
1807 2686 2029 2750 ecclesiastica

411 2792 579 2876 sapienter
613 2796 838 2877 componeret;
872 2791 977 2878 ipsum
1013 2813 1091 2856 vero
1124 2791 1350 2878 coepiscopum
1389 2810 1481 2855 suum
1516 2789 1753 2855 Herimannum
1791 2789 1878 2876 apud
1915 2791 2029 2856 urbem

411 2894 579 2960 Senonum
604 2915 715 2959 secum
738 2894 884 2972 haberet,
909 2894 1011 2960 donec
1035 2895 1212 2958 aestivum¹
1237 2901 1379 2980 tempus,
1404 2893 1489 2978 quod
1514 2893 1608 2958 valde
1632 2892 1828 2958 contrarium
1852 2894 2030 2960 infirmitati

408 2999 495 3064 illius
517 2999 702 3080 ferebatur,
730 3000 942 3084 pertransiret
969 3007 1003 3063 et
1032 2999 1077 3064 sic
1101 2999 1239 3063 Domino
1266 3004 1447 3063 annuente·
1469 2997 1670 3062 abstinentia
1693 2999 1892 3083 competenti
1915 3020 2028 3063 assue-

411 3112 491 3182 tum,
514 3103 691 3189 episcopali
706 3103 868 3188 gravitate
885 3103 1087 3179 instructum,
1111 3102 1300 3188 apostolicis
1316 3102 1462 3167 moribus
1477 3101 1695 3182 informatum,
1719 3102 1826 3166 clerus
1842 3110 1876 3167 et
1891 3104 2030 3189 populus
2049 3125 2075 3165 ιι

411 3228 484 3272 eum
508 3207 549 3272 ad
573 3207 684 3272 sedem
706 3207 871 3293 propriam
893 3207 1018 3272 utiliter
1041 3207 1171 3271 favente
1195 3205 1276 3271 Dei*
1298 3207 1404 3291 gratia
1427 3214 1605 3271 revocaret.

522 3313 551 3374 3.
587 3311 637 3375 De
660 3308 871 3375 Burchardou
903 3311 1015 3391 ctiam,
1045 3311 1100 3396 qui
1133 3309 1333 3375 Carnutum'
1356 3310 1527 3376 ecelesiam
1552 3309 1700 3389 tenebat,
1731 3316 1887 3375 statutum
1911 3318 1973 3393 est,
1996 3316 2032 3374 ut

410 3421 466 3481 aut
491 3435 526 3478 se
549 3413 701 3479 idoneum
725 3413 794 3478 ad*
825 3413 1016 3478 sumendum
1051 3415 1271 3500 episcopalem
1302 3413 1437 3499 gradum
1467 3413 1635 3479 admonitu
1664 3411 1881 3478 Guenilonis¹
1910 3421 2029 3480 metro·

413 3518 549 3605 politaui
574 3517 721 3605 episcopi
745 3516 935 3582 ostenderet
958 3524 1013 3581 aut
1036 3524 1124 3582 certe
1141 3539 1275 3604 pronam
1299 3518 1331 3582 in
1356 3539 1390 3581 se
1407 3518 1613 3583 clementiam
1631 3517 1806 3604 principisy
1829 3539 2029 3604 cognosceus

412 3622 565 3689 cederety
588 3622 621 3686 in
645 3627 782 3707 utroque
806 3620 871 3686 Dei
894 3621 1047 3686 iudicium
1077 3629 1281 3708 experturus.
1338 3621 1444 3707 Igitur
1478 3621 1628 3707 sequenti
1657 3619 1710 3686 die
1744 3642 1843 3687 causa
1870 3622 1958 3687 illius
1988 3622 2030 3687 ad
2048 3641 2075 3680 ιο

411 3726 552 3791 medium
570 3724 711 3791 deducta
727 3725 933 3791 venerabiles
949 3726 1106 3813 episcopi,
1129 3726 1307 3790 Remorum
1324 3725 1594 3813 metropolitanus
1609 3725 1816 3802 Hincmarus,
1831 3724 2029 3811 Lugdunen-

409 3821 534 3895 sium¹⁸3
557 3828 733 3908 Pardulus,
762 3828 1012 3894 Aurelianorum
1035 3829 1171 3913 Agius·,
1199 3849 1345 3893 seorsum
1370 3849 1444 3894 eum
1474 3827 1648 3894 admouere
1672 3831 1839 3916 praecepti
1863 3837 1955 3910 sunt,
1984 3838 2031 3911 ut,

411 3934 459 4000 sib
483 3935 607 4019 absque
631 3931 816 3999 discrimine
840 3933 976 4013 valeret,
1000 3933 1142 3997 ollicium
1167 3954 1202 3997 se
1224 3953 1321 4018 posse
1344 3931 1479 4018 aggredi
1502 3932 1677 4007 fateretur;
1701 3939 1758 3997 aut
1781 3932 1808 3996 si
1832 3953 1896 3998 nou
1919 3940 2032 4021 posset

410 4043 543 4125 propter
559 4037 622 4102 Dei
638 4038 796 4118 timorem,
816 4037 1112 4122 impossibilitatem
1127 4037 1270 4122 ingenue
1288 4037 1508 4100 confiteretur.
1551 4035 1650 4100 Parte
1667 4036 1757 4114 cleri,
1774 4057 1857 4121 quae
1874 4059 2030 4125 praesens

410 4150 490 4222 erat,
514 4162 552 4205 ac
575 4141 729 4205 laicorum
753 4140 872 4204 bonum
897 4141 927 4205 ei
944 4140 1163 4205 testimonium
1181 4139 1374 4224 perhibente
1391 4141 1579 4205 memoratis
1595 4140 1800 4224 praesulibus
1817 4141 2030 4208 suadentibus
2049 4160 2074 4200 ιι

410 4244 452 4311 ad
475 4243 648 4310 concilium
678 4245 881 4309 intromissus
909 4251 1000 4309 tauto
1028 4243 1160 4329 quidem
1192 4244 1294 4329 gradu
1323 4264 1357 4308 se
1386 4243 1521 4329 dignum
1550 4264 1624 4308 esse
1650 4244 1798 4330 profiteri
1827 4246 2031 4332 arrogantiae

410 4349 552 4414 asseruit
577 4370 667 4422 esse,
701 4369 765 4412 non
790 4348 947 4413 veritatis.
993 4346 1027 4412 Si
1052 4349 1124 4433 quis
1148 4369 1226 4412 vero
1250 4348 1371 4412 crimen
1399 4347 1529 4434 aliquod
1552 4347 1615 4412 sibi
1638 4348 1738 4414 vellet
1761 4349 1905 4426 obicere,
1935 4349 2031 4415 adid

410 4452 614 4540 purgandum
645 4471 679 4516 se
711 4457 860 4538 paratum
895 4473 968 4517 esse
992 4451 1141 4515 firmavit.
1186 4451 1300 4529 Nullo,
1333 4451 1387 4536 qui
1417 4451 1449 4516 id
1479 4458 1667 4528 conaretur,
1700 4453 1864 4520 existente
1887 4453 2032 4520 decrevit

411 4555 702 4642 sanctasynodus,
726 4576 766 4620 ne
790 4555 844 4619 diu
869 4554 1067 4620 Οιιιιοῐιιιιιο
1091 4554 1186 4620 sedes
1212 4561 1353 4631 vacaret,
1377 4554 1436 4619 sed
1459 4554 1590 4621 directis
1614 4555 1691 4620 illuc
1714 4557 1892 4622 secundum
1915 4559 2030 4622 volun-

410 4669 509 4726 tatem
533 4661 775 4746 metropolitani
800 4660 944 4747 episcopi
973 4659 1171 4724 venerabilis
1199 4659 1424 4738 Guenilonis¹,
1454 4660 1509 4744 qui
1540 4659 1734 4724 electionem
1759 4660 1899 4746 praelati
1922 4661 2028 4748 Burg-
2049 4685 2075 4724 ιο

412 4765 526 4830 hardid
550 4770 823 4851 recognoscerent
846 4769 879 4827 et
901 4763 963 4850 ipsi
987 4763 1157 4844 referrent,
1181 4763 1388 4849 optantibus·
1411 4764 1566 4828 canonice
1591 4762 1796 4828 ordinaretur
1819 4767 2000 4852 episcopus.

513 4991 537 5056 a)
556 4991 691 5044 Wenilone
709 4987 786 5041 3-6.
873 4989 897 5052 ἰ)
914 4991 1048 5042 Τιιιοιιιιιιι
1066 4989 1090 5042 3.
1103 4991 1128 5044 5.
1141 4987 1166 5042 6.
1253 4989 1282 5057 g)
1301 4991 1390 5042 Ebone
1407 4988 1431 5042 2.
1513 4990 1541 5055 lr)
1560 4992 1652 5043 luisset
1669 4989 1694 5044 3.
1708 4989 1732 5043 4.
1745 4990 1769 5043 6.
1852 4992 1871 5058 i)
1892 5010 1952 5046 vers
1968 4993 1993 5046 3.
2006 4991 2031 5046 4.

410 5079 439 5144 k)
458 5079 572 5130 Ebbonia
590 5076 614 5130 3.
707 5074 727 5142 l)
746 5093 797 5127 uon
817 5114 863 5127 ...
883 5077 1052 5130 raraesimllis
1069 5095 1116 5129 om.
1136 5075 1216 5129 3-6.
1312 5077 1349 5144 ιιι)
1368 5079 1435 5130 sicut
1518 5079 1704 5131 edoceturque.
1723 5078 1807 5132 3-6.
1900 5079 1928 5146 n)
1945 5081 2032 5132 Weni-

410 5167 475 5218 lonis
493 5163 579 5217 3-6.
684 5163 710 5228 ο)
729 5165 919 5215 Neruanuensis
937 5161 961 5215 3.
1065 5163 1094 5231 p)
1113 5181 1210 5216 excuss.
1228 5165 1306 5216 variis
1325 5181 1341 5216 a
1359 5166 1454 5216 sanctis
1471 5163 1558 5218 3-6.
1659 5165 1685 5232 q)
1705 5168 1818 5219 modeste
1836 5175 1862 5218 st
1879 5185 1926 5218 om.
1945 5163 2032 5218 3-6.

410 5251 433 5316 ι)
452 5253 609 5303 Nivarnense
627 5248 658 5314 ‘23
678 5251 859 5301 Narvaunsnss
877 5247 900 5300 3.
988 5250 1012 5315 a)
1031 5252 1157 5303 aestivum
1178 5258 1373 5303 ...annuente
1391 5267 1439 5302 ona
1459 5249 1536 5308 3-6.
1623 5252 1646 5320 t)
1664 5253 1768 5304 Domini
1785 5250 1810 5305 4.
1902 5251 1932 5318 ιι)
1950 5255 2030 5320 Burg-
2050 5267 2075 5309 45

411 5338 489 5390 bardo
513 5334 537 5389 3.
642 5333 669 5400 v)
691 5337 862 5387 carnotenam
887 5335 911 5386 2.
1018 5336 1051 5400 w)
1073 5338 1256 5389 assumendum
1281 5335 1310 5398 3;
1342 5337 1375 5388 ad
1402 5339 1583 5389 assumendum
1606 5338 1629 5389 li.
1733 5337 1761 5404 ιι)
1780 5339 1923 5391 Wsnilonis
1945 5337 2032 5391 2-6.

410 5421 438 5492 y)
464 5441 519 5490 cog.
544 5423 597 5475 cad.
627 5423 705 5489 princ
731 5419 821 5483 3-o;
853 5439 910 5490 cog.
938 5424 1018 5490 princ.
1041 5425 1094 5475 cad.
1114 5422 1139 5476 6.
1244 5423 1268 5486 ι)
1292 5423 1519 5490 Hlugdunensium
1541 5422 1566 5475 3.
1672 5423 1699 5487 a)
1724 5425 1788 5476 Aius
1810 5423 1838 5485 ὃς
1870 5425 1927 5478 eius
1947 5423 2032 5478 3-5.

411 5507 439 5578 b)
458 5527 509 5562 nou
527 5508 613 5562 3-5.
701 5509 725 5574 c)
743 5509 884 5560 Carnutum
902 5507 928 5561 3.
1014 5507 1041 5572 d)
1059 5511 1218 5578 Burgehardi
1236 5506 1261 5562 2.
1348 5509 1372 5572 a)
1391 5510 1460 5575 quod
1479 5509 1542 5562 add.
1560 5507 1585 5562 2.

515 5715 543 5787 2)
563 5713 619 5782 Gsr.
637 5713 717 5768 dmm
736 5711 838 5783 aynau
856 5712 931 5781 apta
945 5712 1103 5768 Vcrmcriam
1121 5731 1146 5767 a
1166 5711 1573 5783 853.m.Aa9.1uoit.,iasra
1590 5729 1633 5770 nr.
1646 5715 1705 5778 294,
1723 5729 1744 5768 c.
1758 5717 1780 5769 l.
1820 5731 1822 5736 ·
1867 5715 1894 5783 3)
1913 5713 2001 5770 Inoa
