4634 6436
623 482 869 538 CAPITULARIA
888 482 1034 539 ITALICA
1053 484 1288 553 (fluornaull).
1307 515 1339 524 -
1358 485 1407 540 Nr.
1419 485 1479 540 203.
1824 490 1865 550 67

239 677 367 720 ιιιιιιιιιιι
395 656 581 721 faciendum
609 658 697 721 circa
719 656 912 722 aecclesiam
935 658 1025 724 beati
1047 658 1137 724 Petri
1162 658 1301 746 apostoli
1325 659 1442 738 Rome,
1472 679 1510 722 eo
1534 659 1619 744 quod
1641 658 1704 723 boc
1727 659 1864 724 deceath
1890 667 1951 721 846.

239 758 426 843 plurimum,
449 768 485 824 ut
507 767 646 826 matrem
670 761 727 825 filii
750 762 911 827 honorent
933 768 975 842 et,
1000 764 1032 826 in
1056 770 1210 847 quantum
1235 763 1356 843 valent,
1379 770 1533 827 tueantur
1555 769 1653 848 atque
1677 762 1864 828 defendant.

348 876 378 938 9.
412 873 590 938 Decretum
615 894 745 959 quoque
769 881 803 938 et
827 874 1051 939 confirmatum
1075 875 1251 954 habemus,
1274 882 1311 939 ut
1333 874 1526 940 karissimus
1550 875 1635 940 filius
1658 881 1769 940 noster
1792 896 1866 939 oum

239 977 328 1039 omni
352 978 501 1042 exercitu
515 977 634 1042 Italiac
659 985 693 1042 et
714 984 808 1063 parte
832 1000 875 1043 ex
890 978 1041 1057 Francia,
1065 978 1256 1063 Burgundia
1279 986 1376 1062 atque
1392 978 1565 1043 Provincia
1588 979 1621 1042 in
1638 979 1865 1044 Beneventum

206 1079 486 1163 aproficiscaturl,
510 1085 545 1143 ut
568 1080 643 1144 inde
667 1081 814 1145 Inimicos
831 1079 962 1161 Christi,
987 1080 1187 1146 Sarracenos
1212 1088 1245 1145 et
1261 1081 1404 1162 Mauros,
1429 1083 1527 1147 eiciat
1549 1087 1615 1147 tarn
1639 1089 1772 1169 propter
1793 1082 1865 1162 hoc,

238 1181 326 1266 quod
353 1184 424 1269 ipse
451 1184 592 1268 populus
616 1188 763 1248 nostrum
785 1185 945 1248 auxilium
968 1185 1111 1271 expetit,
1142 1205 1238 1269 quam
1262 1190 1454 1270 propterea,
1488 1184 1574 1270 quod
1598 1186 1782 1250 certissime
1806 1207 1863 1250 no-

238 1285 359 1368 vimus,
384 1287 413 1351 si
438 1286 588 1351 infideles
612 1286 701 1350 illam
725 1292 845 1351 terram
871 1287 1085 1367 obtinuerint,
1110 1309 1165 1352 eos
1189 1288 1400 1368 Romaniam,
1425 1288 1511 1373 quod
1534 1289 1634 1366 absit,
1658 1285 1865 1372 et'magnam

237 1397 365 1473 partem
388 1389 506 1455 Italiae
529 1390 708 1454 invasuros.
753 1390 831 1476 Ipse
855 1411 932 1454 vero
956 1391 1044 1454 filius
1068 1398 1181 1455 noster
1203 1391 1250 1455 ita
1273 1392 1320 1456 ire
1344 1390 1488 1472 debebit,
1512 1398 1548 1455 ut
1563 1390 1658 1457 VIII.
1679 1391 1744 1456 kal.
1767 1390 1863 1454 Febr.

238 1492 280 1555 ad
303 1492 439 1579 Papiam
463 1514 536 1557 cum
561 1494 711 1557 exercitu
733 1495 854 1572 veniat,
878 1494 985 1559 medio
1010 1493 1133 1558 Marcio
1157 1493 1197 1558 ad
1222 1485 1413 1559 Alarinum4
1437 1495 1617 1578 perveniat.

194 1629 220 1666 ιιι
350 1609 399 1670 10.
434 1605 646 1691 Summopere
670 1605 819 1669 iubemus
843 1613 877 1670 et
899 1605 1004 1670 modis
1029 1606 1177 1671 omnibus
1202 1605 1441 1671 observandum
1465 1628 1650 1687 censemus,
1674 1611 1710 1670 ut
1726 1607 1864 1691 quicun-

237 1730 301 1794 que
332 1710 409 1775 illuc
440 1709 549 1792 ibunt,
585 1709 656 1774 sine
688 1709 901 1796 praedatione
931 1709 1100 1774 christiani
1131 1711 1244 1796 populi
1269 1703 1420 1792 radantl,
1454 1711 1607 1795 quoniam
1637 1717 1772 1796 propter
1802 1710 1864 1774 boc

236 1833 391 1896 magnum
415 1814 508 1877 nobis
533 1813 653 1876 malurn
677 1812 837 1877 accidisse
861 1832 926 1876 non
949 1812 1146 1878 dubitamus.

349 1928 397 1988 11.
431 1925 552 1989 Missos
576 1946 705 2010 quoque
726 1932 855 1989 nostros
873 1927 1066 1990 constitutos
1083 1926 1242 1990 habemus
1259 1918 1409 1990 Petrum⁶
1426 1925 1648 1991 venerabilem
1666 1927 1864 2011 episcopum,

237 2028 432 2092 Anselmum
455 2035 605 2092 vocatum
629 2021 836 2115 episcopum⁷
860 2035 893 2092 et
908 2028 1077 2094 Witonem
1101 2031 1273 2095 inlustrem
1296 2022 1477 2112 comiternss,
1502 2031 1556 2114 qui
1579 2031 1612 2094 in
1635 2029 1863 2094 Beneventum

192 2155 218 2192 ιι
237 2131 280 2196 ad
310 2131 513 2217 Sigenullum
548 2138 582 2196 et
610 2132 826 2217 Radalgisum
855 2132 977 2197 radant
1006 2139 1039 2198 et
1068 2154 1125 2198 eoa
1154 2133 1241 2197 inter
1270 2155 1305 2198 se
1335 2133 1508 2218 pacificent
1536 2133 1693 2218 legesque
1724 2140 1757 2197 et
1786 2154 1863 2197 con-

236 2236 382 2300 diciones
406 2236 495 2321 pacis
519 2235 737 2320 aequissimas
761 2237 845 2301 inter
868 2258 925 2302 eos
946 2237 1126 2303 decernant
1142 2243 1176 2302 et
1196 2257 1334 2322 regnum
1349 2236 1633 2317 Beneventanum,
1658 2237 1686 2301 si
1701 2236 1864 2322 pacificati

236 2339 372 2418 luerint,
395 2339 480 2402 inter
503 2360 560 2403 eos
583 2340 766 2424 aequaliter
789 2332 956 2404 diuidant9
980 2347 1078 2426 atque
1103 2363 1145 2406 ex
1169 2345 1282 2404 nostra
1304 2347 1399 2426 parte
1423 2341 1471 2405 eis
1496 2341 1704 2405 securitatem
1729 2345 1763 2404 et
1786 2360 1862 2403 eon-

236 2463 369 2507 sensum
399 2441 531 2506 honoris
560 2451 766 2507 sacramento
797 2444 988 2508 confirment
1016 2450 1049 2508 et
1078 2444 1118 2509 ab
1143 2445 1190 2508 eis
1215 2443 1366 2509 similiter
1389 2445 1430 2509 ad
1454 2449 1598 2508 nostram
1622 2448 1746 2530 partem
1772 2442 1863 2507 adiu-

237 2547 421 2632 toriumque
444 2545 501 2610 filii
525 2546 628 2610 nostri
652 2548 942 2634 expulsionemque
966 2548 1219 2613 sarracenorum
1244 2554 1486 2612 sacramentum
1510 2548 1681 2633 accipiant.

191 2681 218 2720 ao
347 2661 396 2722 12.
432 2657 548 2742 Sergio
577 2679 707 2743 quoque
735 2659 891 2745 magistro
918 2652 1094 2724 ιιιὶίἰιιιιιι10
1121 2657 1329 2737 mandamus,
1361 2666 1398 2724 ul
1428 2661 1498 2745 ipse
1529 2660 1620 2746 pacis
1645 2665 1760 2723 auctor
1782 2659 1866 2722 inter

236 2763 311 2828 illos
335 2770 368 2826 et
391 2762 568 2842 auxiliator
590 2762 649 2825 filii
672 2764 775 2828 nostri
799 2764 932 2838 existam
964 2764 1114 2828 similiter
1133 2763 1323 2850 Apostolico
1347 2770 1380 2827 et
1403 2762 1502 2827 Petro
1517 2761 1756 2828 Venaeciarum
1780 2762 1864 2839 duci,

235 2873 272 2931 ut
295 2865 490 2931 adiutorium
514 2886 556 2928 ex
573 2865 765 2952 Pentapolik
782 2874 815 2932 et
830 2867 976 2933 Venecia
999 2868 1109 2932 navali
1132 2866 1348 2953 expedicione
1371 2866 1495 2931 faciant
1517 2865 1559 2930 ad
1576 2866 1806 2952 opprimendos
1830 2867 1863 2930 in

236 2969 429 3035 Benevento
454 2967 664 3035 Sarracenos.

347 3083 395 3145 13.
429 3079 475 3144 Ut
497 3086 608 3145 aulem
631 3080 712 3145 haee
736 3082 844 3145 omnia
868 3087 1094 3168 competenter
1117 3082 1252 3166 implere
1276 3081 1455 3166 possimus,
1485 3081 1608 3145 ieiunio
1631 3081 1781 3145 triduano
1804 3101 1865 3166 per

190 3205 217 3245 aa
235 3204 330 3248 omne
365 3204 502 3269 regnum
534 3192 678 3248 nostrum
709 3184 922 3250 devotissime
947 3184 1068 3249 Christi
1098 3183 1356 3249 misericordiam
1386 3205 1445 3270 pro
1477 3185 1596 3248 nostris
1628 3184 1773 3270 peccatis
1805 3204 1862 3248 ex-

236 3287 392 3352 orandum
416 3307 602 3351 censemus.

234 3425 328 3490 Haec
351 3431 427 3489 sunt
448 3425 580 3489 nomina
603 3445 727 3506 eorum,
749 3426 804 3512 qui

233 3532 268 3596 in
290 3530 389 3595 Italia
411 3528 573 3594 beneficia
596 3528 732 3596 habent:

235 3641 397 3707 Rataldua
607 3640 667 3706 Isti
690 3640 771 3705 nibil
794 3640 918 3706 habent
940 3642 974 3705 in
996 3641 1110 3706 Italia:

190 3767 218 3806 so
234 3744 453 3812 Remboldus¹
606 3744 793 3809 Harduicua
874 3743 1025 3830 Aquinus
1245 3743 1284 3807 In
1308 3744 1413 3830 prima
1436 3736 1561 3808 scara¹¹
1587 3750 1662 3824 sunt
1684 3743 1789 3807 missi:

233 3847 445 3914 Eberhardus
606 3846 725 3913 Amolo
876 3849 1043 3933 Sigerious
1288 3846 1456 3912 Ebrardus

234 3952 447 4040 Beringarius
604 3951 794 4037 Agilmarus
874 3951 1069 4017 Heribertus
1288 3949 1380 4014 Wito

233 4055 414 4122 Liutiridus
603 4054 725 4120 Audax
871 4054 1082 4120 Heimericus
1286 4051 1468 4118 Liutiridus

233 4159 427 4226 Humiridus
602 4158 777 4225 Heiminus
871 4157 951 4223 Milo
1285 4156 1495 4242 Adalgisusfl.

189 4285 216 4325 aa
233 4263 424 4330 Hrotiridus
602 4262 691 4327 Boeo
869 4259 1076 4326 Hucboldus.
1286 4259 1456 4344 Signiferi:

232 4367 433 4434 Teotboldua
603 4365 780 4431 Wilelmua
869 4363 922 4452 De
945 4364 1134 4429 comitibus:
1285 4363 1475 4428 Bernardus

1285 4465 1461 4531 Alberious

232 4573 414 4640 Pulcradus
603 4573 725 4661 Ioseph
872 4569 1037 4636 Gerardua
1286 4575 1320 4635 et
1342 4569 1469 4635 Bebbo.

334 4781 362 4846 h)
379 4783 470 4834 doceat
487 4799 508 4832 c.
604 4781 624 4847 i)
643 4782 838 4848 proficiscantur
856 4780 930 4832 codd.
1024 4775 1052 4841 k)
1071 4780 1233 4846 Pentapolim
1250 4776 1324 4830 cedd.
1418 4772 1439 4842 l)
1458 4775 1615 4827 Rcinboldus
1633 4773 1815 4838 Reifferscheid
1837 4783 1860 4826 et

185 4883 213 4921 ιιι
231 4868 350 4921 Blabme.
436 4865 499 4934 nt*
516 4868 656 4935 Adalgiaus
674 4867 762 4935 Bciff.;
786 4874 812 4918 et
829 4867 934 4934 ligibus
952 4867 1007 4918 cod.
1026 4865 1088 4918 XV.
1105 4873 1129 4918 et
1146 4865 1264 4917 Blulrme.
1786 4879 1793 4895 ⁶

332 5056 361 5124 4)
385 5054 493 5109 Iarbae
520 5055 551 5107 ia
575 5052 676 5108 damula
698 5053 898 5120 amaveram,
925 5051 1075 5107 secandam
1092 5048 1403 5106 Bonna-Maltecorae
1425 5046 1558 5101 aa1094.
1679 5047 1707 5113 5)
1728 5045 1785 5113 Osr.
1803 5046 1860 5100 Ad-

230 5157 340 5212 mendic
357 5157 508 5226 aaa-825,
530 5162 589 5210 tom.
604 5155 625 5210 I
648 5173 679 5226 p.
691 5157 751 5224 305,
768 5172 791 5211 c.
806 5154 838 5210 17
844 5174 854 5222 ,·
880 5154 1009 5224 Epistola
1026 5153 1063 5207 od
1080 5153 1237 5208 Falradam
1254 5153 1405 5220 804-811,
1424 5152 1441 5205 l.
1453 5166 1475 5205 c.
1489 5165 1518 5218 p.
1532 5150 1590 5217 168,
1607 5149 1624 5204 1.
1637 5149 1671 5203 29
1683 5165 1752 5218 sude·
1777 5148 1859 5218 Oopp.

230 5261 329 5315 Karoli
345 5261 406 5317 810.
416 5261 477 5330 811,
496 5260 513 5314 1.
525 5276 546 5315 c.
561 5276 590 5328 p.
604 5260 663 5327 160,
680 5275 701 5314 c.
714 5261 746 5328 4,·
765 5258 829 5329 Gap.
846 5259 989 5314 maira'192.
1003 5258 1112 5326 ιιι1786,
1131 5259 1147 5312 l.
1161 5273 1183 5311 c.
1198 5275 1228 5326 p.
1241 5258 1283 5325 67,
1301 5273 1322 5311 c.
1335 5257 1368 5323 6,·
1389 5255 1453 5323 Gap.
1474 5251 1616 5307 Hortatall.
1630 5253 1689 5322 779,
1708 5253 1724 5307 i.
1738 5269 1759 5307 c.
1773 5270 1804 5322 p.
1817 5255 1859 5322 51,

229 5381 251 5422 c.
265 5367 304 5420 17.
331 5366 400 5437 [K]
495 5368 523 5434 6)
544 5365 589 5420 Vei
599 5366 744 5421 Arctiaam
760 5366 801 5420 oei
816 5364 998 5433 Spoletium,-
1015 5363 1064 5430 cfr.
1080 5361 1235 5417 Flodoardi
1251 5361 1310 5415 bist.
1326 5359 1467 5415 Remccrl.
1481 5357 1524 5411 lio.
1537 5356 1595 5425 III,
1612 5357 1685 5425 c.10,
1705 5355 1755 5411 SS.
1770 5357 1859 5425 ΧΠΙ,

181 5489 210 5528 ιι
226 5487 256 5539 p.
273 5471 332 5527 483.
433 5472 460 5537 7)
481 5469 536 5539 Qui
552 5469 643 5537 faerit,
661 5485 717 5523 noa
733 5469 820 5538 liquet.
918 5469 946 5536 8)
966 5467 1149 5521 Memnonem
1160 5465 1339 5535 Spokbaum;
1362 5464 1412 5530 cfr.
1427 5460 1596 5527 Witateaseid
1612 5461 1643 5514 ia
1660 5460 1860 5529 ‘neaeman

227 5589 249 5629 r.
269 5573 398 5628 Dactaelr.
417 5573 519 5629 eaeo!
537 5579 597 5628 tom.
615 5574 675 5641 HI,
690 5590 717 5642 p.
729 5575 789 5629 396.
817 5573 885 5644 [K]
989 5573 1015 5639 9)
1033 5570 1137 5626 Diuisio
1156 5588 1182 5624 a.
1198 5570 1258 5624 847.
1280 5569 1319 5622 ita
1340 5567 1417 5634 sacta
1438 5570 1489 5635 est,
1514 5570 1547 5618 ut
1566 5564 1724 5634 Siyenalfua
1742 5563 1859 5618 Salerni·

227 5681 336 5745 tanam,
356 5677 520 5747 Reddam
538 5679 751 5733 Βεηοιιιιιίιιιιιιιιι
769 5676 898 5732 ducatum
916 5677 1058 5745 deciman
1081 5673 1219 5728 arraona
1240 5677 1342 5726 canam
1362 5669 1450 5724 uideas
1468 5668 1530 5723 LL.
1548 5667 1602 5736 IV,
1622 5685 1651 5737 p.
1667 5668 1733 5736 221,
1754 5684 1779 5721 a.
1798 5667 1858 5722 851.

227 5781 353 5835 siemera
370 5781 538 5850 rumpam.
645 5782 687 5848 ιιι)
707 5779 894 5848 receperam.
1001 5781 1045 5847 ιι)
1065 5777 1122 5844 oo.
1139 5776 1233 5840 Waaz,
1259 5775 1319 5830 re.
1338 5776 1410 5843 rw,
1427 5789 1454 5842 p.
1467 5774 1526 5828 en.
1553 5771 1623 5842 [rr]

1612 5868 1647 5922 9.
