4590 6420
344 454 612 510 ADDI'I’AMEN'I'A
632 457 681 510 AD
699 456 815 511 CAPIT.
834 455 916 512 REG.
937 457 1121 512 adauctae
1141 457 1329 513 occlusus.
1348 457 1498 526 (Kauonl
1511 459 1557 528 ll).
1575 489 1608 498 -
1628 459 1676 514 Nr.
1686 459 1745 512 291.
1793 461 1855 525 383

234 651 319 695 auno
335 630 446 715 quinto
471 630 562 714 regni
584 629 706 695 domini
730 631 831 696 nostri
850 630 964 696 Karoli
986 631 1042 695 filii
1064 631 1250 696 Hludowici
1273 633 1487 719 imperatoris,
1509 656 1622 699 mense
1645 632 1852 712 Decembris,
1880 636 1939 691 844.

233 734 407 800 indictione
424 733 574 820 septima.
608 734 651 799 lu
665 734 790 799 conatii
800 733 977 799 Meldeaais
991 757 1021 802 a.
1031 737 1104 800 845.
1116 756 1156 801 aa
1169 736 1241 801 lua.
1255 737 1400 801 celebrati
1410 738 1582 802 canonibus
1596 737 1703 822 (infru
1714 757 1764 803 nr.
1779 739 1857 819 293)

232 839 287 903 boe
298 837 452 904 Vernause
471 837 635 902 comitiam
656 857 720 902 aon
739 843 916 918 caeerptam
935 843 989 916 cst,
1011 838 1065 903 sed
1081 839 1113 902 ia
1130 838 1198 910 cias
1214 839 1417 923 praefatione
1435 840 1510 907 haec
1524 841 1561 906 de
1577 845 1681 906 nostro
1696 842 1857 924 loquatur:

234 943 392 1016 Quartum
415 964 458 1008 ex
474 942 703 1008 convenientia
725 943 758 1006 in
772 941 941 1028 praedicto
958 949 1120 1009 conventu
1142 945 1198 1026 (se.
1220 944 1307 1027 apud
1323 943 1647 1029 daemonis-villam)
1670 952 1800 1031 ceptum
1825 952 1857 1008 et

204 1046 393 1112 sinVerno
420 1047 545 1132 palatio
575 1054 812 1133 perpetratum,
841 1046 901 1112 sed
927 1047 1049 1112 invidia
1078 1069 1116 1112 se
1145 1047 1269 1112 malitia
1295 1047 1417 1113 diaboli
1446 1070 1505 1114 seu
1534 1050 1753 1113 ministrorum
1786 1048 1856 1113 eius

234 1149 376 1216 nondum
409 1151 565 1237 principis
596 1155 630 1215 et
657 1151 773 1236 populi,
794 1150 928 1215 auribus
957 1150 1172 1236 propalatum.
1231 1149 1340 1216 Huius
1371 1152 1495 1217 concilii
1523 1152 1672 1234 capitulis
1698 1152 1855 1216 Karolaur

233 1274 298 1319 nou
319 1273 383 1320 essa
398 1255 581 1334 otsoeatam,
603 1273 758 1318 canonmu
772 1253 866 1318 etiam
880 1259 998 1332 caetu,
1019 1253 1131 1335 Iaepas
1152 1255 1267 1319 scilicet
1281 1253 1379 1319 abbas
1394 1254 1614 1320 Ferrarieasis
1636 1259 1686 1336 (at
1700 1256 1858 1320 Betucius·

237 1358 470 1440 capitularium
493 1361 571 1424 mmo
586 1359 634 1437 II,
657 1358 711 1424 eol.
731 1361 822 1425 1260.
845 1358 991 1441 adnotat)
1014 1359 1214 1440 conqueritur
1235 1358 1372 1422 scribens
1393 1359 1437 1423 ud
1449 1358 1659 1424 Hiaemcru'm
1675 1359 1856 1424 &mensem

234 1461 269 1526 la
295 1461 426 1546 epistole
448 1465 505 1529 42:
546 1461 582 1528 si
609 1462 767 1542 consiliis,
799 1483 883 1548 quae
911 1463 944 1526 in
963 1461 1074 1527 Verno
1103 1463 1251 1548 quaesita
1283 1468 1316 1526 et
1350 1463 1482 1528 inventa
1509 1469 1598 1541 sunt,
1635 1463 1858 1548 adquievisset

192 1590 217 1630 ro
234 1567 365 1648 (scilieet
387 1566 530 1632 Karalus
551 1568 624 1651 rea)
651 1566 715 1631 iam
740 1587 814 1630 eum
838 1567 870 1630 in
893 1587 975 1652 pace
998 1587 1136 1652 regnare
1158 1567 1295 1632 fecisset
1320 1565 1506 1654 [Dominus]
1531 1615 1587 1632 ...
1612 1566 1761 1633 Oenones
1784 1589 1856 1632 ecs-

234 1670 308 1736 dem
333 1671 412 1747 sive,
434 1677 470 1734 ut
495 1691 551 1734 vos
575 1671 710 1748 voeatis,
735 1670 878 1755 capitula
901 1690 975 1740 meo
999 1670 1073 1734 stilo
1096 1677 1173 1734 tuno
1197 1670 1433 1758 comprehensa
1450 1672 1544 1737 vobis
1568 1672 1688 1737 direxi:
1714 1671 1754 1737 de
1778 1693 1857 1757 quo-

234 1795 305 1840 rum
331 1774 498 1862 aequitate
521 1774 620 1840 eredo
644 1781 737 1840 aetas
760 1775 920 1859 posterior
943 1772 1115 1855 iudicabit,
1139 1781 1172 1838 et
1195 1773 1376 1840 devotionis
1401 1797 1493 1841 meae
1518 1798 1582 1842 uon
1605 1777 1666 1842 erit
1688 1777 1859 1840 immernor

235 1877 369 1944 cordum
393 1898 610 1963 renerumque
636 1883 807 1943 scrutator.
1382 1878 1582 1961 (B.,11,13,·
1605 1879 1643 1946 P.
1662 1880 1752 1957 383.)

348 2105 488 2221 Gratias
512 2157 727 2243 omnipotenti
750 2155 822 2221 Deo
846 2155 1028 2236 referimus,
1051 2156 1172 2241 inelyte
1196 2177 1256 2222 rex
1279 2154 1414 2238 Karole,
1437 2178 1497 2220 nos
1515 2156 1662 2243 episcopi
1686 2164 1718 2221 ct
1739 2156 1859 2221 caeteri

192 2284 217 2323 a
236 2257 361 2339 fideles,
385 2262 439 2346 qui
463 2282 505 2326 ex
529 2259 666 2325 diversis
689 2259 835 2346 partibus
858 2258 900 2324 ad
916 2259 1062 2323 Vennum
1087 2260 1215 2324 evocati
1240 2280 1366 2338 sumus,
1396 2259 1481 2346 quod
1509 2258 1660 2347 deposita
1684 2260 1858 2338 discordia,

181 2439 184 2444 Ι
234 2361 321 2427 unde
344 2368 392 2428 tot
413 2365 500 2428 mala
521 2370 769 2451 processerunt,
800 2383 883 2448 quae
911 2369 944 2427 et
972 2383 1165 2428 enumerare
1197 2363 1329 2448 longum
1359 2371 1410 2428 est
1438 2371 1470 2428 et
1494 2363 1657 2427 declinere
1680 2362 1786 2427 adhuc
1810 2363 1858 2427 in-

235 2465 402 2554 possibile,
425 2467 555 2534 redistis
579 2466 621 2532 ad
644 2487 760 2554 pacem
784 2466 1036 2532 cumfratribus
1061 2467 1191 2542 vestris,
1215 2488 1310 2552 quam
1336 2475 1368 2532 et
1390 2475 1506 2532 natura
1528 2467 1621 2531 vobis
1646 2473 1678 2532 et
1701 2467 1858 2552 religione

234 2570 379 2644 debetis;
402 2571 435 2635 in
457 2591 521 2658 qua
542 2576 579 2635 ut
595 2590 726 2657 semper
741 2570 910 2649 maneatis,
934 2589 993 2656 per
1009 2568 1185 2648 Christum,
1208 2569 1261 2654 qui
1279 2590 1343 2655 pax
1359 2577 1470 2635 nostra
1485 2578 1544 2648 est,
1569 2570 1790 2646 obsecramus,
1814 2579 1859 2642 ut,

235 2676 289 2762 qui
311 2675 472 2739 maximas
496 2695 549 2739 rer
574 2682 701 2740 vertras
724 2671 885 2738 discordia
908 2694 993 2760 pene
1020 2671 1166 2759 dilapsas
1191 2671 1325 2748 videtis,
1356 2673 1528 2738 concordia
1552 2681 1585 2738 et
1607 2673 1670 2738 fido
1698 2673 1859 2738 adiutorio

192 2801 218 2840 rc
236 2779 399 2844 relevatas
430 2779 494 2843 cito
524 2779 698 2867 aspiciatis.
751 2774 940 2841 Cedendum
971 2783 1021 2842 est
1052 2777 1140 2841 enirn
1164 2775 1250 2850 Deo,
1283 2776 1323 2841 de
1357 2799 1420 2864 quc
1452 2777 1660 2842 verissimae·
1690 2777 1860 2842 continent

234 2881 379 2947 litterae:
406 2873 640 2946 ‘Potestatem3
661 2881 764 2946 habet
780 2881 932 2945 excelsus
956 2880 989 2944 in
1014 2901 1115 2964 regno
1132 2879 1298 2944 hominum
1323 2887 1365 2955 et,
1390 2881 1572 2966 cuicunque
1590 2880 1740 2956 voluerit,
1765 2879 1858 2944 dabit

234 2983 341 3060 illud';
366 2993 400 3051 et
423 2987 477 3072 qui
500 2985 687 3072 dignatione
718 2985 857 3050 mirabili
880 2985 1068 3070 pollicetur:
1093 2975 1221 3049 ‘Beati4
1244 2984 1385 3070 pacifici,
1414 2985 1565 3069 quoniam
1592 2984 1651 3048 filii
1674 2983 1736 3048 Dei
1761 3005 1858 3048 voea-

234 3087 377 3153 buutur.’
423 3089 616 3168 (lactarium,
645 3090 721 3175 quia
753 3088 868 3155 eodem
898 3089 970 3154 Dec
1001 3089 1180 3174 inspirante
1213 3087 1338 3173 dignati
1367 3089 1446 3153 estis
1475 3089 1606 3168 iubere,
1638 3094 1673 3153 ut
1701 3087 1741 3153 de
1772 3093 1859 3151 statu

236 3193 413 3275 ecclesiae,
441 3195 495 3280 qui
519 3194 734 3260 vehementer
762 3193 985 3279 magnitudine
1017 3214 1055 3256 ao
1082 3192 1289 3257 multitudine
1318 3197 1524 3278 peccatorum
1554 3191 1757 3257 nostrorumb
1781 3212 1857 3255 con-

193 3327 217 3368 a
237 3297 328 3362 lusus
357 3303 422 3378 est,
452 3303 686 3377 tractaremus,
721 3299 754 3362 iu
789 3296 918 3362 nomine
952 3303 986 3362 et
1017 3295 1179 3360 adiutorio
1208 3296 1278 3360 eius
1311 3316 1394 3380 quae
1427 3297 1590 3360 communi
1625 3295 1858 3361 deliberatione

237 3402 442 3488 repperimus
474 3401 659 3467 celsitudini
683 3410 809 3467 vestrae
833 3423 871 3465 ae
895 3401 1007 3487 populi
1031 3399 1137 3465 fidelis
1154 3400 1317 3464 devotioni
1341 3399 1506 3464 humiliter
1521 3401 1696 3486 aperimus.
1741 3399 1858 3485 Neque

236 3507 323 3571 enim
353 3526 412 3569 nos
447 3505 550 3570 iustos
582 3506 763 3592 approbare
798 3503 1037 3578 contendimus;
1073 3503 1333 3570 consideratione
1368 3505 1589 3570 conscientiae
1619 3513 1750 3569 nostrae
1779 3503 1858 3568 illud

236 3608 426 3675 Hieremiae
451 3609 643 3696 suppliciter
664 3609 824 3674 dicamus:
859 3601 1154 3674 ‘Misericordiae‘
1177 3609 1316 3685 Domini,
1341 3609 1505 3693 quianon
1530 3629 1642 3673 sumus
1666 3607 1857 3693 consumpti,

236 3713 400 3799 quianon
423 3711 617 3778 defecerunt
639 3713 866 3778 miserationes
890 3711 983 3784 eius';
1008 3713 1065 3777 sed
1088 3713 1129 3777 ad
1145 3713 1252 3778 Deum
1276 3714 1395 3778 reverti
1420 3719 1452 3776 et
1469 3734 1525 3777 vos
1542 3711 1710 3777 nobiscum
1727 3711 1856 3775 trahere

193 3841 218 3878 so
237 3816 430 3881 meditantes
453 3817 594 3882 officium
618 3825 765 3882 nostrum
790 3818 981 3902 exequimur
1005 3818 1129 3881 cunetis
1153 3815 1440 3901 adquiescentibus
1463 3815 1678 3901 profuturum.
1725 3813 1856 3901 Quippe

236 3942 300 3985 nou
316 3921 405 3986 vobis
421 3929 542 4000 nostra,
567 3921 625 3986 sed
648 3921 734 3986 illius
751 3923 945 3987 auctoritate
964 3923 1136 4008 loquimur,
1159 3922 1213 4008 qui
1231 3923 1289 3986 ait:
1319 3913 1415 3993 ‘Quqe
1439 3929 1548 3985 estex
1566 3919 1649 3992 Deo,
1674 3919 1774 3983 verba
1790 3918 1853 3983 Dei

237 4023 346 4098 audit’;
369 4023 454 4089 absit
476 4032 596 4105 autem,
619 4031 655 4090 ut
679 4026 710 4089 in
735 4024 828 4089 vobis
853 4026 1037 4111 impleatur,
1061 4025 1146 4111 quod
1164 4026 1323 4111 sequitur:
1351 4025 1541 4112 ‘Propterea
1559 4046 1615 4088 vos
1639 4045 1704 4088 non
1728 4022 1857 4100 auditis,

237 4127 313 4214 quia
335 4149 377 4192 ex
400 4127 472 4192 Deo
495 4149 556 4192 non
581 4129 660 4193 estis
670 4128 705 4192 ‘t’

346 4237 372 4298 t.
406 4231 522 4316 Itaque
548 4253 602 4296 vos
627 4233 729 4318 primo
754 4234 977 4310 convenimus,
1001 4239 1052 4306 ut,
1078 4235 1154 4318 quia
1179 4242 1288 4298 vestra
1310 4233 1456 4318 probitas
1481 4233 1607 4296 cunetis
1633 4231 1726 4296 robis
1749 4237 1858 4317 potest

193 4363 217 4404 a
236 4333 391 4422 prodesse
413 4335 577 4417 subiectis,
601 4336 722 4400 cultum
739 4335 800 4400 Dei
824 4336 922 4402 rebus
946 4338 1095 4402 omnibus
1119 4337 1324 4423 praeferatis.
1368 4335 1517 4421 Namque
1542 4337 1612 4421 ipse
1638 4335 1733 4400 dicit:
1760 4328 1857 4408 ι(ὶιιί7

236 4438 417 4524 glorificant
439 4460 503 4514 me,
525 4439 714 4523 glorificabo
743 4460 813 4511 e0s;
842 4441 896 4524 qui
924 4448 1033 4504 autem
1064 4446 1274 4505 contemnunt
1301 4461 1369 4518 me,
1401 4445 1495 4504 erunt
1523 4438 1705 4522 ignobiles’
1757 4439 1857 4505 Prae-

235 4550 326 4608 terea
348 4542 605 4607 misericordiam
630 4550 662 4606 et
685 4540 838 4607 iudicium
862 4544 981 4628 atqueb
1006 4545 1182 4608 iustitiamb
1199 4543 1408 4620 conservetis,
1433 4543 1557 4606 scilieet
1579 4549 1616 4606 ut
1636 4543 1857 4609 misericordia

236 4653 396 4733 temperet
425 4646 636 4711 severitatem
668 4649 858 4732 potestatis,
894 4647 1046 4712 iudicium
1081 4649 1273 4733 comprimat
1308 4647 1471 4710 obstinate
1506 4651 1700 4731 peccantes,
1734 4647 1859 4710 iustitia

236 4750 437 4815 merentibus
461 4749 561 4836 digna
576 4751 741 4823 restituat;
766 4751 926 4837 siquidem
950 4743 1069 4816 ‘heati3
1093 4749 1328 4827 misericordes,
1353 4749 1505 4835 quoniam
1523 4749 1584 4835 ipsi
1601 4749 1857 4814 misericordiam

192 4884 219 4922 ⁴0
238 4851 498 4939 consequentur’,
540 4861 573 4919 ct
607 4847 736 4932 ‘beant
777 4855 831 4939 qui
873 4853 1060 4918 custodiunt
1099 4852 1252 4918 iudicium
1288 4859 1322 4917 et
1356 4852 1480 4917 laoiunt
1513 4853 1671 4917 iustitiam
1706 4855 1737 4916 in
1773 4855 1860 4917 omni

237 4954 406 5043 tempore’,
439 4963 472 5021 et
504 4949 653 5021 *ὶιοηοτ10
683 4959 769 5043 regis
800 4956 954 5021 iudicium
989 4955 1134 5040 diligit0',
1174 4964 1208 5021 et
1237 4949 1402 5020 ‘iustitic¹¹
1433 4956 1552 5020 firmari
1583 4957 1732 5019 thronum
1764 4955 1859 5040 regis'

238 5059 469 5146 sapientissimi
501 5059 703 5139 Salomonis,
738 5061 837 5124 immo
869 5081 928 5146 per
954 5080 1028 5124 eum
1055 5059 1218 5144 loquentis
1248 5059 1323 5138 Dei,
1359 5059 1466 5145 prodit
1497 5060 1681 5123 auctoritas.
1735 5058 1860 5123 Taliter

238 5163 329 5228 vobis
352 5163 525 5249 agentibus
549 5163 600 5227 vel
623 5163 827 5229 incruentam
850 5163 954 5240 vobis,
979 5169 1016 5227 ut
1038 5161 1212 5244 credimus,
1236 5164 1288 5228 vel
1312 5165 1430 5228 iustam
1455 5163 1495 5227 de
1520 5161 1669 5226 hostibus
1694 5162 1858 5226 victoriam

238 5267 348 5332 divina
370 5267 477 5353 gratia
499 5266 695 5353 providebit.
741 5267 901 5354 Exemplo
925 5267 1018 5330 vobis
1042 5287 1115 5330 esse
1138 5274 1275 5352 possunt
1291 5266 1396 5332 David
1421 5273 1454 5331 et
1469 5265 1641 5346 Ezechias,
1666 5267 1720 5351 qui
1743 5267 1858 5331 merito

193 5479 218 5518 aa
339 5459 366 5524 a)
385 5461 516 5512 verissime
535 5457 558 5510 2.
646 5459 672 5522 b)
691 5477 739 5510 cnr.
757 5457 782 5510 2.
870 5459 895 5522 c)
914 5458 1087 5510 misericordia
1104 5465 1143 5509 est
1160 5456 1184 5509 2.
1272 5459 1299 5522 d)
1318 5459 1374 5510 istis
1392 5457 1416 5510 2.
1504 5457 1530 5522 e)
1549 5459 1621 5526 diligi
1640 5457 1664 5510 2.

340 5630 368 5694 a)
382 5627 489 5682 uasa.
502 5629 527 5695 e,
538 5627 577 5682 14.
647 5627 858 5696 cimarese
929 5626 1303 5696 summarreraasaa
1374 5627 1561 5694 emersu.
1632 5627 1859 5698 nr.aq.a,sc.

236 5734 264 5803 s)
283 5732 380 5786 uuas
399 5735 424 5800 5,
435 5732 458 5785 r.
546 5733 573 5798 a)
593 5731 691 5786 aava.
711 5731 804 5798 rosa.
894 5731 936 5797 ro)
959 5730 1058 5784 asae.
1078 5731 1153 5797 ssu.
1244 5733 1286 5798 ru
1305 5729 1424 5786 aaran.
1441 5731 1517 5799 aaa
