4634 6436
739 454 985 511 carrucarum
1006 454 1218 510 ursorersn.
1237 484 1269 493 -
1288 454 1337 508 ur.
1349 455 1409 510 scs.
1849 460 1889 522 73

263 629 313 693 sui
336 627 551 708 adversitate,
581 630 608 693 si
631 629 790 710 evenerit,
821 629 965 693 fraterno
990 629 1086 694 modo
1111 629 1322 694 contristatur
1346 633 1379 692 ct
1407 628 1440 692 in
1465 629 1683 714 prosperitate
1707 630 1796 695 illius
1819 631 1887 695 lae·
1906 641 1966 696 851.

260 738 356 797 tatur.
405 731 449 796 [tt
477 732 575 797 talem
605 732 720 812 fidem,
756 733 839 796 sicut
870 732 956 796 inter
987 753 1045 795 nos
1076 731 1173 796 modo
1203 730 1323 796 abhinc
1353 731 1386 794 in
1419 737 1495 795 ante
1527 739 1778 799 conservaturos
1809 755 1888 798 con-

260 835 424 900 firmatum
447 835 622 916 habemus,
654 836 700 900 sic
723 834 946 921 unusquisque
969 835 1149 900 infantibus
1172 833 1282 899 fratris
1306 832 1372 914 sui,
1403 832 1430 896 si
1452 834 1585 916 obierit,
1614 835 1669 920 qui
1692 835 1891 922 superfuerit

263 939 469 1004 conservabit
477 931 500 1006 3.
922 949 923 952 ’

229 1067 242 1104 s
368 1048 399 1109 4.
432 1041 477 1107 Et
499 1043 576 1128 quic
597 1065 657 1130 per
673 1064 774 1128 vagos
798 1050 831 1108 et
853 1041 1041 1129 tyrannicab
1065 1039 1323 1106 consuetudineb
1346 1040 1571 1105 inreverentes
1595 1040 1743 1108 homines
1764 1065 1832 1130 pax
1856 1050 1891 1109 et

261 1147 354 1234 quies
378 1148 471 1232 regni
495 1147 680 1233 perturbari
703 1149 803 1230 solet,
827 1148 991 1227 volumus,
1014 1151 1064 1228 ut,
1088 1145 1130 1211 ad
1152 1164 1391 1230 quemcumque
1414 1149 1560 1209 nostrum
1584 1145 1658 1210 talis
1673 1147 1818 1226 venerit,
1841 1138 1890 1211 ut¹

260 1251 301 1317 de
324 1251 391 1332 his,
419 1270 502 1336 quac
526 1251 609 1335 egit,
638 1251 797 1315 rationem
820 1257 853 1315 et
880 1243 1036 1314 iustitiam
1061 1247 1313 1334 subterfugere¹¹
1336 1245 1464 1334 possit¹,
1492 1269 1589 1313 nemo
1613 1269 1656 1314 ex
1679 1250 1774 1314 nobis
1798 1250 1890 1315 illum

261 1354 302 1420 ad
325 1354 412 1419 aliud
434 1353 573 1439 recipiat
596 1354 648 1418 vel
670 1355 828 1433 retincat,
858 1353 920 1417 nisi
943 1359 979 1417 ut
1007 1350 1049 1417 ad
1072 1357 1194 1416 rectam
1218 1350 1378 1416 rationem
1402 1356 1436 1416 et
1458 1349 1604 1416 debitam
1627 1351 1890 1420 emendationem

260 1458 465 1545 perducatur.
500 1457 544 1521 llt
566 1457 594 1523 si
618 1458 774 1522 rationem
791 1463 913 1523 rectam
935 1455 1180 1541 subterfugerit,
1204 1476 1318 1520 omnes
1339 1455 1572 1536 incommune,
1596 1455 1629 1519 in
1646 1456 1737 1521 cuius
1753 1477 1890 1542 regnum

218 1585 244 1623 ro
262 1563 398 1643 venerit,
421 1562 512 1626 illum
528 1583 775 1649 persequamur,
799 1561 902 1627 donec
925 1567 982 1625 aut
1004 1560 1046 1625 ad
1069 1561 1227 1625 rationem
1243 1557 1440 1646 perducatur
1462 1563 1519 1623 eut
1541 1558 1583 1624 de
1606 1580 1709 1644 regno
1730 1560 1890 1627 deleatur.

369 1679 399 1740 5.
435 1674 593 1740 Similiter
620 1680 655 1739 et
681 1673 722 1740 de
746 1696 785 1739 eo
812 1673 1065 1760 agendumst,
1095 1672 1151 1757 qui
1173 1693 1232 1758 pro
1255 1671 1364 1756 aliquo
1388 1670 1520 1757 capitali
1545 1677 1578 1736 ct
1600 1672 1731 1758 publico
1756 1674 1890 1740 crimine

260 1800 281 1842 a
303 1779 451 1864 quolibet
478 1779 633 1865 episcopo
661 1779 834 1866 corripitur
854 1779 936 1844 velm
958 1766 1308 1844 excommunicaturml
1333 1779 1390 1839 aut
1418 1779 1495 1839 ante
1519 1777 1891 1842 excommunicationem

261 1881 385 1946 crimen
411 1881 536 1948 faciens
563 1903 702 1967 regnum
725 1887 758 1948 et
785 1881 873 1967 regis
897 1881 1064 1965 regimen¹¹
1088 1885 1209 1962 mutat,
1238 1901 1279 1944 ne
1303 1878 1449 1943 debitam
1473 1877 1708 1964 poenitentiam
1733 1880 1892 1966 suscipiat

261 1990 319 2049 aut
339 1989 525 2070 susceptam
545 1985 691 2070 legitime
712 1989 859 2071 peragat,
881 1983 1044 2049 interdum
1061 1984 1159 2048 ctiam
1176 1983 1334 2047 incestam
1350 1981 1567 2068 propinquam
1583 2003 1677 2046 snam
1692 1988 1750 2048 aut
1770 1984 1890 2048 sancti-

217 2107 242 2146 re
262 2087 435 2152 monialem
450 2088 503 2152 vel
526 2096 651 2174 raptam
676 2089 744 2153 sive
768 2087 961 2168 adulteram,
985 2107 1082 2172 quarn
1104 2086 1171 2152 illic
1196 2087 1226 2151 ei
1249 2107 1313 2150 non
1330 2085 1451 2151 licebat
1471 2084 1605 2166 habere,
1629 2085 1759 2172 fugiens
1779 2108 1890 2153 secum

259 2191 365 2256 ducit:
391 2191 442 2256 hic
465 2193 551 2272 talis,
576 2213 649 2257 cum
673 2195 857 2278 episcopus,
881 2190 923 2256 ad
947 2191 1039 2255 cuius
1063 2211 1175 2254 curam
1197 2182 1404 2276 pertinebit⁵‚
1428 2188 1522 2254 nobis
1537 2197 1650 2255 notum
1666 2191 1793 2274 feccrit,
1816 2191 1890 2257 dili-

259 2299 377 2379 genter
398 2295 616 2381 pcrquiratur‚
639 2316 680 2360 ne
704 2294 852 2360 morandi
875 2294 928 2359 vel
952 2292 1077 2358 latendi
1099 2293 1208 2358 locum
1233 2293 1266 2356 in
1289 2314 1390 2378 regno
1414 2293 1553 2358 alicuius
1576 2299 1724 2359 nostrum
1748 2294 1893 2362 inveniat

260 2405 294 2463 et
315 2398 379 2464 Dei
402 2420 441 2463 ac
463 2405 592 2464 nostros
614 2397 731 2464 fideles
753 2420 812 2464 suo
832 2399 946 2464 morbo
967 2398 1108 2473 inliciat;
1132 2397 1191 2462 sed
1207 2418 1227 2461 a
1242 2395 1337 2461 nobis
1354 2398 1405 2462 vel
1421 2418 1480 2483 per
1495 2397 1660 2462 ministros
1675 2397 1724 2462 rei
1740 2397 1892 2484 publicae

259 2501 500 2587 constringatur
522 2509 585 2585 et⁰‚
612 2507 649 2566 ut
673 2503 771 2567 simul
794 2523 867 2567 cum
889 2500 1052 2567 diabolica
1074 2500 1213 2587 praeda,
1244 2520 1341 2585 quam
1364 2521 1475 2566 secum
1498 2500 1608 2582 duxit,
1636 2499 1678 2564 ad
1701 2501 1891 2588 episcopum

213 2623 241 2663 ro
262 2625 357 2669 suurn
386 2603 500 2669 redcat
530 2610 564 2669 et
592 2604 632 2669 de
661 2625 865 2690 quocumque
895 2604 1029 2669 crimine
1056 2603 1186 2689 publico
1215 2601 1359 2668 debitam
1386 2602 1623 2688 poenitentiam
1652 2604 1808 2690 suscipiat
1836 2608 1892 2669 aut

262 2713 468 2793 susceptaml'
490 2707 636 2792 legitime
660 2714 808 2795 peragat,
832 2707 1057 2793 compellatur.
1732 2729 1734 2732 ·

371 2813 401 2874 6.
436 2809 481 2875 Ut
504 2811 607 2876 nostri
629 2812 756 2892 fideles,
779 2811 1003 2897 unusquisque
1026 2811 1059 2876 in
1084 2831 1143 2875 suo
1167 2810 1282 2875 ordine
1306 2815 1340 2875 ct
1361 2813 1460 2890 statu,
1483 2808 1645 2874 veraciter
1661 2809 1725 2874 sint
1739 2806 1781 2873 dc
1799 2810 1893 2874 nobis

263 2913 387 2994 securi,
419 2915 498 2999 quia
525 2915 651 2979 nullum
680 2913 799 2979 abhinc
830 2914 943 2979 inante
972 2920 1086 2979 contra
1114 2915 1222 2999 legem
1251 2919 1285 2979 ct
1313 2912 1471 2978 iustitiam
1494 2912 1568 2978 vell
1596 2913 1826 2978 auctoritatem
1854 2933 1893 2977 ac

262 3017 380 3082 iustam
409 3017 569 3082 rationem
597 3022 655 3082 aut
682 3015 910 3082 damnabimus
938 3023 995 3083 aut
1023 3016 1300 3082 dehonorabimus
1331 3021 1388 3081 aut
1417 3015 1637 3102 opprimemus
1659 3016 1712 3080 vel
1739 3016 1893 3083 indebitis

216 3141 243 3181 ιι
263 3118 559 3186 machinationibus
586 3114 804 3207 affligemusss,
835 3127 870 3187 ct
896 3121 1042 3202 illorum,
1077 3121 1202 3186 scilicet
1223 3121 1387 3186 veraciter
1415 3119 1509 3184 nobis
1535 3117 1697 3201 fidelium,
1730 3120 1895 3185 communi

263 3223 398 3288 consilio
421 3224 601 3290 secundum
616 3224 680 3291 Dei
694 3225 896 3291 voluntatem
920 3231 953 3290 et
976 3246 1147 3290 commune
1172 3225 1412 3290 salvamentum
1436 3221 1477 3287 ed
1498 3223 1742 3289 restitutionem
1759 3229 1894 3290 sanctae

262 3325 327 3391 Dei
354 3328 515 3394 ecclesiae
543 3334 577 3394 et
604 3333 725 3394 statum
753 3330 846 3414 regni
876 3335 909 3394 et
938 3328 979 3394 ad
1002 3330 1158 3394 honorem
1182 3328 1308 3414 regium
1332 3332 1431 3413 atquc
1453 3347 1570 3413 pacem
1592 3327 1706 3413 populi
1729 3328 1895 3393 commissi

261 3427 358 3493 nohis
386 3431 562 3517 pertinenti
591 3430 767 3497 adsensum
798 3431 1031 3518 praebebimus
1060 3431 1094 3496 in
1121 3430 1202 3512 hoc,
1237 3435 1274 3494 ut
1305 3430 1352 3494 illi
1382 3451 1448 3495 non
1478 3431 1584 3495 solum
1612 3451 1678 3496 non
1707 3430 1772 3496 sint
1798 3429 1893 3496 nobis

263 3532 526 3599 contradicentes
549 3540 583 3600 et
605 3535 801 3600 resistentes
830 3534 872 3599 ad
900 3534 963 3600 ista
986 3531 1212 3619 exsequenda,
1240 3553 1355 3598 verum
1379 3533 1479 3598 etiam
1502 3532 1549 3598 sic
1573 3533 1638 3598 aiut
1660 3532 1755 3598 nobis
1771 3532 1893 3615 'fideles

216 3657 245 3698 ac
263 3640 298 3700 et
325 3635 537 3702 oboedientes
565 3658 603 3702 ac
625 3638 695 3702 veri
722 3637 889 3704 adiutores
916 3643 1016 3723 atque
1045 3641 1277 3723 cooperatores
1300 3657 1378 3702 vcro
1402 3636 1539 3701 consilio
1562 3640 1596 3700 et
1619 3636 1747 3701 sincero
1769 3636 1893 3701 auxilio

262 3737 304 3802 ad
331 3739 396 3804 ista
421 3739 627 3827 peragenda,
655 3762 739 3826 quae
766 3741 1013 3828 praemisimus,
1045 3742 1130 3807 sicut
1157 3761 1216 3827 per
1244 3747 1371 3806 rectum
1393 3740 1618 3826 unusquisque
1642 3740 1676 3804 in
1698 3761 1757 3804 suc
1780 3739 1894 3806 ordine

262 3847 297 3906 et
318 3847 406 3907 statu
429 3864 488 3908 suo
511 3844 651 3931 principi
675 3851 709 3911 et
730 3844 809 3910 suob
833 3845 953 3911 seniori
977 3865 1052 3911 esse
1076 3835 1206 3910 debetl.

371 3949 401 4009 7.
435 3945 489 4042 Ut*
504 3947 550 4012 sic
575 3948 671 4012 simul
694 3947 858 4013 coniuncti
881 3955 914 4014 et
937 3969 996 4014 nos
1020 3949 1139 4013 fratres
1163 3945 1205 4012 ad
1226 3947 1366 4012 invicem
1384 3954 1419 4012 et
1439 3968 1498 4012 nos
1515 3968 1587 4012 cum
1603 3947 1757 4013 fidelibus
1773 3948 1895 4014 nostris

263 4055 297 4113 et
319 4048 432 4114 fideles
456 4053 559 4116 nostri
582 4052 752 4117 nobiscum
776 4058 810 4118 at
832 4074 945 4118 ornnes
969 4053 1066 4117 simul
1089 4073 1163 4117 cum
1178 4050 1252 4116 Deo
1275 4072 1335 4116 nos
1358 4053 1643 4138 reconiungamue‚
1668 4056 1717 4132 et,
1740 4057 1777 4115 ut
1799 4049 1896 4116 nohis

218 4175 244 4215 ιι
263 4153 306 4217 sit
335 4154 513 4240 propitius,
548 4155 594 4219 illi
622 4177 681 4242 pro
715 4154 836 4222 devoto
867 4178 1002 4222 munere
1032 4156 1226 4236 offeramus,
1260 4161 1296 4219 ut
1326 4156 1551 4241 unusquisque
1580 4154 1721 4220 omnium
1748 4159 1896 4219 nostrum

262 4253 490 4342 absque'suaq
514 4259 647 4344 propria
670 4260 881 4324 excusatione
905 4259 958 4324 vel
980 4258 1211 4324 iustificatione
1235 4278 1525 4343 recognoscamus,
1553 4258 1586 4323 in
1609 4257 1727 4344 quibus
1750 4264 1807 4324 aut
1829 4258 1895 4323 sin-

261 4359 399 4445 gillatim
428 4366 486 4425 aut
513 4361 728 4427 communiter
751 4369 866 4428 contra
887 4363 974 4427 illius
997 4363 1153 4428 mandata
1176 4368 1210 4429 et
1232 4361 1367 4427 decreta
1390 4384 1523 4428 suorum
1547 4367 1735 4428 sanctorum
1758 4362 1896 4428 fecimus

260 4469 317 4527 aut
340 4465 567 4530 consensimus
591 4466 624 4531 in
648 4466 761 4532 ordine
785 4468 1011 4533 ecclesiastico
1036 4474 1070 4532 ct
1092 4472 1179 4531 statu
1199 4466 1305 4550 regni,
1332 4471 1365 4530 et
1388 4487 1446 4552 per
1470 4466 1600 4551 singula
1621 4467 1653 4529 in
1677 4464 1818 4530 medium
1839 4465 1897 4530 illa

260 4567 478 4652 producamus
508 4573 542 4634 ct
569 4590 666 4634 nemo
695 4575 843 4635 nostrum
867 4593 925 4636 suo
948 4577 1005 4635 aut
1027 4571 1133 4636 amico
1156 4576 1214 4635 aut
1237 4570 1420 4657 propinquo
1443 4570 1496 4635 vel
1521 4568 1767 4650 confoederato,
1795 4569 1894 4633 immo

218 4692 245 4731 ro
263 4691 324 4735 nec
352 4671 414 4736 sibi
441 4673 653 4738 saeculariter
675 4679 806 4760 parcat,
833 4680 871 4738 ut
898 4675 1089 4762 spiritaliter
1117 4682 1150 4739 et
1174 4674 1351 4739 salubriter
1374 4694 1508 4759 parcere
1531 4672 1648 4760 possit;
1686 4672 1779 4757 quin,
1811 4671 1896 4736 sicut

260 4775 487 4859 praemisimus
511 4775 544 4840 in
560 4775 771 4862 praecedenti
790 4777 945 4865 capitulo,
968 4799 1048 4843 vero
1073 4777 1210 4842 consilio
1236 4783 1270 4842 ct
1292 4777 1419 4842 sincero
1442 4775 1564 4840 auxilio
1588 4776 1644 4841 illa
1665 4775 1698 4840 in
1721 4794 1895 4840 commune

262 4877 410 4942 certatim
434 4877 609 4945 emendare
632 4881 710 4946 totis
733 4880 856 4946 viribus
880 4902 1102 4968 procuremus,
1128 4901 1225 4967 quam
1249 4881 1344 4945 citius
1369 4879 1610 4946 rationabiliter
1632 4878 1824 4966 poterimus.

370 4991 399 5055 8.
435 4989 480 5055 Et
504 4990 532 5055 si
554 4991 671 5076 aliquis
694 4985 741 5058 de
759 4993 898 5059 subditis
922 4996 954 5060 in
976 5014 1182 5080 quocumque
1207 4992 1321 5058 ordine
1346 4999 1380 5058 et
1405 4999 1494 5058 statu
1518 4992 1558 5057 de
1583 4992 1644 5058 hac
1667 4990 1897 5056 convenientia

263 5092 383 5159 exierit
416 5099 474 5159 aut
509 5117 544 5162 se
577 5099 752 5164 retraxerit
785 5099 839 5164 vel
876 5100 952 5165 huic
987 5098 1149 5164 communi
1181 5096 1314 5162 decreto
1346 5095 1602 5178 contradixerit,
1643 5094 1790 5162 seniores
1824 5114 1896 5158 cum

216 5309 244 5350 45
364 5281 384 5348 i)
402 5291 429 5336 et
446 5281 471 5336 4.
541 5285 570 5351 k)
589 5303 642 5340 non
659 5286 760 5342 adad.
830 5289 851 5354 l)
871 5289 933 5340 velit
949 5286 976 5340 4.
1046 5289 1084 5356 m)
1103 5289 1144 5340 vel
1158 5304 1256 5342 excom.
1278 5285 1371 5349 om.2‚·
1388 5303 1487 5340 excom.
1501 5294 1548 5339 aut
1564 5283 1650 5338 om.4.
1720 5283 1749 5352 n)
1766 5282 1897 5338 nornen2.

259 5365 420 5434 mutet&
508 5370 742 5438 plutcdd2.4.
830 5373 970 5442 q)om.2.

361 5538 389 5607 3)
406 5536 512 5593 Ibiderr
531 5553 552 5594 c.
565 5539 591 5595 9.
617 5537 686 5610 [K]
796 5542 824 5610 4)
845 5541 902 5609 Osr.
922 5540 986 5612 (lap.
1006 5542 1071 5611 846,
1096 5558 1186 5612 supra
1204 5561 1234 5613 p.
1249 5543 1295 5611 66,
1317 5557 1345 5597 a.
1359 5541 1385 5599 2.
1412 5541 1482 5612 [Κ]
1594 5541 1622 5608 5)
1641 5539 1677 5595 Id
1697 5545 1735 5596 cst
1755 5539 1899 5610 episcopua

258 5643 290 5696 in
306 5641 384 5696 aare
400 5643 545 5711 pomcdric
561 5643 660 5700 muca
675 5645 842 5701 commissum
858 5651 910 5714 cst,·
939 5662 1028 5716 supro
1045 5663 1074 5702 a.
1087 5647 1111 5702 t.
1138 5647 1207 5718 [Κ]
1311 5646 1338 5714 6)
1359 5644 1417 5712 Ost.
1437 5643 1587 5700 Convmtut
1604 5644 1693 5712 prior,
1721 5643 1898 5698 adeum

260 5745 366 5800 Korcti
386 5761 407 5800 c.
420 5747 446 5814 4,
463 5762 549 5814 aspro
561 5764 591 5817 p.
602 5748 644 5802 71.
672 5747 740 5820 [Κ]
845 5750 873 5818 7)
894 5749 949 5817 Osr.
967 5755 1162 5806 accusantum
1177 5750 1312 5818 fidelitatis
1329 5751 1425 5819 torel,
1439 5767 1470 5819 p.
1484 5750 1532 5804 101
1546 5764 1584 5817 aq.
1611 5746 1679 5820 [K]

377 5857 414 5895 ιι.
432 5857 600 5897 mensurius
617 5859 643 5896 n.
1192 5921 1194 5924 Ι
1659 5843 1692 5898 10

2087 5945 2285 6426 l
