4560 6426
400 445 461 509 260
525 442 771 499 carinthiam
789 442 916 498 REGUM
937 442 1120 497 FRANGIAE
1139 438 1400 496 ocemunaluls
1418 439 1566 510 (annoni
1578 441 1625 512 11).
1643 471 1675 481 -
1694 442 1742 497 Nr.
1754 442 1814 498 256.
1832 443 1891 499 257.

320 628 379 682 846.
465 601 466 604 ¹
507 623 535 684 7.
571 609 650 682 Et1⁰
672 639 784 683 omnes
808 637 920 682 eorum
943 617 1169 703 possessiones
1197 617 1265 682 sive
1294 615 1475 702 aprisiones
1504 617 1588 680 inter
1615 637 1651 680 se
1674 615 1834 696 vendere,
1868 639 2017 684 concam-

398 721 487 787 biare
519 741 578 786 seu
605 721 728 787 donare
757 721 961 808 posterisque
990 720 1174 806 relinquere
1197 721 1327 785 omnino
1350 719 1464 792 liceat:
1494 728 1527 785 et
1556 721 1583 784 si
1606 720 1689 785 filios
1714 727 1770 785 ant
1792 729 1929 808 nepotes
1953 745 2018 789 non

399 825 587 903 habuerint,
615 827 707 890 iuxta
737 826 845 912 legem
876 817 1024 890 ιιοιιιιιι12
1053 825 1108 889 alii
1137 825 1281 911 ipsorum
1309 824 1480 910 propinqui
1502 824 1566 889 illis
1590 823 1806 890 hereditando
1831 828 2018 908 succedant,

397 930 443 995 ita
466 929 632 1011 videlicet,
659 938 695 995 ut
722 932 903 1016 quicunqne
931 930 1149 995 successerint
1176 929 1307 994 servitia
1330 919 1515 1014 superius13
1539 934 1718 993 memorata
1741 930 1929 1014 persolvere
1954 953 2016 997 non

400 1040 619 1098 contemnant.
2049 1065 2061 1104 s

506 1141 534 1204 8.
571 1138 673 1203 Simul
682 1130 711 1178 1⁰
734 1140 831 1204 etiam
854 1140 1090 1225 praecipientes
1113 1138 1321 1224 iniungimus,
1344 1143 1380 1202 ut
1395 1137 1503 1201 nullus
1525 1135 1691 1200 homiuum
1715 1136 1756 1202 de
1778 1157 1876 1224 saepe
1892 1159 2018 1205 memo-

398 1242 475 1306 ratis
499 1263 610 1307 eorum
633 1243 849 1329 aprisionibns
872 1243 925 1308 vel
947 1244 1032 1308 villis
1056 1264 1130 1307 cunr
1152 1243 1289 1329 propriis
1313 1243 1460 1306 terminis
1483 1243 1682 1328 propriisque
1706 1263 1818 1307 earum
1839 1244 1959 1309 finibus
1985 1251 2019 1310 et

398 1346 588 1410 adiacentiis
617 1347 768 1412 iniustam
796 1346 1052 1432 inquietudinem
1080 1347 1144 1410 illis
1166 1345 1285 1410 inferre
1308 1350 1496 1432 praesumat
1523 1352 1579 1409 aut
1602 1345 1744 1430 aliquam
1768 1346 2016 1412 minorationem

398 1455 508 1514 eontra
529 1450 638 1534 legem
661 1451 769 1516 lacere
792 1450 920 1528 audeat,
944 1449 1001 1515 sed
1031 1450 1129 1514 liceat
1156 1450 1205 1513 cis
1234 1451 1321 1535 ipsas
1350 1470 1404 1514 res
1428 1469 1501 1513 curn
1531 1449 1766 1534 tranquillitate
1789 1451 1880 1535 pacis
1904 1457 2017 1516 tenere

398 1560 431 1616 et
460 1554 626 1639 possidere
656 1564 689 1620 et
719 1554 897 1620 secundum
929 1555 1094 1639 antiquam
1125 1552 1391 1618 consuetudinem
1418 1553 1538 1639 ubique
1567 1573 1691 1638 pascua
1724 1553 1846 1618 habere
1870 1561 1904 1618 et
1929 1555 2018 1639 ligna
2037 1581 2063 1622 ro

399 1656 537 1722 caedere
565 1665 598 1722 et
621 1679 777 1744 aquarum
807 1657 924 1723 ductus
953 1680 1011 1743 pro
1044 1660 1110 1722 suis
1138 1658 1410 1733 necessitatibus,
1440 1657 1624 1743 ubicunque
1647 1658 1818 1744 pervenire
1844 1660 2019 1745 potuerint,

399 1763 527 1825 nemine
551 1761 793 1826 contradicente
817 1762 909 1826 iuxta
932 1763 1074 1848 priscum
1098 1781 1218 1825 morem
1242 1782 1372 1846 semper
1394 1759 1567 1826 deducere.

507 1868 537 1931 9.
571 1856 630 1929 Si¹4
654 1875 764 1930 autem
787 1874 830 1928 illi
852 1878 969 1945 propter
990 1875 1138 1931 lenitatem
1161 1877 1191 1930 et
1211 1874 1456 1929 mansuetudinem
1471 1873 1583 1929 consitis
1606 1873 1649 1928 sui
1671 1874 1762 1930 eidem
1785 1875 1882 1931 comiti
1904 1876 2019 1932 honoris

400 1964 429 2015 et
452 1961 579 2030 obsequii
593 1961 688 2032 gratia
703 1960 849 2032 quippiam
869 1962 904 2016 de
927 1961 1010 2018 rebus
1033 1961 1089 2016 suis
1113 1961 1300 2027 exhibuerint,
1324 1979 1381 2016 non
1403 1961 1457 2016 hoc
1480 1961 1520 2016 eis
1542 1979 1594 2031 pro
1617 1960 1724 2016 tributo
1747 1963 1792 2017 vel
1815 1980 1899 2019 censu
1923 1963 2019 2034 aliquo

401 2051 592 2118 computetur,
621 2065 713 2117 neque
737 2065 829 2103 comes
851 2048 900 2103 ille
923 2052 973 2103 aut
996 2065 1168 2103 successores
1192 2047 1252 2104 eius
1273 2048 1328 2103 hoc
1350 2047 1379 2102 in
1402 2047 1633 2104 consuetudinem
1655 2040 1765 2104 venire
1788 2054 1950 2120 praesumat
1971 2069 2017 2106 ne·
2038 2072 2062 2110 rs

400 2153 454 2204 qne
478 2153 525 2190 eos
549 2135 602 2189 sibi
626 2135 670 2190 vel
692 2134 853 2190 hominibus
882 2135 938 2189 suis
968 2139 1018 2190 ant
1040 2135 1258 2190 mansionaticos
1287 2152 1387 2204 parare
1416 2138 1466 2190 aut
1489 2135 1604 2190 veredos
1633 2135 1699 2190 dare
1722 2139 1773 2190 ant
1795 2137 1884 2191 ullum
1905 2155 2019 2193 censum

399 2223 444 2276 vel
467 2221 605 2277 tributum
627 2225 677 2276 aut
701 2213 867 2277 servitium
888 2225 1001 2291 praeter
1022 2220 1060 2288 id,
1083 2223 1159 2291 quod
1181 2222 1237 2276 iam
1257 2204 1419 2292 superius¹³
1442 2223 1673 2292 comprehensum
1693 2225 1744 2289 est,
1767 2227 1912 2294 praestare
1927 2229 2019 2295 cogat.

400 2307 453 2362 Sed
475 2309 562 2364 liceat
584 2312 643 2363 tam
666 2308 728 2363 istis
751 2308 893 2379 Hispanis,
916 2309 966 2378 qui
988 2309 1131 2379 praesenti
1154 2312 1281 2379 tempore
1303 2308 1333 2363 in
1355 2308 1507 2379 praedictis
1530 2308 1599 2364 locis
1621 2309 1758 2375 resident,
1782 2328 1867 2380 quam
1889 2311 1947 2378 his,
1970 2312 2020 2381 qui

400 2395 490 2450 adhuc
513 2394 549 2449 ad
570 2398 697 2450 nostram
720 2396 801 2451 fidem
828 2396 862 2450 de
885 2395 1046 2465 iniquorum
1075 2398 1219 2466 potestate
1246 2395 1379 2466 lirgiendo
1402 2395 1587 2450 confluxerint
1614 2399 1643 2450 et
1671 2396 1700 2450 in
1728 2397 1846 2452 desertis
1869 2401 1955 2468 atque
1978 2399 2018 2453 in·

400 2482 483 2537 cultis
505 2481 574 2537 locis
596 2500 647 2552 per
661 2486 787 2537 nostram
810 2483 855 2537 vel
877 2482 988 2538 comitis
1010 2483 1101 2538 nostri
1123 2482 1267 2538 licentiam
1290 2482 1473 2538 consedentes
1496 2482 1623 2538 aedificia
1645 2483 1764 2538 iecerint
1787 2487 1816 2539 et
1839 2501 1920 2556 agros
1943 2485 2017 2540 ineo·
2037 2501 2063 2541 aa

402 2568 515 2635 luerint,
538 2568 619 2624 iuxta
641 2569 832 2639 supradictum
855 2569 968 2624 modum
990 2569 1041 2624 sub
1064 2573 1162 2624 nostra
1183 2569 1346 2624 defensione
1376 2573 1461 2640 atque
1491 2569 1668 2639 protectione
1697 2553 1762 2624 ίιι15
1791 2563 1915 2627 unitate
1943 2563 2019 2628 fidei

400 2654 433 2710 et
456 2648 544 2732 pacis
567 2648 800 2732 tranquillitate
823 2655 945 2711 residere
953 2639 981 2684 ib
1005 2660 1035 2711 et
1057 2656 1138 2711 nobis
1161 2674 1208 2722 ea,
1232 2673 1304 2725 quae
1327 2638 1490 2727 superius¹3
1513 2655 1643 2722 diximus,
1666 2659 1726 2712 tam
1749 2675 1811 2712 cnm
1834 2659 1936 2714 comite
1960 2676 2019 2726 sno,

399 2760 484 2812 quam
506 2761 569 2798 cum
591 2742 683 2797 missis
706 2743 766 2798 eius
788 2761 838 2813 pro
862 2742 997 2813 temporis
1020 2743 1235 2813 opportunitate
1256 2742 1389 2798 alacriter
1410 2746 1496 2812 atque
1519 2743 1640 2799 fideliter
1662 2743 1802 2800 exhibere.

512 2842 557 2902 10.
612 2830 783 2902 lioverint16
805 2844 977 2924 praeterea
1004 2846 1090 2901 iidem
1116 2846 1236 2917 Hispani
1264 2846 1318 2902 sibi
1340 2846 1485 2902 licentiam
1507 2864 1524 2901 a
1545 2847 1627 2902 nobis
1650 2864 1711 2902 esse
1734 2865 1907 2916 concessam,
1934 2853 1967 2904 ut
1989 2867 2019 2905 ee

398 2932 429 2988 in
451 2932 621 2988 vassaticum
650 2934 787 2989 comitis
816 2933 942 2999 nostri,
967 2924 1049 2989 sicut
1079 2925 1134 2988 alii
1166 2917 1319 2988 Franoiff
1346 2925 1507 3000 homines,
1544 2932 1754 2998 commendent,
1790 2938 1820 2990 et
1849 2935 1873 2990 si
1902 2936 2017 3006 aliquod
2036 2957 2061 2998 rs

399 3020 565 3076 beneficium
587 3021 736 3091 quisquam
759 3039 854 3076 eorum
877 3019 913 3074 ab
936 3037 983 3086 eo,
1008 3021 1052 3076 cui
1075 3021 1347 3088 recommendavit,
1371 3020 1457 3076 fuerit
1480 3025 1658 3084 consecutus,
1683 3021 1755 3077 sciat
1777 3039 1806 3077 se
1830 3022 1864 3077 de
1887 3023 1937 3078 illo
1962 3024 2020 3078 tale

399 3107 566 3177 obsequium
588 3107 692 3163 seniori
714 3125 764 3162 suo
787 3107 920 3163 exhibere
947 3107 1063 3173 debere,
1092 3107 1175 3178 quale
1203 3111 1345 3164 nostrates
1373 3108 1499 3163 homines
1528 3108 1562 3164 dc
1591 3107 1676 3163 simili
1704 3108 1840 3164 beneficio
1863 3110 2020 3166 senioribus

402 3194 459 3249 suis
482 3193 614 3250 exhibere
638 3194 737 3250 solent.

508 3272 553 3336 Ut
575 3279 684 3336 autem
706 3272 769 3336 hae
792 3277 924 3335 nostrae
948 3270 1069 3356 regalis
1095 3271 1298 3335 auctoritatis
1315 3271 1443 3336 litterae
1467 3293 1546 3358 erga
1569 3271 1702 3337 eosdem
1718 3270 1885 3357 Hispanos
1903 3278 2018 3338 tenore

399 3366 559 3445 perpetuo
582 3368 618 3423 ab
642 3367 770 3423 omnibus
793 3367 921 3422 fidelibus
945 3369 1059 3422 sanctae
1075 3366 1127 3422 Dei
1150 3367 1285 3423 ecclesiae
1308 3370 1338 3422 et
1358 3367 1463 3423 nostris
1484 3367 1687 3424 inviolabiliter
1702 3372 1911 3435 conserventur,
1933 3387 2019 3424 manu
2037 3391 2063 3431 ω

401 3455 518 3525 propria
540 3453 652 3510 nostra
675 3466 730 3510 eas
755 3445 868 3510 subter
889 3445 1089 3509 firmavimus
1113 3457 1143 3508 et
1165 3455 1243 3509 anuli
1269 3454 1359 3509 nostri
1381 3455 1565 3525 impressione
1589 3453 1694 3526 signari
1718 3444 1932 3511 decrevimus.

507 3558 625 3630 Signum
647 3549 760 3614 Karoli
783 3549 1010 3634 gloriosissimi
1033 3549 1132 3634 regis.

508 3652 726 3719 Deormarus⁰
749 3662 786 3717 ad
808 3662 898 3718 vicem
919 3651 1107 3718 Hlndowici
1129 3664 1302 3734 recognovit.

505 3767 579 3821 Date
601 3756 663 3822 ΙΙΙ.
679 3756 757 3821 Idus
780 3755 866 3821 Iunii
889 3777 973 3821 anno
997 3763 1110 3842 quarto
1136 3766 1294 3842 regnante
1318 3756 1440 3822 Karolo
1465 3757 1607 3843 glorioso
1631 3779 1722 3844 rege.

506 3871 608 3926 Actum
622 3862 656 3925 in
673 3860 868 3925 monasterio
880 3859 992 3926 Sancti
1009 3859 1175 3928 Saturnini
1191 3881 1292 3947 prope
1309 3859 1461 3925 Tolosam
1477 3859 1527 3924 ind
1543 3870 1595 3924 Dei
1610 3859 1744 3926 nomine‘¹
1760 3869 1889 3925 feliciter.
1920 3871 2017 3925 Arnen.
2038 3900 2063 3940 ,5

467 4036 492 4101 c)
509 4036 547 4086 ito
564 4044 630 4087 recte
648 4035 771 4100 Bouqrret
787 4043 816 4085 at
833 4034 861 4084 in
879 4035 939 4086 aliia
956 4051 1053 4101 quoque
1072 4035 1162 4087 Garuli
1176 4034 1249 4086 Onici
1267 4034 1435 4094 damnantia
1454 4037 1633 4087 Deormannna
1646 4034 1721 4092 But,-
1739 4013 1929 4086 Deorunamiua
1948 4043 2021 4086 nota·

402 4123 456 4174 rins
475 4122 567 4189 Dicqo.
655 4121 682 4186 d)
701 4123 727 4171 in
745 4123 829 4173 Amne
846 4119 941 4188 Diope.

505 4275 546 4347 12)
561 4274 614 4342 Osr.
627 4273 671 4327 zor
683 4273 819 4343 trefrort.
835 4273 920 4341 1152,
940 4273 998 4328 23.
1083 4274 1125 4341 13)
1140 4272 1204 4342 Cap.
1216 4276 1238 4329 1.
1317 4275 1361 4344 14)
1383 4273 1493 4329 (Jorrstit.
1505 4273 1564 4338 815,
1583 4275 1599 4329 t.
1612 4290 1632 4328 c.
1651 4289 1673 4328 c.
1686 4275 1709 4327 5.
1792 4273 2021 4343 tartaricorum

399 4380 519 4435 residere
537 4381 554 4436 l.
566 4395 588 4434 c.
678 4381 720 4446 16)
740 4378 806 4432 Ibid
823 4394 844 4434 c.
858 4381 884 4434 6.
972 4378 1016 4446 l'l)
1036 4377 1093 4444 Ost.
1111 4393 1196 4447 supra
1213 4395 1234 4433 c.
1249 4381 1272 4432 1.

1009 4592 1379 4599 -..—...—...—-—.——-—-.—
1404 4593 1416 4598 -.

594 4826 692 4932 257.
741 4819 1091 4931 NOTITIA
1121 4820 1228 4929 DE
1261 4803 1828 4930 CONOILIORUM
2039 4868 2066 4907 ιο

491 4974 990 5088 OANONIBUS
1037 4973 1129 5084 IN
1168 4975 1439 5086 VILLA
1486 4972 1929 5084 SPARNAOO

553 5139 607 5242 A
638 5130 981 5243 KAROLO
1022 5130 1243 5242 REGE
1285 5129 1865 5242 CONFIRMATIS.

1112 5314 1209 5397 846.
1235 5323 1316 5397 Ιιιιι.

509 5491 629 5590 Repnr'
651 5508 848 5573 Francorum
871 5507 1069 5573 occidentalis
1091 5507 1315 5589 archicpiscopi
1336 5508 1366 5568 ct
1386 5505 1533 5586 episcopi,
1562 5525 1631 5569 cum
1653 5527 1684 5570 a.
1701 5508 1776 5574 845.
1797 5526 1837 5569 m.
1868 5505 1964 5571 Iunio
1985 5506 2021 5569 ia

397 5614 522 5677 civitate
545 5611 703 5676 Meldcnsi
729 5617 757 5675 et
778 5633 809 5675 a.
826 5615 899 5678 846.
922 5633 961 5678 m.
986 5613 1078 5678 Febr.
1103 5611 1243 5677 Parisiis
1265 5610 1398 5675 concilia
1420 5609 1611 5675 celebrarent
1642 5609 1715 5690 (cfr.
1742 5609 1835 5694 infra
1864 5629 1915 5675 nr.
1932 5611 2019 5686 293),
2038 5654 2063 5694 4,

396 5717 553 5782 Eurotam
569 5735 669 5798 repam
685 5714 914 5779 adamareraat
936 5722 977 5796 (c.
994 5717 1060 5794 83),
1082 5719 1118 5778 rt
1132 5713 1272 5794 capitula
1287 5717 1360 5777 ante
1375 5715 1558 5796 confirmata
1573 5719 1766 5778 conservaret
1786 5717 1814 5777 et
1828 5711 2021 5792 adimpleret,
