4560 6426
386 454 447 517 268
547 447 793 504 CAPITULARIA
813 447 943 503 REGUM
962 445 1147 502 FRANCIAE
1165 443 1427 498 occlouuuuuls
1446 443 1594 514 (Ksaom
1608 444 1655 512 11).
1676 475 1706 484 -
1725 446 1846 500 Nesea.

306 636 366 691 853.
385 646 454 690 ram
479 624 702 710 redigamus*;
742 629 775 690 et
801 623 941 709 qualiter
963 622 1167 687 abbatiarum
1191 621 1329 707 praelati
1359 627 1392 685 et
1424 621 1456 684 in
1482 620 1562 683 loeis
1591 621 1691 685 saeris
1721 621 1941 687 inhabitantes
1964 622 2005 687 de

385 729 448 808 his,
477 748 560 813 quae
584 727 674 792 missi
703 728 804 792 nostri
828 727 1070 812 praeceperint,
1100 724 1321 804 oboedierint,
1352 723 1446 788 nobis
1470 722 1721 809 diligentissime
1745 731 1778 788 et
1804 726 2006 813 capitulatim

384 832 530 898 referrek
552 839 735 919 procurent.

493 937 535 1002 2¹.
572 927 637 1001 Ut²
660 937 749 1001 missi
778 936 879 1000 nostri
908 934 1082 1019 diligenter
1109 933 1307 1018 investigent
1335 954 1393 1019 per
1420 931 1566 1016 singulas
1594 932 1782 1018 parrochiae
1813 935 1907 998 simul
1931 955 2004 1000 cum

386 1042 540 1128 episcope
564 1042 605 1107 de
628 1042 852 1120 monasteriis,
882 1049 994 1125 quae¹²²
1017 1039 1125 1103 Deum
1147 1039 1301 1102 timentes
1325 1027 1448 1100 insuia
1472 1035 1725 1122 proprietatibus
1749 1035 2005 1103 aedificaverunt
2036 1059 2048 1095 ⁵

386 1152 432 1222 et,
463 1164 503 1208 ne
528 1145 569 1210 ab
594 1143 789 1209 haeredibus
813 1153 946 1209 eorum¹²
970 1143 1209 1221 dividerentur,
1239 1141 1428 1229 parentibus
1460 1147 1513 1206 et⁰
1543 1140 1854 1226 praedecessoribus
1887 1143 2005 1208 nostris

386 1249 446 1314 sub
468 1248 681 1312 immunitatis
703 1246 893 1312 defensione
917 1239 1153 1327 tradiderunt3,
1178 1253 1211 1311 et
1232 1254 1345 1331 postea
1369 1246 1400 1309 in
1425 1244 1574 1310 alodemp
1600 1251 1676 1310 sunt
1698 1244 1789 1320 data;
1824 1253 1860 1311 ut
1882 1246 2005 1311 deseri-

387 1353 475 1431 bant,
500 1373 583 1438 quae
607 1351 672 1416 s'int
695 1357 731 1416 et
752 1372 771 1414 a
794 1372 858 1436 quo
881 1352 934 1415 vel
966 1351 1084 1437 quibus
1108 1350 1140 1413 in
1163 1351 1397 1436 proprietatem
1421 1348 1498 1412 data
1523 1354 1614 1428 sunt,
1645 1355 1678 1413 et
1701 1349 1794 1445 nobis
1818 1351 2006 1415 renuntiare

388 1462 569 1542 procurent,
592 1462 651 1520 utq
675 1476 747 1519 cum
764 1455 923 1541 episcopis
948 1461 981 1516 et
998 1453 1114 1518 ceteris
1130 1452 1281 1517 fidelibus
1298 1453 1416 1517 nostris
1434 1451 1688 1531 consideremus,
1712 1451 1789 1538 quid
1812 1460 1844 1516 et
1868 1455 2009 1539 qualiter

387 1559 461 1624 inde
485 1558 665 1625 secundum
689 1558 752 1623 Dei
776 1559 978 1623 voluntatem
1002 1565 1035 1622 et
1059 1563 1204 1622 nostram
1227 1558 1365 1622 salutem
1390 1577 1487 1642 agere
1511 1555 1702 1622 debeamus.
2028 1577 2053 1616 ro

497 1665 526 1728 3.
561 1661 606 1726 Ut
628 1662 720 1727 missi
743 1662 845 1726 nostri
869 1662 1094 1747 persingulas
1118 1659 1303 1745 parrochias
1327 1681 1393 1724 una
1416 1681 1488 1725 curn
1513 1660 1668 1747 episeopo
1691 1651 1881 1747 parrochiae
1905 1663 2008 1748 ipsius

390 1768 558 1852 requirant
579 1765 621 1831 de
645 1765 803 1851 cappellis
827 1770 880 1830 et¹
902 1764 1078 1829 abbatiolis
1103 1775 1161 1829 ex·
1184 1764 1268 1827 casis
1294 1764 1357 1828 Dei
1380 1764 1414 1829 in
1432 1764 1627 1829 beneficium
1651 1763 1745 1845 datis,
1769 1765 1873 1851 qualis
1890 1786 2020 1854 census,

389 1870 464 1935 inde
488 1878 601 1946 exeat,
631 1875 666 1934 ut
690 1869 856 1946 eeclesia‘,
890 1868 929 1932 de
956 1888 1019 1954 qua
1051 1873 1142 1947 sunt,
1174 1867 1294 1932 exinde
1317 1868 1507 1932 vestituram
1531 1867 1652 1934 habere
1676 1860 1825 1965 possit⁸4,
1858 1875 1891 1934 et
1914 1859 2022 1935 nobis

389 1976 585 2054 renuntient,
609 1981 645 2039 ut
667 1973 728 2038 hoc
747 1973 1068 2038 nostraauctoritate
1093 1971 1340 2037 commendetur
1362 1977 1460 2058 atque
1484 1971 1644 2046 firmetur;
1670 1977 1704 2036 et
1726 1971 1905 2037 seeundum
1929 1995 2008 2059 qua-

390 2078 514 2143 litatem
537 2078 612 2143 vel¹²
634 2079 871 2163 quantitatem¹¹
899 2078 961 2142 loci
993 2077 1128 2142 clericos
1160 2085 1192 2142 et
1221 2077 1392 2142 luminaria
1421 2076 1465 2141 ibi
1497 2075 1647 2141 ordinent
1676 2083 1709 2141 et
1736 2077 1808 2142 loca
1836 2079 2054 2144 restaureris

390 2174 564 2246 lecisntvf’.

498 2289 527 2350 4.
562 2283 828 2349 Denuntiaudum
853 2292 903 2350 est
926 2285 1076 2349 omnibus
1101 2291 1134 2349 et
1157 2305 1176 2348 a
1200 2283 1306 2348 missis
1322 2284 1441 2349 nostris
1458 2282 1682 2362 ordinandum,
1705 2292 1742 2348 ut
1765 2306 1877 2351 omnes
1903 2288 2008 2353 eccle-

391 2389 459 2453 siae
483 2395 542 2454 et'
564 2389 745 2476 presbyteri
770 2388 830 2453 sub
848 2388 1040 2453 inmunitate
1064 2409 1102 2452 ac
1119 2387 1288 2474 privilegio
1312 2395 1345 2452 et
1361 2386 1565 2452 ordinatione
1589 2396 1686 2472 atque
1702 2389 1916 2474 dispositione
1940 2393 2011 2479 epi-

391 2513 561 2578 scoporum
591 2491 792 2577 singularum
828 2491 1087 2577 parrochiarum,
1122 2492 1154 2555 in
1189 2492 1304 2576 quibus
1341 2492 1536 2570 consistunt,
1572 2491 1751 2567 seeundum
1781 2495 2009 2560 auctoritatem

391 2597 581 2660 eanonicam
605 2603 639 2661 et
661 2587 872 2682 capitularia6
900 2595 1009 2661 domui
1031 2595 1146 2661 Karoli
1168 2597 1373 2683 imperatoris
1397 2597 1450 2661 avi
1473 2595 1576 2660 nostri
1600 2602 1633 2660 et
1656 2597 1702 2683 pii
1725 2598 1856 2683 augusti
1879 2596 2007 2664 Hludo-
2026 2617 2052 2657 ro

392 2700 463 2764 vici
486 2699 596 2764 domui
619 2707 652 2765 et
674 2700 831 2785 genitoris
854 2701 956 2764 nostri
979 2705 1205 2787 permaneant.

499 2807 528 2869 5.
562 2801 608 2866 Ut
630 2804 721 2868 missi
743 2804 844 2868 nostri
868 2802 1043 2888 diligenter
1065 2804 1264 2889 investigent
1288 2824 1361 2867 cum
1385 2805 1538 2890 episeopo
1562 2809 1594 2868 et
1616 2804 1771 2889 praelatis
1794 2806 2012 2871 monasterio-

391 2927 462 2970 rum
486 2913 520 2971 et
541 2927 599 2992 per
622 2906 736 2972 fideles
769 2914 802 2971 ct
831 2913 980 2972 strenuos
1006 2908 1089 2972 viros
1119 2909 1153 2972 in
1183 2927 1378 2993 unaquaque
1401 2908 1572 2993 parrochia
1594 2906 1635 2973 de
1659 2907 1757 2973 rebus
1780 2908 2013 2974 ecelesiasticis

392 3009 425 3073 in
449 3009 576 3074 alodem
600 3008 699 3083 datis;
724 3015 756 3074 et
778 3011 861 3074 sieut
888 3009 1093 3076 evidentibus
1117 3018 1150 3075 et
1173 3011 1259 3076 veris
1283 3010 1432 3075 indiciis*
1455 3033 1493 3075 ac
1516 3011 1764 3076 auctoritatibus
1787 3013 2015 3098 compererint,

393 3113 577 3198 diligenter,
601 3133 699 3198 aquo
723 3122 774 3177 ety
791 3113 908 3200 quibus
924 3114 1020 3179 datae
1037 3115 1120 3178 sint*
1143 3115 1196 3180 vel
1212 3121 1368 3199 quantum
1385 3113 1523 3180 exinde·
1547 3115 1617 3194 εἰν,
1643 3114 1840 3202 describant,
1865 3122 1898 3181 et
1921 3116 2015 3181 uobis
2034 3142 2059 3183 rs

393 3216 588 3280 renuntient.

502 3323 530 3385 6.
565 3312 629 3385 Ut⁷
652 3321 743 3386 missi
768 3323 867 3386 nostri
892 3344 1051 3408 expresse
1074 3330 1203 3387 etcum
1226 3323 1313 3388 omni
1338 3321 1506 3408 diligentia
1529 3343 1602 3386 cum
1626 3322 1782 3408 episcopo
1807 3330 1840 3386 et
1859 3323 2015 3410 praelatis

394 3425 664 3490 monasteriorum
687 3446 746 3511 per
770 3427 916 3512 singulas
940 3425 1128 3513 parrochias
1153 3428 1320 3511 requirant
1344 3425 1385 3492 de
1409 3426 1506 3492 rebus
1531 3426 1774 3507 ecclesiasticis,
1799 3426 1885 3492 unde
1910 3446 2015 3504 nonae

394 3534 427 3591 et
449 3527 595 3592 decimae
620 3529 702 3593 solvi
726 3527 866 3595 debentb
890 3538 922 3596 et
945 3551 1008 3595 non
1032 3531 1215 3605 solvuntur;
1239 3537 1292 3594 ut⁰
1315 3529 1459 3616 persolvi
1482 3530 1522 3594 ab
1545 3529 1699 3596 easdemd
1723 3551 1775 3595 res
1798 3530 2016 3595 retinentibus

393 3623 543 3695 faciantss.
590 3631 631 3696 Et
655 3632 682 3696 si
706 3633 817 3717 aliqua
839 3633 1068 3714 contradictio,
1093 3655 1176 3720 quae
1200 3633 1402 3699 rationabilis
1425 3633 1590 3714 videatur,
1615 3633 1730 3699 oborta
1751 3632 2011 3718 fuerit,deseri-
2031 3661 2058 3701 so

393 3734 497 3812 batur,
522 3741 555 3799 et
577 3736 743 3822 praelatus
767 3737 869 3823 ipsius
893 3758 990 3802 casae
1007 3737 1079 3818 Dei,
1103 3737 1189 3802 unde
1213 3757 1265 3801 rcs
1288 3757 1360 3802 esse
1381 3744 1567 3817 noscuntur,
1590 3743 1624 3801 et
1647 3737 1714 3816 ille,
1737 3738 1792 3823 qui
1817 3757 1873 3802 eas
1890 3737 2017 3803 detinet

392 3844 425 3901 et
449 3860 567 3903 nonam
590 3861 628 3904 ae
650 3838 811 3904 decimam
829 3841 955 3906 solvere
971 3840 1142 3922 detractat,
1170 3835 1265 3905 simul
1289 3861 1362 3905 eum
1380 3840 1486 3905 missis
1502 3841 1623 3905 nostris
1646 3840 1689 3904 ad
1705 3848 1850 3904 nostram
1866 3841 2017 3907 iubeatur

497 4081 523 4146 *)
542 4079 618 4134 2-8.
638 4080 748 4134 10-12.
767 4081 887 4136 midam:
910 4083 1058 4151 Inquirant
1076 4100 1194 4153 quoque,
1213 4087 1283 4153 quot
1299 4086 1425 4153 tempore
1442 4082 1489 4136 avi
1506 4081 1595 4137 nostri
1609 4081 1704 4136 Karoli
1723 4085 1752 4136 et
1769 4081 1864 4137 domni
1882 4082 2018 4152 genitoris

392 4164 479 4219 nostri
492 4164 648 4221 Hludovvici
662 4184 829 4237 unoquoque
848 4168 877 4222 in
895 4169 955 4224 loco
973 4170 1086 4232 fuerint,
1104 4174 1133 4225 et
1151 4173 1220 4239 quot
1239 4170 1320 4225 modo
1338 4170 1403 4234 sint,
1422 4172 1451 4224 et
1469 4169 1517 4222 ubi
1536 4169 1598 4224 loca
1615 4185 1633 4223 a
1650 4169 1831 4224 Nortmannia
1849 4169 1907 4224 sire
1924 4187 1942 4223 s
1955 4169 2017 4239 qui-

394 4251 515 4305 buslibet
527 4251 590 4306 eliis
603 4251 744 4308 destmcta
756 4256 822 4308 sunt
840 4258 868 4309 et
886 4255 998 4324 penitus
1010 4256 1165 4321 adnullata,
1183 4259 1254 4326 quot
1271 4255 1309 4310 ibi
1331 4273 1404 4310 nuuc
1422 4258 1537 4326 propter
1548 4255 1720 4325 paucitatem
1733 4272 1824 4310 rarum
1843 4258 1873 4310 et
1889 4256 2017 4310 devasta-
2035 4281 2060 4320 35

393 4337 497 4392 tionem
517 4337 675 4393 earumdem
694 4339 826 4394 constitui
846 4341 891 4396 vel
909 4342 1031 4397 ordinari
1051 4343 1167 4412 possint,
1186 4346 1218 4398 ut
1236 4342 1302 4398 inde
1320 4361 1382 4398 cum
1396 4359 1529 4398 consensu
1543 4341 1667 4396 fidelium
1680 4345 1837 4397 nostrorum
1850 4342 2018 4408 ordinemus,

393 4424 463 4493 quid
481 4424 516 4478 de
535 4427 645 4480 caetero
663 4426 804 4496 agendum
822 4426 868 4483 sit.

496 4635 523 4698 k)
540 4635 578 4686 ita
596 4634 619 4687 1.
640 4634 680 4698 12,
700 4636 774 4688 Oeae.
793 4638 847 4698 cit,·
870 4642 981 4692 reserent
998 4641 1055 4693 rell.
1138 4641 1159 4705 l)
1178 4641 1215 4692 ita
1232 4642 1309 4693 etiam
1326 4640 1350 4694 3.
1433 4638 1469 4707 m)
1487 4641 1531 4708 qui
1549 4640 1574 4693 5.
1656 4639 1684 4704 u)
1703 4658 1751 4692 out.
1770 4639 1794 4694 3.
1876 4641 1902 4710 o)
1921 4661 1969 4695 om.
1987 4643 2018 4704 dr,

393 4723 569 4774 decessoribus
587 4719 610 4773 2.
702 4723 729 4789 p)
747 4725 850 4776 clodum
867 4724 892 4778 3.
980 4725 1008 4793 q)
1026 4736 1052 4779 et
1070 4726 1094 4780 2.
1183 4727 1206 4793 r)
1225 4730 1257 4781 de
1275 4729 1337 4781 aee.
1355 4725 1378 4780 3.
1396 4728 1421 4780 5.
1438 4726 1463 4780 l.
1480 4727 1504 4780 8.
1591 4726 1614 4792 e)
1632 4735 1658 4779 et
1675 4727 1699 4780 8.
1788 4729 1809 4796 t)
1828 4731 1950 4782 ecclesiae

394 4811 492 4876 possint
503 4808 528 4862 4.
610 4809 637 4872 u)
652 4827 699 4861 cin.
714 4809 738 4862 2.
821 4811 848 4877 v)
861 4813 995 4867 lacientd.
1078 4815 1112 4881 w)
1125 4825 1173 4867 om.
1186 4815 1210 4869 8.
1291 4814 1320 4884 x)
1338 4815 1441 4867 iudiciis
1459 4813 1484 4867 2.
1566 4814 1594 4882 y)
1614 4832 1630 4866 a
1648 4815 1710 4866 aaa
1728 4814 1753 4868 2.
1841 4815 1865 4880 z)
1883 4815 2017 4869 sanim.
2036 4845 2062 4884 4⁰

393 4896 419 4960 a)
438 4897 492 4947 exit
508 4895 538 4959 3;
557 4897 649 4948 exinde
666 4899 811 4964 percepturi
829 4900 881 4950 sint
898 4899 923 4953 8.
1005 4899 1033 4968 b)
1051 4902 1161 4954 debcant
1178 4900 1217 4954 32
1284 4903 1309 4966 e)
1328 4903 1365 4952 ita
1384 4899 1468 4964 1-4,
1489 4901 1563 4953 Coae.
1582 4902 1636 4966 υἰέ.)
1653 4908 1679 4952 et
1695 4901 1752 4952 rell.
1835 4903 1862 4966 d)
1880 4903 1975 4954 eisdem
1993 4901 2018 4954 3.

497 5101 525 5168 2)
545 5099 625 5156 Oeno.
644 5101 762 5156 entered
780 5117 802 5156 c.
815 5102 839 5157 7.
930 5103 958 5170 3)
979 5103 1036 5171 Gfr.
1059 5104 1159 5176 Syaod.
1179 5105 1262 5160 Mete.
1275 5106 1339 5172 845,
1363 5104 1442 5172 infru
1458 5121 1502 5160 rvr.
1516 5105 1581 5173 293,
1597 5121 1618 5160 e.
1630 5106 1672 5160 41.
1690 5105 1733 5159 42.
1820 5105 1848 5172 4)
1868 5103 1924 5172 Ofr.
1940 5104 2020 5173 Rode,

395 5201 551 5258 Feudotttdt
565 5221 594 5273 p.
610 5205 674 5272 156,·
697 5205 833 5274 mamae,
853 5205 915 5260 BG.
926 5205 952 5266 d.
970 5206 1033 5262 Urt.
1049 5208 1073 5274 Ι,
1088 5225 1118 5276 p.
1130 5209 1205 5272 267,·“
1215 5209 1338 5277 Heueler,
1358 5209 1553 5263 Institutionea
1569 5207 1594 5262 d.
1607 5207 1734 5262 Deatscls
1748 5207 1864 5262 Risum.
1880 5209 1903 5264 I.
1919 5225 1947 5277 p.
1960 5209 2019 5264 353.

394 5308 421 5377 5)
442 5306 498 5373 Gsr.
517 5306 584 5376 Cap.
603 5307 729 5362 Wormot.
742 5309 802 5376 829,
819 5325 904 5377 supra
917 5326 947 5377 p.
961 5311 1002 5378 13,
1022 5327 1043 5365 c.
1057 5312 1087 5374 8,·
1107 5311 1190 5382 Copp.
1207 5319 1329 5382 sarapta
1347 5314 1409 5381 818,
1432 5312 1530 5380 romu,
1550 5328 1580 5382 p.
1595 5311 1658 5380 115,
1684 5313 1765 5376 c.24;
1794 5311 1858 5380 Gap.
1876 5314 2020 5380 misasstlt,

394 5410 411 5464 l.
424 5426 445 5466 e.
460 5426 488 5478 p.
504 5412 566 5478 104,
589 5413 671 5476 ceo·
699 5412 763 5481 Gap.
783 5412 916 5481 Aquiton.
935 5415 999 5482 768,
1024 5415 1076 5470 tc.
1090 5417 1175 5484 p.42,
1192 5420 1254 5480 c.1,·
1276 5416 1352 5483 infra
1374 5417 1472 5470 notit
1577 5418 1604 5483 6)
1623 5416 1721 5485 Arisep.
1736 5416 1796 5482 ΠΙ,
1819 5417 1887 5472 cte
1910 5417 2063 5484 (tom.I,45

391 5532 420 5582 p.
437 5515 520 5583 4211)ἷέ
545 5514 657 5569 eaeo
681 5514 729 5569 hoc
755 5521 837 5584 captet
863 5517 970 5571 arellam
995 5517 1143 5586 inuenitur,
1176 5520 1213 5574 cd
1237 5520 1308 5590 quod
1332 5521 1403 5574 rotro
1428 5519 1477 5574 hoc
1504 5520 1558 5574 loco
1580 5519 1671 5574 lvaberi
1690 5521 1783 5588 possit.
1887 5521 1915 5591 1)
1941 5520 2019 5575 coac.

395 5617 509 5674 anteced.
527 5635 548 5674 e.
558 5621 584 5674 8.
687 5620 714 5688 8)
733 5618 791 5686 Ofr.
816 5620 880 5690 (lap.
901 5621 1107 5692 Wonnateuo,
1134 5641 1220 5694 supra
1242 5643 1271 5694 p.
1285 5625 1332 5692 13,
1358 5628 1422 5688 e.b,·
1446 5623 1558 5692 Pippiat'
1576 5621 1642 5692 Gap.
1663 5623 1725 5678 Ital.
1746 5625 2019 5692 801-810,rmn.1.,

391 5739 419 5792 p.
433 5725 491 5789 210,
509 5739 529 5777 c.
543 5724 574 5790 6;
591 5721 675 5792 Capp.
689 5723 769 5791 813?,
790 5725 805 5777 l.
819 5741 841 5779 e.
856 5741 885 5792 p.
896 5725 954 5790 183,
973 5741 993 5778 c.
1009 5727 1055 5796 12,·
1073 5729 1173 5799 synod.
1189 5727 1359 5797 Froneoaos.
1373 5729 1431 5798 vel,
1449 5728 1466 5783 t.
1479 5743 1501 5782 e.
1516 5745 1545 5796 p.
1560 5728 1600 5795 76,
1620 5743 1641 5783 c.
1654 5728 1702 5794 25,
1719 5743 1803 5796 eupra
1820 5733 1874 5784 aot.
1888 5730 1912 5784 b.
