4560 6426
326 669 384 721 8717.

404 453 464 515 286
572 451 815 506 capluunsnm
835 450 960 505 REGUM
980 449 1160 504 FRANOIAE
1178 447 1440 504 occtunnvanls
1459 447 1606 518 (nauem
1618 448 1664 516 11).
1683 479 1716 488 -
1734 451 1781 506 Nr.
1794 451 1853 506 286.

517 628 562 741 ln
587 678 714 742 nemine
738 681 871 740 sanetae
895 683 928 739 et
951 673 1135 738 individuae
1159 673 1322 738 trinitatis.
1373 671 1514 738 Karalus
1537 676 1643 758 gratia
1666 675 1727 740 Dei
1751 699 1809 741 rex
1832 677 1924 741 illi*¹
1947 681 2016 764 epi·

403 780 524 867 scopol'
548 786 581 845 et
603 780 729 845 dilectis
754 801 791 845 ac
815 779 964 844 fidelibus
988 779 1095 843 missis
1119 777 1203 842 illis⁰
1226 777 1483 863 comitibusqued
1507 782 1645 844 nostris⁰
1669 780 1817 845 salutem.

510 884 589 971 Cap.
611 891 636 948 t.
670 883 789 948 Notum
819 885 860 948 sit
883 883 1033 948 fidelitati
1058 890 1204 961 vestrae,
1234 883 1310 967 quia
1336 880 1441 946 XVI.r
1461 880 1534 947 Kal.
1562 881 1659 947 Mart,
1688 884 1867 948 seeundum
1891 907 2016 949 sacram

402 990 628 1054 auctoritatem
659 979 839 1074 synodum³³
869 987 1103 1052 venerabilium
1134 987 1357 1072 cpiscoporum
1382 1007 1420 1049 ac
1444 995 1638 1052 conventum
1663 988 1804 1052 fidelium
1834 997 2016 1054 nostrorum

403 1093 488 1179 apud
513 1091 711 1157 Curisiacum
742 1092 877 1156 lecimus
907 1091 1090 1155 convenire.
1137 1089 1216 1154 Cum
1241 1089 1357 1175 quibus
1386 1090 1471 1153 inter
1494 1099 1624 1155 caetera
1648 1093 1909 1156 ecclesiasticaeg
1930 1094 2017 1156 utili·
2048 1109 2059 1145 ⁵

401 1197 476 1260 tatis
500 1218 537 1260 ae
561 1197 653 1281 regni
669 1194 877 1260 necessitatis
893 1195 1026 1278 negotia
1042 1191 1326 1271 consideravimus,
1350 1192 1489 1277 qualiter
1510 1195 1642 1279 rapinae
1667 1204 1700 1259 et
1715 1196 2017 1281 depopulationesl,

403 1322 486 1386 quae
517 1302 631 1386 partim
668 1301 838 1364 occasione
872 1298 1168 1384 superinruentium
1202 1317 1415 1382 paganorum,
1451 1297 1568 1382 partim
1605 1298 1786 1363 mobilitate
1818 1299 2017 1385 quorundam

402 1403 544 1468 fidelium
574 1411 756 1468 nostrorum
781 1403 813 1466 in
837 1423 936 1486 regno
962 1411 1088 1481 nostro,
1120 1423 1179 1486 par
1201 1421 1256 1464 eos
1282 1401 1394 1478 etiam,
1424 1403 1478 1486 qui
1503 1403 1675 1467 ecelesiam
1701 1403 1762 1468 Dei
1788 1403 1962 1469 defendere
1986 1413 2018 1468 et

402 1508 483 1571 tueri
508 1513 540 1570 et
563 1507 655 1590 regni
680 1504 875 1571 soliditatem
899 1526 937 1569 ae
961 1507 1104 1590 quietern
1128 1503 1311 1568 debuerant
1341 1503 1527 1588 providere,
1559 1512 1764 1589 grassantur,
1793 1508 2018 1592 aliquomodo

402 1617 567 1674 annuente
591 1608 732 1673 Domino
756 1608 861 1672 sedari
884 1608 1015 1672 valeant
1039 1615 1072 1672 et
1095 1607 1248 1671 amoveri.
2037 1635 2062 1672 ,ο

511 1718 539 1780 2.
574 1712 718 1787 Quorum
740 1712 889 1777 consultu
905 1711 1117 1788 decrevimus,
1140 1718 1176 1774 ut
1199 1747 1240 1756 -
1263 1711 1337 1795 quia
1361 1717 1506 1796 peecata,
1530 1733 1614 1798 quae
1631 1713 1662 1777 in
1682 1736 1740 1778 suo
1756 1715 1857 1794 initio,
1880 1723 1916 1780 ut
1933 1724 2017 1788 sunt,

402 1819 512 1902 magui
542 1816 693 1902 ponderis
722 1817 951 1892 aestimantur,
980 1814 1161 1899 pernicioso
1186 1834 1356 1898 processu,
1386 1815 1455 1899 ipso
1483 1815 1581 1878 etiam
1610 1816 1766 1881 exitiabili
1797 1818 1873 1881 usu¹
1896 1820 2017 1903 pravisi

403 1922 565 1986 mentibus
588 1920 771 1986 levianturt
795 1927 828 1986 et
850 1920 943 2005 quasi
959 1917 1165 1983 insensibiles
1186 1916 1341 1981 redduut¹
1365 1939 1413 1996 ac,
1437 1919 1463 1981 si
1480 1917 1608 2003 quando
1625 1919 1817 2005 resipiscere
1836 1922 2017 2002 moliuntur,

403 2036 488 2090 ermm
519 2025 678 2111 saepiusm
709 2025 884 2109 obligante,
915 2028 968 2102 ut,
995 2024 1021 2085 si
1052 2031 1246 2106 resurgere⁰
1270 2022 1384 2098 velint,
1417 2042 1480 2086 non
1510 2023 1648 2108 possint,
1678 2029 1852 2110 antequam
1881 2047 2018 2092 censura

404 2131 627 2194 ecclesiastica
650 2137 683 2193 et
705 2128 828 2213 legales
852 2126 1035 2192 sententiae
1059 2125 1242 2190 huiusmodi
1267 2125 1501 2211 praedatores1’
1523 2126 1713 2191 terribiliter
1735 2136 1769 2191 et
1791 2126 2019 2194 damnabiliter
2038 2153 2061 2192 rs

404 2235 522 2300 ferient
542 2271 582 2280 -
605 2233 749 2319 episcopi
765 2232 904 2317 quique‘l
927 2231 959 2293 in
977 2231 1042 2293 suis
1061 2229 1222 2315 parochiis
1239 2235 1272 2293 et
1288 2230 1394 2293 missi¹
1417 2231 1449 2292 in
1466 2230 1591 2294 illorum
1609 2231 1782 2294 missaticis
1800 2234 2018 2318 comitesque⁸

404 2339 436 2402 in
460 2358 571 2402 eorum
595 2335 800 2401 comitatibus
824 2335 948 2420 pariter
970 2333 1090 2417 placita
1118 2323 1283 2410 teneant⁴,
1320 2353 1383 2417 quo
1417 2353 1529 2397 omues
1563 2335 1609 2399 rei
1637 2334 1788 2419 publicae
1820 2337 1956 2400 ministri
1986 2344 2020 2402 et

406 2442 494 2505 vassi
518 2440 671 2505 dominici
695 2459 880 2524 omnesque,
904 2437 1099 2522 quicumque
1123 2436 1175 2501 vel
1199 2458 1474 2522 quorumcumque
1491 2437 1639 2503 homines
1663 2441 1695 2502 in
1719 2439 1841 2504 eisdem
1857 2441 2019 2526 parochiis

406 2545 458 2609 vel
482 2545 686 2609 eomitatibus
709 2543 941 2620 commanenti,
971 2542 1039 2603 sine
1072 2540 1137 2604 ulla
1166 2562 1376 2626 personarum
1407 2542 1621 2626 exceptione¹¹
1652 2543 1703 2606 vel
1729 2545 1940 2609 excusatione
1964 2554 2020 2609 aut

406 2647 562 2714 dilatione
586 2647 790 2712 conveniant.
2038 2673 2063 2712 so

512 2753 541 2815 3.
576 2751 619 2815 ut
641 2751 834 2837 episeopusv
858 2749 943 2812 illius
968 2747 1140 2832 parochiae
1170 2747 1312 2812 breviter
1340 2747 1513 2813 adnotatas
1543 2743 1745 2815 sententias5
1769 2750 1809 2815 de
1834 2750 2020 2816 huiusmodi

405 2877 517 2932 causa,
550 2854 760 2939 evangelicae
784 2851 937 2916 videlieet
960 2859 993 2915 et
1022 2851 1222 2936 apostolieae
1253 2859 1349 2937 atque
1383 2852 1620 2938 propheticaew
1643 2855 1861 2930 auctoritatis,
1893 2875 2018 2919 necnon

406 2967 438 3024 et
465 2958 598 3024 decreta
625 2958 805 3044 apostolica
832 2963 929 3042 atque
958 2956 1115 3019 canonica
1142 2955 1289 3021 omnibus
1317 2956 1464 3040 relegatv
1489 2966 1521 3021 et
1544 2964 1657 3042 aperto
1689 2949 1861 3020 sermonefi
1885 2959 2020 3032 eunctis,

405 3063 500 3148 quale
523 3070 745 3148 quantumque
769 3067 939 3146 peceatum
963 3059 1006 3121 sit
1029 3065 1063 3123 et
1085 3057 1214 3143 qualem
1238 3066 1456 3144 quantamque
1482 3060 1718 3146 poenitentiam
1743 3067 1776 3124 et
1799 3081 1895 3145 qnam
1919 3062 2021 3126 inma-

405 3186 479 3230 nem
503 3165 806 3250 severissimamque
829 3161 1002 3226 vindictam
1026 3167 1194 3246 exposcat,
1220 3183 1292 3225 curn
1318 3162 1391 3225 aliis
1415 3161 1535 3225 debitis
1560 3169 1594 3226 et
1617 3164 1810 3227 necessariis
1834 3171 1931 3248 atque
1954 3167 2019 3228 uti·
2038 3187 2063 3227 as

405 3269 490 3334 libus
513 3266 810 3354 praedicationibus
834 3267 1038 3330 innotescere
1063 3274 1185 3330 ouret'.

513 3376 542 3438 4.
577 3371 670 3436 Missi
699 3391 827 3456 quoque
858 3369 983 3454 legales
1012 3368 1208 3446 sententias,
1243 3371 1326 3434 sicut
1361 3392 1416 3434 eas
1445 3371 1592 3454 cognitas
1622 3369 1757 3446 habent,
1790 3370 1958 3452 adnotent,
1988 3380 2021 3436 et

404 3475 691 3561 praedeeessorum
729 3479 908 3538 nostrorum
942 3493 1055 3556 regum
1085 3479 1182 3558 atque
1219 3467 1471 3559 imperatorum⁷
1506 3481 1680 3559 nostraque
1716 3475 1857 3559 capitula
1889 3474 1929 3540 de
1959 3476 2019 3539 hae

404 3599 503 3643 causa
532 3581 565 3643 in
598 3600 696 3643 unum
733 3577 870 3642 collecta
902 3577 1050 3642 omnibus
1084 3584 1161 3641 nota
1190 3577 1342 3642 faciaut¹.
1399 3569 1460 3640 Et8
1490 3577 1633 3664 episcopi
1664 3577 1726 3642 Dei
1760 3585 1794 3642 et
1822 3579 2020 3664 episcopalit'

403 3683 596 3748 auctoritate
628 3682 711 3747 tales
740 3679 1029 3766 depraedationesz
1061 3680 1209 3745 omnibus
1238 3680 1441 3746 interdicant.
1497 3679 1539 3744 Et
1568 3681 1657 3745 missi
1687 3703 1725 3746 ae
1756 3682 1888 3746 comites
1918 3683 2064 3750 nostrisa

405 3785 528 3850 eunctis
553 3806 595 3850 ex
618 3790 729 3848 nostro
754 3782 857 3868 regio
875 3782 983 3847 banno
1012 3783 1185 3868 prohibere
1216 3783 1352 3848 firmiter
1383 3782 1550 3865 studeant,
1581 3792 1636 3849 ut⁵
1667 3790 1866 3869 cognoscant
1898 3806 2020 3864 omnes,

404 3889 489 3974 quia,
514 3889 541 3953 si
564 3888 683 3953 abhinc
705 3889 817 3953 inante
845 3886 878 3949 in
901 3893 1010 3950 nostro
1035 3907 1137 3971 regno
1161 3886 1240 3950 talia
1263 3887 1373 3953 faeere
1397 3888 1515 3972 aliquis
1538 3890 1809 3975 praesumpserit,
1843 3888 2020 3953 secundum

403 3992 530 4058 divinas
555 3994 734 4059 sententias
758 3990 998 4078 episcopaleml
1022 3992 1165 4077 excipiet
1194 3993 1389 4057 sententiam
1421 3999 1454 4056 et
1482 3992 1660 4058 secundum
1691 3995 1780 4077 leges
1811 4013 1848 4054 ae
1877 3993 2020 4077 capitula

508 4184 531 4248 l)
550 4181 686 4235 Hunfrido
701 4180 852 4235 venerabili
871 4180 1026 4250 episcopo²‚
1046 4180 1199 4249 Iugiscaleo
1218 4183 1247 4234 et
1260 4181 1426 4250 berengario
1445 4181 1592 4235 comitibus
1612 4186 1640 4236 et
1658 4181 1886 4236 ministerialibus
1905 4201 1937 4236 ae
1955 4181 2020 4235 lide·

404 4267 477 4320 libus
496 4266 586 4320 missis
604 4265 706 4321 nostris
724 4267 753 4320 in
773 4266 890 4321 Domino
909 4266 1029 4320 salutem
1047 4267 1128 4330 2-4;
1158 4265 1259 4320 dilecto
1279 4265 1357 4319 nobis
1375 4267 1459 4319 lonae
1480 4267 1631 4322 venerabili
1651 4267 1798 4337 episeope²
1818 4271 1845 4322 et
1869 4270 2020 4324 Isimburdo
2038 4285 2063 4325 us

404 4352 515 4407 inlustri
534 4352 629 4408 comiti
648 4353 738 4407 missis
756 4353 858 4407 nostris
877 4353 995 4407 salutern
1013 4354 1037 4407 5.

506 4529 533 4593 a)
550 4529 657 4580 illustris
675 4527 697 4580 6.
713 4527 735 4578 7.
834 4529 861 4592 1))
878 4530 1002 4596 episcopis
1021 4527 1044 4580 7.
1141 4529 1166 4588 ο)
1185 4529 1328 4580 illustribus
1346 4529 1368 4580 a.
1390 4526 1418 4592 7;
1445 4529 1496 4580 illis
1515 4531 1607 4582 illustr.
1628 4529 1703 4579 Vatia.
1799 4531 1825 4594 d)
1843 4532 1978 4584 comitibus
1997 4530 2021 4583 7.

403 4617 427 4680 e)
447 4616 497 4668 illis
515 4616 576 4668 aad„
597 4613 623 4678 13
641 4616 785 4668 illustribus
803 4616 864 4668 odd.
883 4613 906 4667 7.
1006 4617 1101 4678 OXV.
1123 4614 1254 4678 Vollieell,
1274 4615 1297 4666 a.
1313 4614 1335 4666 7.
1436 4615 1465 4680 g)
1484 4615 1657 4668 ecelesiastica
1675 4615 1698 4666 7.
1791 4617 1819 4676 lr)
1838 4618 1977 4669 delationes
1997 4615 2021 4668 7.

402 4704 422 4765 i)
445 4719 522 4769 supra
538 4703 579 4753 ius
597 4699 621 4752 6.
635 4699 658 4752 7.
750 4701 778 4766 lr)
797 4704 915 4755 levantur
936 4703 961 4766 l;
980 4703 1118 4768 loquantur
1137 4700 1161 4753 t.
1180 4700 1203 4752 7.
1299 4702 1319 4765 l)
1337 4720 1385 4752 cm.
1405 4701 1428 4752 7.
1516 4704 1552 4764 ml
1570 4704 1687 4756 cassibus
1705 4704 1759 4754 suis
1776 4705 1800 4755 6.
1815 4701 1837 4753 7.
1932 4701 1959 4769 n)
1977 4705 2020 4755 ob-

402 4788 484 4854 ligant
501 4785 562 4838 26.
628 4784 679 4862 Ἰο)
697 4787 733 4836 ito
753 4785 775 4838 1.
789 4785 812 4838 6.
829 4785 857 4850 7;
875 4804 981 4854 surgere
998 4788 1055 4839 rell.
1148 4785 1175 4853 p)
1195 4789 1380 4855 praedicatores
1398 4785 1421 4839 3.
1514 4789 1542 4853 q)
1561 4790 1605 4854 qui
1624 4805 1691 4839 corr.
1710 4790 1800 4854 quiqui
1819 4788 1850 4848 2;
1869 4806 1971 4856 quoque
1989 4789 2019 4850 ῦς
2038 4799 2063 4837 tu

403 4874 505 4939 quidem
523 4873 547 4922 o.
626 4873 648 4934 r)
666 4873 750 4925 missis
768 4871 793 4925 2.
872 4873 894 4938 s)
913 4874 1063 4940 eomitesqui
1080 4873 1105 4926 2.
1185 4875 1205 4938 t)
1224 4892 1272 4927 oni.
1291 4874 1314 4925 6.
1329 4873 1353 4925 7.
1433 4872 1461 4940 ιι)
1479 4876 1627 4941 aceeptione
1645 4874 1670 4926 6.
1690 4874 1712 4926 7.
1791 4877 1818 4934 ν)
1837 4878 1949 4944 episcopi

403 4961 519 5026 relegant
605 4967 696 5010 curent
713 4957 737 5011 7.
834 4959 868 5022 w)
888 4960 1036 5027 prophetiae
1054 4961 1193 5012 auctoritas
1210 4959 1234 5012 2.
1331 4959 1359 5024 x)
1378 4962 1441 5012 liunt
1462 4961 1483 5010 l.
1503 4959 1526 5010 7.
1623 4959 1651 5026 y)
1670 4962 1776 5026 apostoli
1796 4960 1820 5011 7.
1910 4961 1934 5028 a)
1953 4979 2020 5014 corr.

403 5046 593 5112 deprecationes
610 5043 635 5096 2.
722 5043 748 5110 a)
767 5054 792 5098 et
809 5045 832 5098 6.
852 5043 874 5097 7.
964 5045 990 5110 b)
1008 5049 1152 5115 specialiter
1170 5048 1193 5100 a.
1208 5047 1230 5098 7.

507 5217 531 5280 l)
553 5213 742 5280 Teutamscnsi,
759 5214 807 5282 qui
823 5215 945 5270 utecaesit
958 5216 1097 5272 Folcwino
1114 5236 1139 5271 o.
1156 5219 1215 5273 855.
1236 5219 1266 5271 in
1284 5217 1437 5288 episcopatu
1458 5223 1482 5272 et
1500 5217 1645 5280 vnissutrbm
1667 5219 1716 5284 cfr.
1740 5233 1827 5287 supro
1842 5237 1871 5288 p.
1884 5219 1944 5285 275,
1961 5234 1982 5272 e.
1995 5220 2020 5272 4.

403 5322 430 5388 2)
450 5319 657 5386 derelictam
680 5317 742 5372 ibid.
765 5335 785 5375 c.
802 5321 840 5374 ll.
939 5322 967 5388 8)
987 5321 1022 5374 In
1040 5338 1096 5389 qaue
1112 5333 1199 5376 ouum
1216 5327 1253 5376 est
1271 5321 1305 5375 de
1324 5320 1440 5376 eeclesia
1458 5319 1620 5390 Lingonico,
1639 5337 1722 5389 quarn
1736 5319 1871 5374 vulfadus
1890 5321 2021 5376 ecelesias
2038 5335 2063 5372 ts

404 5423 546 5478 tiernensis
564 5422 712 5492 alumpnus
730 5425 825 5478 contra
844 5423 978 5478 canoniea
997 5427 1182 5494 occupaverat
1199 5425 1321 5488 decreta;
1341 5426 1391 5491 cfr.
1409 5421 1737 5478 submutaverunt.
1755 5423 1863 5477 coellet.
1879 5425 1935 5490 111,
1946 5441 1966 5478 c.
1979 5427 2021 5491 24,

402 5527 452 5582 SS.
467 5527 552 5595 XIII,
567 5544 596 5596 p.
609 5527 667 5581 535.
758 5528 786 5598 4)
811 5527 864 5594 Ost.
890 5527 968 5583 Cossu.
991 5546 1035 5598 ap.
1060 5529 1089 5585 S.
1108 5529 1231 5598 Quanta.
1249 5529 1313 5597 857,
1338 5529 1414 5595 infru
1427 5545 1457 5597 p.
1468 5527 1532 5593 294,
1555 5525 1625 5580 Kar.
1645 5525 1767 5581 Adriani.
1786 5529 1831 5580 ult
1918 5529 1946 5598 b)
1966 5527 2020 5594 Ost.

401 5632 479 5698 infru
497 5649 527 5702 p.
543 5632 602 5699 287,
622 5629 756 5686 Adntonit.
860 5634 887 5696 6)
914 5631 969 5698 Ost.
992 5631 1147 5688 Admonitio
1164 5633 1241 5702 Lupi
1259 5632 1456 5700 Ferraricnsis,
1480 5631 1554 5700 epist.
1573 5631 1636 5698 100,
1658 5631 1695 5686 eri.
1715 5633 1847 5686 Baracum
1866 5649 1894 5700 p.
1914 5633 2020 5700 ldtlsqq.

403 5736 429 5803 7)
449 5735 503 5802 Gsr.
522 5735 600 5801 insto
614 5752 642 5802 p.
656 5735 716 5797 289,
734 5741 856 5804 meapte
872 5751 904 5790 aa
922 5736 1054 5803 Arrscpisc
1071 5739 1094 5788 a
1113 5733 1260 5791 Benedicta
1278 5735 1381 5790 Levita
1469 5735 1496 5802 8)
1518 5735 1573 5801 Ost.
1594 5733 1656 5802 Gap.
1676 5735 1754 5803 risseq.
1773 5751 1794 5789 o.
1807 5735 1832 5789 3.
