4568 6420
455 433 516 494 526
873 430 1087 486 HINGMARUS
1107 430 1153 485 DE
1174 430 1312 486 ORDINE
1331 429 1479 485 PALATII
1502 447 1524 484 c.
1537 429 1656 484 25-28.

563 603 641 688 Cap.
666 606 715 667 25.
763 603 914 668 Sensusm
946 612 1054 669 autem
1086 607 1118 668 in
1143 605 1193 667 his
1217 606 1367 669 omuibus
1397 607 1471 669 talis
1496 611 1576 682 erat,
1605 612 1640 668 ut
1664 624 1826 688 nunquam
1850 604 1971 688 palatio
1995 603 2079 666 tales

455 709 508 772 vel
536 707 617 771 tanti
634 707 788 772 deessent
810 709 948 773 ministri
965 715 1099 795 propter
1120 709 1178 774 has
1203 710 1378 795 praecipue
1400 709 1485 774 inter
1506 714 1653 773 caeteras
1676 707 1889 771 necessitates
1905 707 1958 770 rel
1979 706 2078 770 hone-

456 815 597 875 statesm.
623 810 743 893 Primo,
760 817 795 876 ut
812 813 879 877 sive
897 813 1094 898 generaliter
1111 812 1298 891 maioribus,
1315 812 1382 877 sive
1400 813 1587 898 specialiter
1601 811 1654 874 vel
1671 809 1880 894 singulariter
1895 809 2079 895 quibusque

458 914 635 978 minoribus
658 913 888 979 recedentibus
913 917 1000 979 omni
1024 921 1170 1001 tempore
1194 921 1227 978 et
1249 913 1456 978 multitudine
1480 935 1634 999 congrua,
1660 914 1729 978 sine
1754 934 1817 998 qua
1840 913 2080 977 rationabiliter

457 1024 489 1080 et
512 1017 650 1082 honeste
674 1039 837 1083 essenon
861 1025 982 1105 posset,
1014 1039 1143 1103 semper
1167 1023 1258 1083 esset
1281 1024 1432 1083 ornatum
1456 1018 1611 1104 palatium
1636 1023 1669 1081 et
1693 1017 1884 1081 consiliariis
1909 1015 2079 1101 condignis
2121 1037 2132 1073 ι

456 1141 623 1206 nunquam
648 1119 841 1186 destitutum
870 1123 1000 1196 fuisset;
1031 1129 1064 1186 et
1091 1127 1126 1185 ut
1152 1122 1388 1207 qualiacunque
1411 1122 1533 1207 legatio
1558 1121 1626 1186 sive
1651 1118 1858 1206 speculandi,
1890 1120 1957 1183 sive
1982 1119 2080 1183 etiam

456 1223 617 1288 subdendi
640 1227 747 1310 gratia
770 1227 907 1306 veniret,
931 1226 1071 1310 qualiter
1094 1245 1207 1289 omnes
1237 1224 1367 1311 quidem
1400 1225 1537 1290 honeste
1568 1225 1689 1310 suscipi
1713 1224 1903 1310 potuissent.
1950 1222 2079 1288 Deinde

456 1328 577 1412 primus
609 1329 736 1393 consilii
766 1329 1005 1406 rectitudinem,
1041 1328 1202 1393 secundus
1231 1328 1473 1393 misericordiae
1506 1335 1538 1392 st
1569 1328 1781 1413 benignitatis
1811 1326 2080 1407 consolationem,

455 1431 570 1494 tertius
589 1453 666 1497 vero
683 1434 846 1497 versutiae
872 1454 931 1497 seu
954 1434 1148 1497 temeritatis
1173 1455 1279 1498 sermo
1304 1434 1441 1499 referret
1465 1433 1678 1508 medicinam;
1703 1438 1736 1497 et
1758 1438 1794 1496 ut
1817 1453 1859 1495 ex
1875 1440 2079 1516 quacumque

454 1542 548 1620 parte
566 1537 665 1600 totius
681 1538 774 1622 regni
790 1538 984 1623 quicumque
1001 1537 1179 1614 desolatus,
1197 1537 1340 1617 orbatus,
1358 1537 1465 1602 alieno
1482 1558 1558 1602 aere
1575 1557 1761 1623 oppressus,
1777 1535 1897 1600 iniuste
1916 1533 2081 1599 calumnia
2108 1550 2136 1589 ¹⁰

455 1639 609 1724 cuiusque
639 1640 816 1705 suffocatus
849 1661 906 1704 seu
931 1646 1064 1705 caetera
1094 1639 1144 1704 his
1180 1640 1315 1719 similia,
1345 1660 1428 1724 quae
1458 1660 1543 1702 nunc
1574 1659 1766 1703 enumerare
1795 1637 1988 1722 perlongum
2019 1644 2080 1715 est,

364 1795 368 1802 .
455 1743 596 1808 maxime
630 1749 738 1808 tamen
769 1744 809 1810 de
833 1744 939 1809 viduis
963 1749 996 1809 et
1025 1744 1178 1830 orphanis
1208 1749 1273 1808 tam
1297 1743 1459 1807 seniorum
1484 1763 1645 1828 quamque
1675 1749 1707 1806 et
1731 1741 1939 1806 mediocrium
1967 1741 2079 1805 unius·

456 1847 613 1932 cuiusque
638 1847 815 1912 secuudum
841 1870 932 1913 suam
956 1847 1169 1932 indigentiam
1192 1847 1244 1911 vel
1268 1847 1471 1931 qualitatem,
1500 1846 1703 1910 dominorum
1726 1864 1802 1908 vero
1825 1842 2080 1908 misericordiam

455 1955 487 2012 et
510 1950 667 2034 pietatem
697 1972 827 2037 semper
859 1952 899 2016 ad
931 1973 1060 2016 manum
1091 1950 1242 2027 haberet,
1275 1971 1334 2036 per
1356 1970 1453 2034 quem
1482 1949 1602 2033 singuli
1634 1935 1770 2034 ad'pias
1801 1968 1895 2011 aures
1923 1947 2080 2033 principis

454 2051 600 2136 perferre
624 2055 818 2138 potuissent.
2108 2068 2134 2108 ¹⁵

568 2155 646 2244 Gap.
672 2160 721 2222 26.
765 2158 933 2238 Similiter,
965 2159 1018 2244 qui
1042 2165 1177 2244 propter
1202 2158 1361 2223 diutinum
1388 2157 1557 2222 servitium
1580 2156 1670 2242 digni
1693 2163 1796 2232 erant,
1820 2162 1856 2219 ut
1879 2153 2080 2228 remunerari

455 2257 658 2340 debuissent,
682 2267 715 2325 et
730 2262 822 2326 locus
839 2263 912 2327 talis
929 2262 1132 2344 occurrebat,
1155 2261 1209 2325 ubi
1228 2283 1270 2324 ex
1286 2261 1462 2347 praedictis
1486 2258 1704 2344 indigentibus
1729 2280 1824 2323 nemo
1842 2259 1911 2322 sine
1927 2278 2082 2321 mensura

455 2361 707 2438 destitueretur;
740 2366 889 2430 similiter
912 2365 1090 2430 secundum
1116 2385 1228 2428 eorum
1251 2364 1439 2448 qualitatem
1465 2364 1716 2427 admemoriam
1741 2362 1921 2448 principum
1946 2380 2080 2424 revoca-

454 2471 567 2529 rentur
590 2489 655 2531 non
681 2473 748 2531 tam
772 2470 849 2556 ipsis
873 2469 1077 2554 urgentibus,
1101 2489 1197 2552 quam
1223 2489 1346 2546 eorum,
1370 2467 1410 2531 de
1436 2466 1553 2551 quibus
1578 2467 1821 2554 supradictum
1846 2470 1907 2547 est,
1930 2464 2026 2527 fidem
2048 2470 2082 2527 et

367 2571 368 2574 ’
456 2569 601 2634 debitum
626 2573 850 2656 exigentibus;
879 2579 915 2636 ut
936 2575 969 2637 in
994 2574 1040 2637 eis
1064 2572 1096 2637 id
1119 2573 1212 2637 fieret
1243 2572 1358 2657 primo,
1387 2569 1624 2656 propterquod
1655 2591 1728 2634 cum
1750 2568 1874 2634 iustitia
1901 2575 1935 2632 et
1956 2567 2082 2632 miseri·
2109 2587 2137 2627 ao

456 2673 565 2738 cordia
581 2674 651 2738 Deo
677 2676 876 2762 placerentl,
902 2675 1019 2741 deinde
1045 2677 1077 2740 in
1100 2677 1217 2740 militia
1240 2676 1486 2740 remanentibus
1511 2675 1727 2738 certissimam
1751 2673 1892 2738 fideliter
1910 2672 2081 2736 servandi⁰

454 2776 550 2841 fidem
580 2785 614 2842 et
644 2781 862 2844 constantiam
891 2782 1130 2859 ministrarent,
1164 2779 1282 2844 deinde
1311 2785 1347 2842 ut
1378 2779 1475 2842 etiam
1506 2779 1603 2862 longe
1636 2778 1748 2863 positis
1777 2798 1835 2863 per
1867 2778 1965 2841 totius
1988 2778 2083 2862 regui

455 2882 611 2946 ambitum
641 2879 800 2948 laetitiam
830 2892 864 2948 et
893 2885 1046 2969 gaudium
1078 2884 1351 2948 demonstrarent.
1397 2882 1440 2945 Et
1470 2883 1497 2945 si
1520 2882 1637 2966 aliquis
1669 2902 1710 2944 ex
1739 2880 2005 2946 ministerialibus
2028 2880 2082 2946 vel

456 2986 648 3050 consiliariis
673 2986 862 3066 decedebat,
886 2988 959 3052 loco
983 2989 1054 3051 eius
1079 3008 1244 3072 congruus
1270 2994 1303 3052 et
1325 2987 1413 3050 utilis
1438 2975 1715 3050 restituebaturif.

565 3087 642 3174 Oap.
667 3092 718 3155 27.
755 3089 797 3154 ut
819 3097 856 3163 ut
876 3091 933 3155 illa
956 3092 1140 3168 multitudo,
1164 3113 1248 3176 quae
1272 3092 1304 3155 in
1326 3091 1449 3176 palatio
1475 3110 1604 3173 semper
1628 3109 1702 3153 esse
1725 3087 1833 3164 debet,
1857 3088 2082 3153 indeficienter
2109 3105 2134 3146 ιι

456 3192 630 3278 persistere
646 3200 769 3278 posset,
793 3194 842 3257 his
861 3193 963 3257 tribus
980 3193 1148 3258 ordinibus
1172 3186 1388 3259 fovebatur95.
1424 3193 1497 3258 Uno
1514 3193 1677 3271 videlicet,
1701 3199 1737 3256 ut
1753 3191 1876 3277 absque
1894 3191 2081 3256 ministeriis

457 3295 602 3381 expediti
625 3289 795 3376 milites97,
820 3298 1007 3384 anteposita
1030 3297 1233 3361 dominorum
1256 3297 1457 3382 benignitate
1481 3303 1514 3360 et
1537 3294 1766 3374 sollicitudine,
1789 3316 1853 3381 qua
1876 3317 1960 3360 nunc
1983 3297 2081 3376 victu,

456 3420 541 3463 nunc
566 3400 695 3476 vestitu,
719 3421 804 3464 nunc
827 3420 917 3479 auro,
940 3421 1024 3464 nunc
1049 3406 1196 3484 argento,
1221 3399 1316 3464 modo
1340 3401 1432 3485 equis
1458 3400 1508 3464 vel
1533 3401 1672 3464 caeteris
1695 3399 1894 3464 ornamentis
1920 3398 2081 3464 interdum

456 3502 653 3586 specialiter,
677 3503 849 3587 aliquando
866 3510 963 3589 prout
987 3510 1126 3587 tempus,
1151 3502 1233 3566 ratio
1251 3509 1284 3566 et
1299 3503 1378 3567 ordo
1397 3503 1590 3588 condignam
1608 3509 1806 3589 potestatem
1823 3503 2081 3580 administrabat,

457 3606 587 3690 saepius
605 3607 774 3691 porrectis,
790 3607 822 3670 io
841 3628 879 3671 eo
896 3613 1006 3672 tamen
1023 3606 1264 3671 indeficientem
1282 3608 1537 3672 consolationem
1560 3629 1687 3673 necnon
1702 3607 1743 3672 ad
1764 3608 1874 3692 regale
1890 3606 2082 3692 obsequium
2109 3620 2135 3661 ³⁰

456 3709 689 3772 inflammatum
712 3710 854 3773 animum
879 3710 1047 3774 ardentius
1071 3731 1202 3795 semper
1224 3710 1403 3775 habebant:
1430 3710 1516 3796 quod
1542 3712 1616 3776 illos
1641 3711 1777 3797 praefati
1801 3711 1963 3796 capitanei
1985 3711 2080 3775 mini-

458 3803 640 3875 steriales9³
671 3813 820 3877 certatim
843 3813 882 3876 ds
905 3812 958 3876 die
983 3813 1016 3876 in
1040 3813 1140 3890 diem,
1174 3835 1260 3876 nunc
1285 3815 1373 3892 istos,
1401 3834 1486 3877 nunc
1509 3814 1581 3877 illos
1606 3815 1646 3877 ad
1676 3815 1861 3878 mansiones
1885 3834 1960 3877 suas
1984 3835 2080 3877 voca·

456 3914 536 3978 bant
564 3921 597 3978 et
626 3935 690 3978 nou
718 3923 783 3980 tam
815 3919 912 4001 gulae
936 3918 1130 3992 voracitate,
1161 3939 1256 4002 quarn
1280 3938 1379 3982 verae
1408 3918 1635 3981 familiaritatis
1666 3939 1725 3981 seu
1754 3917 1936 3981 dilectionis
1960 3938 2080 3996 amore,

457 4023 552 4102 prout
582 4019 697 4104 cuique
729 4019 881 4105 possibile
909 4026 994 4098 erat,
1030 4019 1219 4104 impendere
1253 4020 1443 4096 studebant;
1472 4022 1582 4106 sicque
1611 4021 1725 4098 fiebat,
1756 4029 1792 4084 ut
1821 4041 1911 4084 rarus
1942 4023 2080 4105 quisque

456 4122 539 4185 infra
562 4123 799 4188 hebdomadam
825 4132 1020 4200 remaneret,
1048 4125 1103 4209 qui
1127 4147 1191 4189 uon
1215 4125 1256 4189 ab
1281 4127 1390 4210 aliquo
1414 4146 1472 4211 pro
1497 4123 1682 4188 huiusmodi
1706 4123 1813 4188 studio
1838 4131 2080 4191 convocaretur.
2107 4139 2133 4180 ³⁵

564 4225 643 4312 Cap.
661 4229 711 4291 28.
745 4219 872 4291 Alter96
897 4227 976 4292 ordo
998 4249 1057 4313 per
1076 4229 1205 4313 singula
1229 4230 1409 4293 ministeria
1435 4229 1604 4314 discipulis
1622 4227 1832 4311 congruebat,
1853 4229 1907 4314 qui
1923 4230 2080 4312 magistro

457 4350 516 4393 suo
546 4330 666 4414 singuli
696 4330 912 4396 adhaerentes
940 4338 973 4396 et
1006 4331 1261 4396 honorificabant
1295 4339 1327 4397 et
1356 4332 1650 4396 honorificabantur
1677 4332 1823 4417 locisque
1854 4332 1972 4416 singuli
2002 4335 2080 4412 suis,

456 4439 552 4516 prout
585 4435 809 4519 opportunitas
840 4434 1045 4514 occurrebat,
1074 4442 1153 4500 uta
1185 4435 1315 4500 domino
1346 4435 1485 4500 videndo
1516 4436 1567 4498 vel
1596 4432 1790 4519 alloquendo
1826 4437 2081 4500 consolarentur.

456 4536 589 4600 Tertius
625 4536 703 4600 ordo
732 4537 810 4601 item
843 4545 912 4602 erat
939 4545 1005 4603 tam
1042 4540 1198 4602 maiorum
1238 4561 1333 4624 quam
1357 4541 1517 4602 minorum
1548 4539 1581 4601 in
1610 4539 1719 4623 pueris
1744 4538 1796 4601 vel
1820 4538 1968 4616 vasallis,
2001 4561 2081 4625 quos

456 4640 689 4725 unusquisque,
713 4647 808 4724 prout
830 4641 1014 4725 gubernare
1039 4649 1072 4705 et
1095 4649 1280 4707 sustentare
1305 4643 1428 4727 absque
1453 4649 1596 4728 peccato,
1619 4643 1732 4726 rapina
1748 4642 1900 4706 videlicet
1916 4643 1968 4707 vel
1984 4643 2081 4724 furto,
2108 4657 2135 4697 ⁴⁰

456 4750 599 4830 poterat,
634 4741 778 4806 studiose
809 4743 929 4810 habere
961 4745 1209 4832 procurabantl.
1259 4745 1298 4809 In
1329 4746 1463 4831 quibus,
1501 4746 1626 4808 scilicet
1657 4742 1873 4809 denominatis
1903 4746 2082 4828 ordinibus,

456 4846 582 4932 absque
602 4847 662 4923 his,
693 4847 745 4931 qui
770 4868 898 4932 semper
921 4848 1027 4914 eundo
1052 4857 1085 4914 ct
1108 4848 1273 4914 redeundo
1310 4849 1465 4936 palatium
1489 4849 1751 4933 frequentabant,
1780 4855 1852 4914 erat
1874 4850 2082 4931 delectabile,

456 4951 541 5038 quod
572 4950 735 5015 interdum
765 4957 797 5014 et
827 4953 1030 5032 necessitati,
1063 4954 1091 5017 si
1120 4961 1255 5039 repente
1290 4955 1472 5038 ingrueret,
1507 4973 1637 5037 semper
1670 4951 1874 5027 sufficerent;
1909 4959 1942 5018 et
1971 4960 2081 5020 tamen

457 5076 603 5143 semper,
631 5061 668 5119 ut
691 5055 812 5119 dictum
837 5062 901 5135 est,
934 5049 1036 5122 maior
1058 5079 1134 5143 pars
1158 5058 1265 5122 illium
1288 5064 1421 5143 propter
1451 5056 1601 5140 superius
1632 5062 1901 5122 commemoratas
1932 5058 2081 5143 benigni·

457 5169 541 5225 tates
567 5180 639 5224 cum
664 5158 867 5223 iucunditate
892 5168 925 5223 et
950 5160 1113 5224 hilaritate
1137 5169 1288 5245 prompta
1311 5167 1344 5224 et
1367 5158 1465 5222 alacri
1490 5159 1849 5244 mente-persisterent.
2108 5185 2135 5227 c

559 5315 595 5380 m)
615 5317 650 5368 aio
674 5317 758 5368 (ficiat
783 5317 898 5383 capitula
916 5317 1002 5378 Proca·
1024 5319 1052 5369 ia
1073 5319 1188 5369 aaaron
1210 5318 1382 5370 commoritur
1406 5317 1464 5368 edd.
1482 5317 1573 5368 verbm
1594 5333 1685 5368 seusus
1698 5354 1705 5366 .
1718 5354 1724 5367 .
1737 5357 1743 5369 .
1756 5319 1902 5370 honestates
1927 5333 1983 5367 eum
2005 5336 2025 5369 c.
2039 5317 2082 5370 24.

455 5407 590 5459 coniuncta
607 5413 673 5456 suat.
778 5401 806 5467 n)
829 5404 865 5455 sic
883 5422 950 5455 corr.
969 5404 1053 5466 Proo5
1077 5407 1190 5473 placaret
1207 5405 1270 5455 Bas.
1375 5403 1402 5468 ο)
1421 5404 1548 5456 serviendi
1571 5403 1676 5455 conkoit
1696 5403 1768 5467 Bua,
1790 5421 1856 5455 corr.
1882 5405 1974 5471 Sirm„
2002 5405 2082 5458 Proa.

454 5493 481 5560 p)
500 5493 538 5543 ito
555 5491 634 5556 aaa
652 5492 808 5558 procurabat
825 5509 892 5542 corr.
911 5491 992 5543 Pron.
1075 5489 1101 5558 q)
1120 5510 1167 5543 sc:
1186 5492 1356 5544 multitudinis
1374 5491 1414 5542 ccl
1431 5491 1539 5553 ordinis;
1559 5490 1661 5540 illomm
1679 5491 1810 5543 emadan.
1829 5492 1909 5544 Pron.

558 5629 602 5694 95)
623 5625 676 5692 Osr.
694 5625 784 5679 War'tr
802 5626 818 5680 l.
832 5641 852 5678 c.
872 5625 925 5679 111
929 5631 948 5692 ²,
963 5643 992 5695 p.
1006 5629 1064 5682 545.
1144 5628 1189 5697 96)
1210 5627 1265 5693 Otr.
1285 5645 1306 5681 c.
1320 5629 1368 5686 33,·
1384 5626 1474 5680 Waltz
1492 5626 1508 5679 l.
1519 5641 1539 5679 c.
1560 5624 1637 5692 ΠΡ,
1651 5643 1680 5693 p.
1693 5625 1787 5694 fil‘laq.
1867 5627 1911 5690 fil)
1932 5625 1989 5692 Gsr.
2002 5642 2023 5682 c.
2034 5627 2084 5694 22,-

462 5729 550 5784 Woita
567 5729 584 5784 l.
602 5744 623 5781 c.
643 5728 716 5792 111²,
730 5728 841 5796 p.'5ll;
859 5729 989 5782 Βνιιιιηον
1007 5729 1024 5783 l.
1044 5746 1064 5783 c.
1085 5731 1124 5797 II,
1138 5747 1169 5802 p.
1180 5733 1238 5785 101.
1327 5733 1371 5798 98)
1392 5729 1447 5796 Usr.
1462 5729 1552 5783 Was'tr
1569 5731 1586 5784 l.
1605 5745 1625 5782 c.
1646 5730 1718 5797 111¹,
1733 5749 1763 5800 p.
1776 5731 1872 5800 sassa.
2111 5745 2137 5783 so
