4568 6434
353 439 618 495 ADDITAMENTA
638 442 687 496 AD
704 442 952 499 CAPITULARIA
971 444 1098 499 REGUM
1118 444 1300 499 FRJANCIAE
1319 443 1549 500 ORIENTALIS.
1570 473 1602 484 ·-
1620 442 1668 498 Νι.
1681 443 1741 499 252.
1791 447 1852 510 223

232 635 328 702 quam
352 620 562 703 proiciantur,
586 611 676 682 scd¹¹
703 617 889 704 pavimento
912 618 1054 706 desuper
1077 620 1162 683 facto
1185 620 1274 683 nullo
1298 619 1496 683 tumulorum
1514 619 1649 702 vestigio
1673 627 1852 703 apparente
1871 627 1929 680 895.

233 722 395 786 ecclcsiae
419 723 603 787 reverentia
627 729 847 786 conservetur.
899 723 964 788 Ubi
987 745 1065 787 vero
1091 715 1190 787 Ῑιοο12
1212 745 1293 810 prae
1320 722 1526 788 multitudine
1550 723 1743 788 cadaverum
1767 722 1851 786 dilli-

232 825 292 889 cile
316 827 358 890 sit
381 818 534 900 facereffl,
566 826 656 892 locus
680 826 735 891 illc
759 828 963 912 cymiterium
988 833 1021 892 et
1044 827 1262 913 poliandrium
1286 828 1446 892 habeatur
1469 827 1579 892 ablato
1603 827 1677 891 inde
1701 826 1795 890 altari
1821 833 1853 890 et

233 928 438 1007 constitutc⁰,
462 928 517 993 ubi
541 928 693 1013 religiose
719 929 910 994 sacrificium
935 929 1006 995 Deo
1024 931 1133 996 valeat
1155 929 1309 995 offerril'.
1356 929 1480 996 Beatus
1497 930 1675 1016 Gregorius
1699 932 1730 994 in
1756 931 1852 994 mira-

200 1030 311 1095 scutis
334 1038 462 1117 patrum
488 1033 642 1097 memoria
665 1033 797 1117 dignum
830 1041 862 1098 et
893 1034 968 1099 huic
999 1036 1046 1100 rei
1077 1056 1257 1119 congruum
1289 1037 1390 1100 refert
1414 1037 1604 1100 miraculum
1629 1036 1661 1099 in
1685 1033 1853 1099 Ganuensi

231 1135 310 1199 urbe
334 1137 518 1220 contigisse.
565 1128 663 1200 ‘Ibi'¹3
688 1158 827 1223 namque
843 1136 973 1223 quidam
989 1137 1162 1203 Valentius
1185 1141 1314 1204 nomine
1331 1139 1587 1204 Mediolanensis
1611 1139 1771 1203 eeclesiae
1795 1136 1849 1200 de·

231 1239 340 1304 lenscr
372 1239 546 1305 defunctus
578 1248 644 1314 cst,
683 1242 774 1305 cuius
806 1263 924 1327 corpus
956 1242 988 1307 in
1015 1243 1156 1308 ecclesia
1187 1243 1275 1308 beati
1308 1243 1459 1328 martyris
1492 1241 1564 1329 Syri
1596 1243 1758 1328 sepultum
1792 1249 1851 1304 est.

230 1342 334 1406 Nocte
358 1348 467 1407 autem
493 1343 600 1408 media
624 1344 654 1407 in
680 1342 794 1408 eadem
820 1346 959 1410 ecclesia
982 1345 1089 1410 factae
1114 1353 1189 1411 sunt
1213 1367 1328 1425 voces,
1359 1368 1397 1410 ac
1422 1347 1448 1410 si
1473 1348 1545 1431 quis
1569 1345 1728 1410 violenter
1751 1365 1790 1409 cx
1814 1367 1853 1407 ee

231 1446 445 1532 repelleretur
476 1454 574 1532 atque
605 1448 786 1512 traheretur
816 1448 912 1513 foras.
966 1449 1017 1513 Ad
1051 1471 1131 1536 quas
1162 1451 1314 1515 nimirum
1343 1471 1441 1514 voces
1465 1457 1678 1515 cucurrerunt
1701 1446 1853 1512 custodes

188 1571 213 1608 ιο
232 1558 265 1614 et
280 1549 430 1614 viderunt
448 1549 530 1615 duos
546 1551 703 1636 quosdam
721 1551 902 1616 teterrimos
921 1553 1062 1638 spiritus,
1087 1555 1142 1638 qui
1164 1553 1310 1618 eiusdem
1327 1553 1470 1618 Valentii
1495 1553 1594 1640 pedes
1619 1573 1690 1616 cum
1714 1551 1854 1634 ligatura

232 1655 493 1719 constrinxerant
515 1661 548 1718 ct
570 1665 661 1720 ιιιιιιιθ
684 1655 725 1719 ab
757 1655 899 1720 ecclesia
926 1656 1121 1721 clamantem
1150 1656 1205 1722 acr
1234 1657 1385 1722 nimiums
1414 1657 1647 1722 vociferantem
1677 1657 1764 1719 l'oras
1787 1662 1852 1716 tra-

231 1757 363 1824 hebant.
419 1757 482 1830 Qui
511 1757 667 1823 videlieet
702 1759 871 1835 exterriti,
907 1757 946 1822 ad
980 1780 1040 1823 sua
1072 1765 1173 1824 strata
1209 1761 1333 1825 reversi
1362 1768 1445 1825 sunt.
1504 1759 1602 1824 Mane
1630 1765 1739 1822 autem
1770 1757 1855 1820 lacto

231 1863 416 1948 aperientes
442 1863 636 1949 sepulcrum,
659 1861 714 1926 ubi
740 1861 823 1924 idenr
841 1861 1014 1926 Valentius
1038 1863 1164 1948 positus
1185 1864 1302 1940 lucrat,
1327 1865 1397 1929 eins
1421 1884 1538 1949 eorpus
1562 1884 1626 1926 non
1650 1862 1853 1925 invenerunt.

231 1965 378 2050 Cumque
403 1972 497 2029 extra
520 1966 690 2030 ecclesiam
715 1973 900 2051 quererent,
924 1967 981 2030 nbi
998 1966 1178 2052 proiectum
1203 1975 1303 2040 esset,
1326 1968 1519 2032 invenerunt
1542 1966 1603 2031 hoc
1626 1967 1657 2030 in
1682 1964 1854 2050 sepulchro

187 2091 212 2131 ιι
231 2068 294 2132 alio
324 2069 464 2154 positum
494 2070 603 2154 ligatis
631 2068 737 2134 adhuc
766 2068 917 2154 pedibus,
955 2071 1038 2135 sieut
1065 2069 1106 2134 de
1134 2070 1274 2135 ccclesia
1303 2072 1410 2136 fuerat
1437 2070 1612 2135 abiectum.
1656 2068 1709 2132 Ex
1732 2090 1796 2155 qus
1818 2089 1852 2131 re

230 2172 448 2258 colligendum
474 2181 534 2250 est,
559 2173 635 2258 quia
657 2172 701 2248 hi,
725 2193 806 2257 quos
830 2180 966 2258 peccata
988 2175 1102 2258 gravia
1125 2173 1319 2260 deprimunt,
1349 2177 1375 2240 si
1399 2177 1429 2239 in
1454 2196 1545 2239 saera
1570 2176 1638 2238 loco
1663 2173 1794 2258 sepeliri
1818 2195 1853 2236 se

229 2279 368 2356 faciunt,
401 2282 518 2357 restat,
549 2283 585 2340 nt
608 2277 706 2342 etiam
736 2275 861 2342 desua
891 2279 1153 2364 praesumptione
1177 2278 1375 2355 iudicentur,
1407 2280 1559 2365 quatinus
1583 2299 1641 2342 ecs
1665 2299 1758 2341 sacra
1782 2276 1854 2339 loca

230 2402 293 2446 non
319 2381 474 2459 liberent,
504 2381 562 2446 scd
590 2381 689 2445 etiam
721 2380 817 2465 culpa
846 2381 1040 2445 temeritatis
1069 2379 1222 2446 accuset'.
1273 2381 1357 2456 Quid
1382 2383 1481 2466 igitur
1504 2403 1598 2445 sacra
1622 2382 1694 2444 loce
1716 2378 1853 2464 sepultis

229 2493 381 2571 prosunt,
415 2485 545 2571 quando
573 2485 620 2564 hi,
653 2484 707 2569 qui
736 2483 859 2569 indigni
891 2491 981 2563 sunt,
1011 2485 1052 2550 ab
1076 2483 1200 2550 eisdem
1224 2485 1326 2550 sacris
1350 2485 1432 2550 locis
1455 2485 1610 2564 divinitus
1634 2484 1853 2570 proiciuntur?

186 2608 211 2648 aa
230 2589 351 2654 Sancta
374 2589 517 2675 synodus
541 2588 638 2652 dixit:
662 2586 748 2651 Mira
772 2609 824 2652 res
848 2593 881 2650 et
904 2586 1013 2652 multis
1034 2589 1287 2672 expavescenda
1310 2589 1449 2674 ideoque
1473 2609 1531 2673 per
1546 2588 1656 2652 lutura
1670 2595 1853 2671 temporum

229 2693 391 2760 curricula
412 2693 454 2757 ab
479 2691 629 2756 omnibns
653 2688 868 2754 observanda.

336 2819 493 2908 Capru.
536 2820 594 2884 Dc
611 2820 798 2898 vasculis,
822 2818 962 2904 quibus
984 2820 1170 2904 mysteria
1193 2842 1303 2886 sacra
1319 2822 1592 2886 coniiciuntur.
1626 2811 1854 2898 Vma'⁴,quibus

230 2931 441 2990 sacrosancta
463 2925 677 2989 coniiciuntur
700 2924 869 3008 mysteria,
898 2933 1000 2988 calices
1023 2936 1089 2987 sunt
1111 2937 1141 2988 et
1162 2937 1291 3004 palense
1345 2925 1396 2989 lle
1419 2924 1538 3009 quibus
1563 2933 1723 2988 Bonifacius
1747 2936 1855 3001 martyr

230 3027 260 3078 cb
282 3021 431 3093 episcopus
454 3022 654 3092 interrogatus,
679 3019 702 3075 si
725 3021 823 3076 liceret
845 3019 875 3073 in
891 3019 1011 3074 vasculis
1034 3019 1135 3090 ligneis
1159 3023 1335 3076 sacramenta
1355 3021 1498 3086 conficere,
1521 3021 1680 3090 respondit:
1709 3020 1855 3085 Quondam

185 3129 210 3168 aa
230 3110 390 3165 sacerdotes
412 3109 491 3164 aurei
506 3107 608 3180 ligneis
631 3107 765 3162 calicibus
788 3106 949 3171 utebantur,
973 3124 1046 3160 nuuc
1062 3109 1178 3160 econtra
1192 3107 1280 3178 lignei
1296 3108 1455 3162 sacerdotes
1470 3108 1562 3162 aureis
1579 3111 1697 3162 utuntur
1713 3106 1854 3162 calicibus.

230 3179 436 3266 zepherinus¹5
458 3196 530 3250 XVI.
553 3195 695 3250 Romanus
724 3185 896 3269 episcopus
919 3192 1030 3263 patenis
1055 3193 1151 3248 vitreis
1174 3194 1272 3248 missas
1296 3193 1431 3249 celebrari
1454 3193 1611 3250 constituit.
1661 3193 1731 3248 'lum
1754 3193 1854 3248 deinde

229 3283 359 3338 Urbanus
381 3281 481 3337 XVlll.
504 3300 580 3352 papa
602 3281 696 3336 omnia
719 3279 876 3335 ministeria
890 3281 1003 3358 sacrata
1022 3279 1090 3334 lecit
1105 3284 1248 3350 argentea.
1294 3281 1326 3334 ln
1349 3281 1402 3335 hoc
1425 3281 1512 3347 enim,
1536 3281 1609 3335 sicut
1631 3285 1659 3334 et
1682 3281 1712 3335 in
1738 3280 1854 3349 reliquis

230 3369 352 3425 cultibus
375 3369 468 3440 magis
492 3371 521 3424 et
544 3367 634 3438 magis
654 3385 706 3437 per
727 3367 901 3423 incrementa
923 3369 1082 3436 temporum
1105 3367 1189 3422 decue
1212 3367 1351 3423 succrevit
1373 3368 1580 3423 eeclesiarum.
1625 3358 1753 3422 Nostris
1769 3359 1853 3421 enlm

230 3463 362 3545 diebus,
393 3465 447 3549 qui
479 3463 564 3528 servi
595 3462 840 3548 patrisfamilias
869 3483 996 3542 sumus,
1027 3483 1068 3526 ne
1099 3461 1199 3528 decus
1230 3463 1343 3528 matris
1367 3464 1526 3528 ccclesiae
1549 3463 1764 3542 inminuatnr,
1796 3462 1854 3526 sed

186 3593 212 3632 sc
230 3569 335 3654 magis
353 3568 537 3632 cumuletur
553 3574 586 3632 et
601 3567 826 3652 amplificetur,
851 3567 1036 3646 statuimus,
1060 3573 1095 3630 ut
1117 3567 1272 3653 deinceps
1289 3567 1398 3631 nullus
1415 3567 1568 3633 sacerdos
1586 3589 1714 3632 sacrum
1732 3575 1852 3652 myste-

228 3673 311 3736 rium
336 3670 479 3758 corporis
506 3679 540 3734 et
567 3670 736 3754 sanguinis
760 3669 835 3735 Iesu
859 3667 979 3734 Christi
1011 3668 1131 3734 domini
1162 3671 1265 3734 nostri
1294 3672 1326 3734 in
1354 3671 1471 3756 ligneis
1493 3671 1636 3736 vasculis
1665 3671 1730 3735 ullo
1758 3669 1854 3735 modo

227 3777 387 3842 conficere
404 3781 604 3862 praesumat,
629 3795 681 3854 ne,
705 3775 791 3840 unde
814 3775 938 3860 placari
960 3772 1069 3854 debet,
1093 3774 1251 3839 irascatur
1273 3774 1375 3840 Deus.

337 3906 428 3992 Cap.
445 3907 493 3970 19.
531 3903 586 3970 Ne
610 3903 1015 3969 incaliceautviuum
1411 3903 1514 3988 (rsa.)

230 4011 357 4075 solum
381 4015 447 4073 aut
471 4028 569 4094 aqua
591 4009 673 4072 sola
689 4009 897 4074 offeratur.
937 4006 1014 4072 Ale·
1113 3999 1194 4071 Ut¹⁰
1209 4007 1361 4072 mundam
1379 4029 1496 4094 aquam
1513 4009 1545 4073 in
1562 4009 1694 4073 vasculo
1709 4008 1853 4074 habeant

186 4142 210 4182 c
229 4113 355 4178 xander
385 4133 556 4177 successor
585 4111 728 4177 Euaristi
759 4111 854 4177 dixit:
890 4103 1012 4175 ‘norff
1067 4111 1186 4175 missas
1209 4119 1345 4196 agentes
1370 4119 1403 4176 et
1428 4113 1502 4177 vino
1525 4114 1753 4199 permisceant.

229 4218 328 4283 debet
350 4218 453 4298 eninr,
482 4223 519 4280 ut
547 4238 566 4280 a
596 4215 742 4302 patribus
771 4215 956 4301 accepimus
980 4222 1013 4280 et

228 4322 300 4409 ipsa
335 4321 416 4385 ratio
452 4320 565 4400 docet,
600 4320 632 4384 in
668 4320 768 4384 calice
797 4318 927 4384 Domini
956 4327 1012 4385 aut

229 4425 338 4489 vinum
363 4425 467 4489 solum
492 4432 547 4488 aut
569 4445 655 4509 aqna
677 4423 747 4489 sola
767 4423 888 4502 offerri,
914 4423 971 4488 sed
988 4433 1161 4510 utrumque
1179 4425 1386 4510 permixtum,
1409 4426 1673 4510 quiautrumque
1691 4425 1850 4490 exlatere

230 4529 300 4594 eins
331 4527 505 4613 profluxit’,
536 4535 572 4592 nt
600 4526 755 4592 videlicet
780 4547 840 4613 per
870 4526 932 4591 hoc
958 4526 1136 4592 indicetur⁵
1161 4527 1314 4614 populos,
1346 4529 1399 4613 qui
1430 4529 1607 4592 secundum
1635 4528 1813 4594 Iohannem
1824 4521 1851 4567 ¹⁸

186 4651 333 4717 maqnae
362 4638 451 4711 sunt,
480 4631 668 4710 aChristc,
697 4630 789 4694 cuius
819 4629 952 4714 sanguis
980 4630 1012 4694 in
1042 4630 1143 4694 calice
1175 4637 1237 4709 est,
1267 4630 1365 4694 dividi
1396 4653 1459 4696 non
1487 4632 1621 4697 debere.
1673 4631 1774 4696 Cuius
1804 4633 1850 4696 rei

229 4737 400 4801 veritatem
427 4736 460 4798 in
484 4735 544 4799 hac
569 4742 684 4799 sancta
707 4733 831 4820 synodo
856 4734 1063 4815 confitemur,
1097 4734 1259 4800 oredimus
1283 4740 1316 4800 et
1340 4737 1583 4818 confirmamus,
1607 4759 1647 4802 ne
1672 4737 1756 4801 ullus
1781 4737 1850 4801 sine

229 4839 457 4910 commixtione
481 4840 546 4903 vini
575 4847 609 4904 et
639 4859 743 4923 aquae
774 4838 930 4923 mysteria
959 4860 1052 4902 sacra
1084 4839 1249 4918 conficiat,
1274 4837 1332 4904 sed
1362 4847 1399 4904 ut
1428 4839 1511 4906 duas
1539 4849 1648 4926 partes
1677 4841 1742 4905 sint
1771 4841 1850 4920 vini,

332 5030 372 5086 l‘l.
408 5032 434 5097 c)
452 5048 500 5081 om.
518 5031 554 5081 id.
642 5029 668 5094 d)
687 5031 859 5082 constituatur
876 5047 935 5081 cum
954 5032 1048 5082 honore
1067 5031 1129 5082 odd.
1146 5032 1181 5082 id.
1188 5069 1196 5095 ,
1213 5048 1260 5082 orn.
1279 5033 1335 5084 retr.
1424 5033 1449 5098 e)
1466 5050 1522 5085 sam
1539 5033 1564 5086 5.
1658 5033 1807 5096 nanimam
1825 5031 1850 5084 5.

332 5117 373 5170 19.
408 5118 434 5183 a)
452 5117 546 5169 indicet
563 5116 588 5169 5.

185 5319 211 5358 μ
334 5291 377 5356 11)
399 5286 514 5352 tumuli,
545 5285 594 5355 qui
621 5289 773 5356 apparent,
806 5286 970 5357 profundius
994 5287 1025 5341 in
1047 5291 1149 5342 terram
1174 5289 1326 5343 mittantur
1350 5291 1378 5343 et
1403 5287 1466 5343 aad.
1490 5288 1526 5343 id.
1634 5289 1676 5358 12)
1700 5291 1782 5344 tanta
1808 5292 1851 5343 est

230 5391 382 5448 multitudo
403 5390 583 5454 cadaverum,
609 5392 642 5443 ut
662 5389 715 5444 hoc
735 5390 825 5444 facere
848 5391 961 5446 difficile
980 5391 1017 5446 sit
1037 5392 1074 5447 id.
1167 5392 1209 5460 13)
1229 5391 1349 5460 Groyomi
1361 5393 1470 5463 Diolop.
1487 5393 1530 5446 lib.
1545 5393 1598 5461 IV,
1614 5409 1635 5446 c.
1648 5393 1689 5460 53,
1710 5393 1796 5462 Opera
1808 5394 1850 5462 II,

229 5496 274 5550 σοι
292 5497 351 5551 461.
460 5495 502 5558 14)
528 5493 692 5560 Walabsrr'di
716 5493 783 5548 leber
806 5493 837 5548 dc
858 5494 937 5550 rebus
959 5495 1097 5550 camba
1120 5512 1141 5550 c.
1159 5496 1206 5562 25,
1234 5495 1310 5562 iufra
1327 5496 1359 5550 ia
1376 5497 1445 5566 App.
1465 5496 1524 5552 edit.
1631 5499 1673 5562 ¹5)
1691 5498 1851 5566 Eaeemplum

229 5599 372 5670 erberini
390 5604 414 5653 et
440 5597 543 5653 Urbani
565 5615 608 5668 ap.
629 5598 829 5665 Walolvfn'dum
852 5605 914 5654 orrtc
936 5599 1007 5654 diota
1031 5599 1172 5668 Bonisocii
1195 5600 1309 5668 pontum
1334 5606 1380 5654 ast.
1490 5603 1531 5669 16)
1553 5600 1678 5656 Fortasse
1700 5603 1746 5657 lvoc
1769 5609 1851 5674 caput

232 5704 301 5760 nihil
319 5709 354 5758 est
373 5703 427 5757 nisi
443 5701 549 5757 mhmea
566 5701 610 5756 ad.
627 5719 648 5758 c.
669 5704 708 5757 19.
806 5705 848 5770 17)
868 5701 1151 5758 Pseudostomon
1167 5719 1188 5758 c.
1207 5703 1232 5770 9,
1250 5704 1266 5756 l.
1284 5720 1304 5758 c.
1319 5721 1349 5773 p.
1367 5706 1409 5759 99.
1497 5706 1541 5774 18)
1559 5706 1641 5773 Apoc.
1662 5707 1702 5772 17,
1712 5709 1752 5761 15.
