4568 6420
609 473 705 544 ACTA
725 471 772 526 DE
790 471 1038 526 uuuuussuaoa
1056 472 1196 528 REGINA
1215 469 1348 526 EMISSA
1366 501 1399 510 -
1418 471 1467 526 Nr.
1480 471 1540 526 307.
1834 479 1897 542 469

259 645 292 706 in
317 645 477 723 omuibus,
503 647 587 709 sicut
610 645 705 710 decet
727 666 838 730 regern
854 645 977 710 habere
995 646 1140 730 reginam
1155 667 1303 711 uxorem.
1348 647 1392 730 Et
1414 654 1548 733 propter
1570 649 1635 712 ianr
1658 648 1743 712 latas
1767 649 1894 714 dissen—
1913 656 1973 710 865.

261 748 370 812 siones
398 769 505 832 neque
535 749 569 812 in
600 750 668 813 vita
696 769 803 833 neque
831 750 863 812 in
894 749 1049 812 membris
1079 769 1187 833 neque
1219 771 1238 813 a
1267 750 1435 835 praedicto
1466 751 1594 816 seniore
1621 773 1694 815 meo
1722 751 1897 816 Hlothario

262 871 368 935 neque
394 872 414 914 a
437 851 525 915 nullo
542 851 719 931 hominum,
742 853 812 938 ipso
828 851 1005 936 instigante
1029 859 1085 914 aut
1107 852 1287 917 auxiliante
1309 855 1361 917 vel
1384 855 1483 918 etiarn
1506 855 1743 934 consentiente,
1767 855 1899 941 aliquod

261 953 381 1017 malum
404 953 553 1030 habebit;
582 955 737 1019 sedeam
764 955 809 1018 sic
838 953 987 1032 habebit,
1018 953 1102 1017 sicut
1131 976 1242 1039 regem
1272 955 1366 1020 decet
1394 956 1515 1022 habere
1539 977 1676 1022 uxorem
1699 958 1896 1043 legitimam3

230 1071 301 1119 tea
325 1063 434 1120 tamen
457 1059 600 1137 ratione,
623 1065 659 1121 ut
683 1059 729 1122 sic
754 1079 788 1122 sc
812 1057 927 1120 amodo
952 1055 1129 1136 custodiat,
1156 1059 1241 1122 sicut
1264 1057 1361 1123 decet
1383 1079 1521 1123 uxorem
1546 1080 1604 1124 suo
1629 1062 1749 1125 seniori
1772 1063 1804 1125 in
1827 1082 1897 1125 om-

260 1158 357 1222 nibus
383 1159 558 1225 observare
584 1159 762 1225 honorem)

370 1262 465 1327 Haec
489 1263 565 1328 sunt
588 1266 720 1328 nomina
743 1285 865 1342 eorum,
894 1263 948 1348 qui
971 1263 1033 1326 hoc
1057 1263 1260 1328 iuraverunt:
1298 1263 1348 1329 De
1374 1264 1560 1329 comitibus:
1594 1264 1684 1344 Milo,
1708 1265 1896 1348 Ratharius,

261 1365 468 1446 Hcrlandus‚
500 1368 734 1448 Theutmarus,
758 1367 1030 1446 Weremboldus,
1057 1367 1212 1432 Rocolfus
1236 1389 1362 1444 comem
1394 1368 1434 1432 de
1457 1369 1629 1433 militibus:
1663 1367 1895 1450 Herleboldus,

262 1468 442 1547 Vullridus,
467 1470 654 1550 Heidulsus,
678 1471 909 1550 Bertmundus,
931 1472 1121 1551 Nithardus,
1145 1473 1318 1538 Arnostus.

218 1593 243 1631 ro
370 1573 442 1637 Hoc
472 1575 612 1638 iuratum
644 1581 693 1638 est
727 1595 826 1661 super
859 1584 998 1659 quatuor
1030 1575 1095 1639 Dei
1129 1577 1301 1660 evangelia
1337 1583 1433 1660 atque
1468 1575 1737 1660 pretiosissimum
1769 1577 1896 1662 lignum

263 1684 396 1740 sanctae
421 1677 604 1742 dominicas
623 1679 728 1742 crucis
753 1685 786 1742 et
808 1679 890 1742 alias
907 1687 1093 1742 sanctorum
1109 1678 1265 1764 reliquias
1290 1681 1323 1742 in
1345 1681 1429 1758 loco,
1453 1679 1507 1763 qui
1530 1679 1648 1742 dicitur
1665 1672 1894 1761 Vindonissa1,

262 1779 315 1842 die
345 1781 441 1844 tertia
468 1783 590 1844 mensis
619 1783 779 1865 Augusti,
812 1781 989 1845 indictione
1013 1781 1105 1846 XIV.
1162 1782 1236 1846 Hoc
1262 1783 1460 1846 factumest
1488 1783 1690 1868 temporibus
1715 1783 1824 1846 domni
1846 1789 1896 1846 ter

260 1881 443 1946 beatissimi
459 1890 492 1948 et
508 1885 689 1968 coangelici
704 1883 735 1946 N
738 1885 832 1948 icolai
848 1885 1031 1968 apostolici,
1058 1883 1254 1970 [mediante·
1271 1891 1304 1949 et
1320 1887 1540 1951 constituente
1558 1885 1698 1950 Arscnio
1714 1884 1896 1950 venerabili

263 1977 450 2072 episeop02,
479 1987 577 2050 misso
607 1995 640 2052 et
674 1989 884 2074 apocrisiario
919 2009 1064 2053 summae
1089 1995 1221 2053 sanctae
1247 1988 1549 2074 catholicaeatque
1574 1989 1894 2074 apostolicaesedis,

219 2110 243 2148 a
262 2091 478 2175 apostolicam
502 2090 645 2156 habente
669 2092 896 2155 auctoritatem
923 2099 956 2155 et
978 2092 1088 2174 legato
1113 2091 1261 2156 eiusdem
1285 2091 1394 2155 domni
1419 2091 1550 2156 Nicolai
1574 2089 1788 2178 apostolici⁸.]

369 2191 511 2258 Nomina
546 2197 793 2280 episcoporum,
826 2197 859 2259 in
889 2216 1026 2280 quorum
1056 2196 1243 2281 praesentia
1275 2203 1308 2259 et
1341 2196 1396 2280 qui
1425 2195 1658 2274 interfuerunt,
1693 2194 1775 2259 haec
1804 2201 1894 2258 sunt:

262 2295 452 2360 Harduinus
477 2298 742 2384 archiepiscopus
758 2289 1049 2376 Besintionensis3,
1074 2298 1251 2363 Remedius
1276 2299 1538 2383 archiepiscopus
1555 2298 1796 2379 Laudunensis,
1819 2299 1893 2363 Ado

263 2400 528 2486 archiepiscopus
556 2393 783 2480 Biennensisi,
816 2402 1005 2466 Rodlandus
1042 2403 1309 2488 archiepiscopus
1346 2401 1566 2478 Arelatensis,
1605 2401 1787 2466 Adsentius
1823 2403 1893 2488 epi·

263 2524 379 2588 scopus
404 2503 591 2584 bibliensis,
615 2506 694 2569 Atto
718 2505 891 2590 episcopus
915 2497 1167 2584 aasumensi,
1191 2505 1319 2569 Franco
1345 2505 1520 2590 episcopus
1544 2504 1655 2568 Sancti
1676 2496 1892 2584 Landbertiss,

219 2626 244 2664 so
262 2605 446 2670 Rathaldus
470 2610 644 2694 episcopus
670 2609 955 2692 stratiburgensis,
979 2608 1174 2673 Fulkericus
1198 2607 1387 2694 capellanus
1412 2614 1445 2671 et
1469 2607 1588 2671 missus
1604 2607 1793 2692 imperialis.
1839 2607 1889 2672 De

262 2731 363 2794 regno
388 2717 498 2774 autern
522 2709 636 2774 Karoli
660 2710 791 2776 Ysahao
823 2713 994 2798 episcopus
1017 2711 1261 2795 Linguinensis,
1291 2710 1504 2774 Herkanraus
1537 2711 1712 2795 episcopus
1738 2709 1891 2775 Catalau-

261 2813 387 2890 nensis,
425 2811 466 2876 de
500 2833 635 2896 quorum
669 2813 817 2878 manibus
853 2821 1009 2898 exparte
1032 2812 1147 2878 Karoli
1178 2816 1265 2898 regis
1289 2819 1443 2899 suscepta
1465 2820 1515 2877 est
1537 2812 1756 2896 Theodberga
1779 2814 1892 2897 regina

263 2916 303 2981 ab
328 2916 468 2979 Arsenio
493 2917 674 2980 venerabili
699 2918 852 3002 episcopo
886 2925 919 2982 et
947 2917 1057 3003 legato
1087 2919 1287 3002 apostolicae
1318 2916 1405 2982 sedis
1439 2938 1505 2981 una
1537 2938 1610 2981 cum
1637 2916 1891 3002 praenominatis

264 3020 518 3104 archiepiscopis
543 3027 576 3083 et
592 3021 771 3106 episcopis;
796 3021 1001 3085 adstantibus
1017 3040 1095 3084 vcro
1117 3021 1150 3084 in
1177 3021 1292 3085 eodem
1310 3020 1381 3084 loco
1397 3019 1437 3084 de
1454 3019 1591 3084 diversis
1608 3020 1717 3104 regnis
1734 3019 1893 3083 nobilium

219 3143 243 3184 rs
263 3123 405 3186 virorum
427 3123 667 3187 multitudinem
691 3125 802 3209 populi
823 3123 954 3210 puplice
985 3125 1068 3188 haec
1091 3124 1279 3189 videntibus
1304 3129 1338 3189 et
1360 3123 1577 3203 audientibus,
1602 3145 1739 3209 quorum
1762 3125 1894 3187 nomina

262 3247 322 3311 per
346 3226 454 3289 omnia
477 3247 542 3289 non
566 3227 729 3291 valuimus
752 3227 828 3291 huic
852 3227 972 3293 inferre
997 3229 1146 3313 paginae.

329 3441 334 3450 ·
366 3413 393 3481 a)
414 3416 467 3479 Ufr.
487 3415 567 3466 Wcitz
586 3417 603 3468 l.
617 3435 637 3468 c.
653 3435 681 3482 p.
696 3414 736 3480 Π,
755 3426 806 3469 not.
819 3435 840 3469 c.

368 3587 394 3654 1)
415 3583 568 3640 Veadrcsac.
663 3589 690 3652 2)
711 3585 824 3640 omna.
925 3591 951 3653 3)
969 3587 1009 3641 cel
1025 3585 1246 3640 Vesontioacnsis.
1340 3585 1602 3654 neumanensis.
1698 3587 1725 3650 5)
1743 3587 1781 3640 ccl
1798 3585 1894 3640 Virdo·

263 3691 362 3744 ricmis.
449 3690 476 3758 6)
495 3690 655 3746 Mansa.

368 5831 403 5867 u..
424 5830 590 5868 edelwinum
610 5831 635 5868 ll.
