4568 6420
684 456 901 512 HINOMARUS
919 457 967 511 DE
987 457 1125 512 ORDINE
1145 457 1293 512 PALATII
1312 476 1336 512 c.
1347 459 1444 512 9-11.
1811 464 1869 524 521

246 625 339 688 litate
369 626 506 710 provehi
529 626 644 708 debet,
675 629 764 713 quia,
798 629 882 692 sicut
905 629 1066 695 Dominus
1095 631 1127 694 iu
1160 630 1331 714 evangelio
1356 629 1443 710 dicit,
1474 621 1576 716 ‘qui38
1599 652 1663 695 uon
1695 631 1794 695 intrat
1816 654 1875 719 per

246 731 364 793 ostium
401 730 434 794 in
463 732 549 796 ovile
583 733 707 812 ovium,
742 733 800 798 sed
829 733 978 797 ascendit
1006 734 1153 814 aliunde,
1187 733 1242 798 ille
1272 733 1324 797 lur
1354 739 1404 797 est
1433 738 1468 797 et
1497 733 1609 810 latro';
1641 735 1873 800 ecclesiasticis

247 833 368 916 regulis
392 835 464 899 siue
489 834 679 900 difficultate
703 836 895 900 omnimodis
919 837 1020 902 debet
1042 837 1165 916 lavere,
1189 838 1215 900 si
1239 858 1303 901 non
1326 837 1397 899 vult
1421 857 1535 922 regem
1560 858 1674 923 regum
1698 839 1873 906 offendere.

246 935 289 999 Et
312 937 398 1000 siout
420 939 564 1024 episcopi
592 961 629 1003 ac
652 961 710 1003 rex
734 939 902 1024 providere
925 939 1060 1021 debent,
1089 949 1125 1004 ιιι
1147 941 1269 1005 nullius
1294 940 1341 1004 rei
1371 941 1492 1004 intuitu
1523 941 1666 1025 eligatur
1689 941 1872 1027 episcopus,

195 1062 206 1100 ι
246 1041 309 1104 nisi
324 1041 387 1106 Dei
404 1043 515 1122 solius,
539 1041 638 1107 idest
659 1064 725 1107 uon
741 1065 799 1129 pro
817 1044 926 1127 aliquo
950 1065 1085 1108 munere
1101 1043 1239 1108 dationis
1264 1065 1326 1107 nec
1349 1043 1534 1128 proaliquo
1552 1043 1709 1129 obsequio
1731 1044 1872 1108 humano

245 1143 298 1208 vel
321 1146 564 1231 propinquitate
581 1146 875 1230 consanguinitatis
899 1167 958 1210 scu
981 1147 1126 1211 amicitia
1147 1148 1199 1211 vel
1216 1146 1350 1210 servitio
1374 1147 1547 1231 temporali
1573 1153 1630 1211 aut
1647 1147 1757 1232 aliqua
1779 1167 1872 1211 occa-

245 1249 351 1329 sione,
383 1269 466 1334 quae
498 1251 657 1314 contraria
690 1270 764 1314 esse
794 1251 901 1334 possit
923 1251 1051 1314 veritati
1080 1255 1136 1314 aut
1159 1249 1287 1314 divinae
1311 1251 1515 1332 auctoritati,
1550 1252 1595 1314 ita
1626 1273 1685 1316 rex
1709 1251 1872 1316 custodire

244 1349 358 1431 debet,
388 1353 472 1417 sicut
502 1360 634 1417 sanctus
658 1352 864 1438 Augustinus
893 1344 1143 1434 demonstrat³⁹,
1173 1344 1252 1418 ne⁴⁰
1275 1354 1465 1418 muneribus
1490 1355 1544 1418 rel
1573 1353 1738 1418 blanditiis
1761 1357 1871 1420 cuius-

244 1475 339 1539 quam
364 1457 516 1520 scelerati
538 1457 724 1542 pelliciatur
746 1462 780 1520 et
803 1454 1043 1520 adulationibus
1060 1455 1242 1540 decipiatur
1266 1478 1327 1521 nec
1349 1457 1597 1541 quibuscunque
1621 1459 1871 1543 propinquitatis

192 1583 216 1622 ro
243 1559 541 1624 necessitudinibus
571 1561 753 1625 coniunctis
790 1567 902 1624 contra
924 1560 1029 1624 Deum
1060 1568 1271 1645 sanctamque
1302 1561 1475 1624 ecclesiam
1507 1566 1606 1645 atqua
1635 1561 1871 1646 rempublicam

242 1685 395 1749 perverse
420 1662 591 1748 agentibus
608 1664 728 1728 affectu
752 1664 874 1727 carnali
896 1653 1056 1748 parcat40,
1080 1662 1209 1728 dicente
1225 1664 1288 1727 Dei
1313 1662 1429 1749 spiritu
1452 1683 1510 1747 per
1533 1661 1640 1727 David
1664 1664 1869 1749 prophetam:

242 1757 404 1832 ‘Nonne‘ss
430 1787 501 1847 eos,
532 1767 586 1850 qui
610 1766 748 1830 oderunt
771 1774 819 1846 te,
844 1766 950 1846 Deus,
985 1765 1132 1846 oderam,
1164 1775 1198 1831 et
1227 1788 1325 1853 super
1356 1767 1503 1830 inimicos
1532 1772 1605 1830 tuos
1635 1768 1870 1834 tabescebam?

241 1871 393 1935 Perfecto
421 1870 494 1935 odio
525 1871 659 1936 oderam
688 1871 778 1946 illos;
808 1869 931 1933 inimici
954 1870 1032 1932 lacti
1061 1877 1138 1934 suut
1160 1869 1248 1934 mihi.
1295 1859 1488 1934 Inimicos42
1520 1870 1606 1934 enirn
1630 1870 1693 1936 Dei
1724 1872 1869 1956 perlecto

242 1974 315 2038 odio
338 1974 461 2054 odisse,
493 1981 543 2038 est
566 1969 607 2038 ad
630 1974 716 2060 quod
739 1973 817 2038 facti
842 1980 917 2036 suut
940 1973 1077 2058 diligere
1102 1980 1135 2037 et
1159 1971 1243 2058 quod
1267 1974 1390 2038 faciunt
1412 1974 1599 2058 increpare,
1622 1993 1729 2039 mores
1753 1996 1868 2061 pravo·

189 2101 214 2138 ιι
242 2099 312 2142 rum
335 2099 495 2164 premere,
520 2079 604 2142 vitae
628 2075 805 2163 prodesse)

350 2181 428 2268 Cap.
449 2186 496 2246 10.
539 2181 637 2245 Tales
658 2182 757 2245 etiam
782 2181 917 2244 comites
941 2186 974 2244 et
989 2181 1049 2244 sub
1073 2201 1108 2245 se
1135 2181 1260 2245 iudices
1277 2181 1477 2245 constituere
1495 2179 1604 2260 debet,
1628 2183 1681 2266 qui
1698 2184 1867 2247 avaritiam

241 2286 369 2350 oderint
392 2292 425 2349 et
449 2285 606 2349 iustitiam
630 2285 765 2368 diligant
788 2289 820 2347 et
850 2283 911 2346 sub
935 2282 996 2347 hac
1020 2282 1208 2347 conditione
1238 2304 1328 2347 suam
1359 2282 1674 2350 administrationem
1706 2293 1868 2370 peragant

241 2395 274 2452 et
297 2390 356 2453 sub
382 2411 417 2452 sc
441 2387 626 2452 huiusmodi
651 2387 880 2452 ministeriales
905 2387 1115 2452 substituant.
1161 2388 1204 2452 Et
1227 2390 1413 2474 quicunque
1436 2389 1575 2452 inomni
1599 2389 1711 2454 ordine
1737 2397 1769 2455 et
1791 2410 1866 2476 pro-

240 2490 381 2556 fessione
405 2493 437 2555 in
461 2491 681 2557 dominatione
704 2492 945 2556 constituuntur
968 2499 1002 2555 et
1025 2490 1146 2555 domini
1170 2492 1388 2579 appellantur,
1413 2493 1498 2556 sicut
1521 2499 1654 2556 sanctus
1679 2491 1864 2580 Cyprianus

186 2607 213 2647 2⁰
239 2595 272 2658 in
295 2602 388 2660 sexto
411 2595 580 2660 abusionis
610 2594 713 2680 gradu
737 2595 954 2675 demonstrat,
990 2594 1222 2662 dominationis
1247 2597 1402 2661 virtutem
1431 2603 1564 2660 auctore
1595 2603 1628 2660 et
1652 2605 1864 2685 cooperatore

238 2697 379 2763 Domino
402 2705 550 2776 teneant;
574 2691 697 2784 ‘quia⁴³
721 2701 799 2764 nihil
823 2701 952 2786 proficit
977 2699 1165 2764 dominandi
1189 2699 1311 2764 habere
1334 2704 1542 2785 potestatem,
1567 2701 1594 2762 si
1618 2699 1768 2767 dominus
1793 2703 1864 2788 ipsc

238 2823 303 2866 non
326 2802 448 2868 habeat
471 2810 504 2868 et
525 2804 653 2867 virtutis
677 2804 830 2887 rigorem.
870 2803 936 2867 Sed
960 2802 1012 2866 hic
1036 2803 1166 2867 virtutis
1189 2803 1277 2887 rigor
1306 2821 1370 2865 non
1393 2807 1460 2865 tarn
1484 2802 1640 2867 exteriori
1663 2803 1863 2886 fortitudine,

238 2929 321 2992 quae
339 2909 392 2972 etb
415 2909 486 2993 ipsa
503 2907 725 2972 saecularibus
742 2907 877 2971 dominis
900 2909 1092 2972 necessaria
1115 2912 1175 2987 est,
1199 2905 1333 2990 indiget,
1358 2924 1454 2990 quam
1472 2905 1571 2968 animi
1594 2907 1742 2971 interiori
1771 2907 1864 2972 lorti·

237 3011 360 3091 tudine,
385 3011 477 3076 bonis
494 3011 635 3076 moribus
657 3012 804 3075 exerceri
822 3009 930 3075 debet.
971 3011 1078 3096 Saepe
1103 3012 1191 3075 enim
1207 3008 1394 3074 dominandi
1418 3027 1477 3093 per
1493 3009 1593 3073 animi
1616 3010 1860 3096 neglegentiam
1981 3061 1982 3066 ι

184 3131 209 3171 as
237 3113 385 3199 perditur
407 3113 573 3178 fortitudo.
618 3112 695 3177 Tria
718 3133 796 3197 crgo
820 3115 1009 3179 necessaria
1033 3115 1104 3194 hos,
1138 3115 1193 3199 qui
1216 3113 1440 3193 dominantur,
1472 3112 1595 3177 habere
1620 3119 1763 3199 oportet,
1796 3120 1863 3180 ter-

237 3239 342 3282 rorem
374 3218 500 3282 scilicet
529 3224 562 3281 et
590 3217 825 3282 ordinationem
855 3225 888 3281 et
916 3238 1071 3281 amorem.
1125 3216 1198 3281 Nisi
1227 3217 1312 3282 euim
1342 3223 1471 3281 ametur
1499 3215 1650 3280 dominus
1680 3219 1803 3302 pariter
1833 3224 1866 3284 et

237 3327 412 3400 metuatur,
437 3321 597 3385 ordinatio
613 3322 746 3386 minime
764 3328 917 3386 constare
940 3321 1027 3385 illius
1044 3327 1163 3406 potest.
1197 3321 1263 3386 Per
1286 3319 1448 3387 beneficia
1472 3339 1551 3403 ergo
1577 3324 1611 3384 et
1634 3320 1864 3385 affabilitatem

237 3433 404 3509 procuret,
434 3431 469 3490 ut
493 3424 660 3508 diligatur,
684 3430 718 3487 et
740 3445 798 3509 per
826 3425 929 3488 iustas
962 3424 1119 3489 vindictas
1149 3445 1214 3489 non
1245 3427 1395 3512 propriae
1419 3423 1573 3502 iniuriae,
1603 3422 1660 3488 sed
1691 3424 1773 3509 legis
1796 3424 1862 3490 Dei

237 3527 383 3609 studeat,
419 3534 455 3592 ut
487 3533 660 3592 metuatur.
716 3527 899 3613 Propterea
933 3549 1077 3613 quoque,
1113 3529 1190 3593 dum
1222 3530 1314 3593 multi
1348 3527 1494 3613 pendent
1529 3525 1562 3588 in
1593 3547 1648 3602 eo,
1684 3528 1755 3612 ipse
1791 3527 1864 3593 Deo

184 3654 210 3694 so
237 3630 416 3697 adhaerere
448 3631 562 3710 debet,
589 3630 643 3716 qui
667 3629 812 3693 illumin
835 3629 989 3695 ducatum
1013 3633 1196 3712 coustituit,
1231 3633 1287 3717 qui
1310 3632 1351 3697 ad
1374 3630 1535 3718 portanda
1559 3631 1734 3696 multorum
1758 3652 1861 3697 onera

236 3735 343 3821 ipsum
366 3734 468 3799 veluti
495 3735 661 3799 fortiorem
693 3731 854 3796 solidavit.
900 3734 1049 3798 Paxillus
1074 3737 1175 3816 enim,
1208 3736 1272 3798 nisi
1301 3733 1385 3798 bene
1415 3733 1500 3798 forte
1527 3732 1675 3800 firmetur
1703 3741 1736 3800 et
1760 3735 1860 3799 alicui

234 3839 357 3902 fortiori
381 3837 574 3916 adhaereat,
606 3857 718 3914 omns,
752 3834 837 3920 quod
861 3835 893 3899 in
918 3856 957 3900 eo
982 3838 1119 3922 pendet,
1151 3840 1214 3902 cito
1239 3836 1378 3917 labitur,
1407 3843 1441 3901 et
1464 3838 1536 3922 ipse
1560 3837 1686 3902 solutus
1710 3858 1731 3901 a
1755 3839 1876 3922 rigore*

236 3961 313 4006 suae
343 3941 506 4005 firmitatis
531 3961 602 4004 cum
627 3938 779 4004 oneribus
809 3939 849 4002 ad
873 3946 994 4005 terram
1018 3941 1197 4006 delabitur:
1227 3943 1275 4006 sic
1298 3947 1332 4004 et
1354 3941 1518 4026 princeps,
1542 3941 1605 4004 nisi
1629 3962 1688 4005 suo
1705 3941 1861 4005 conditori

233 4045 447 4130 pertinaciter
462 4042 658 4122 adhaeserit,
683 4049 716 4107 et
738 4042 808 4127 ipse
825 4049 858 4106 et
873 4063 978 4126 omne,
1003 4045 1089 4129 quod
1107 4046 1261 4124 continet,
1285 4044 1349 4109 cito
1366 4043 1523 4131 deperit'3
1548 4050 1581 4108 st
1602 4035 1739 4124 ‘sciat⁴4,
1763 4043 1862 4129 quod,

182 4173 208 4215 ss
236 4149 320 4213 sicut
342 4149 374 4212 iu
399 4137 617 4233 principatu⁴⁵
645 4147 811 4210 hominum
834 4147 958 4230 primus
989 4149 1186 4212 constitutus
1210 4155 1274 4227 est,
1302 4140 1393 4230 ita4f‘,
1425 4167 1634 4232 quoscunque
1668 4154 1860 4232 peccatores

235 4251 294 4316 sub
319 4273 354 4316 se
378 4251 411 4314 in
435 4250 602 4336 praesenti
625 4248 750 4330 habuit,
780 4250 843 4313 nisi
867 4271 902 4314 se
927 4255 960 4314 et
981 4250 1055 4315 illos
1080 4252 1271 4333 correxerit,
1299 4273 1399 4336 supra
1423 4273 1459 4317 se
1484 4249 1578 4315 modo
1603 4251 1804 4337 implacabili
1827 4251 1860 4314 in

233 4355 290 4419 ille
311 4355 421 4419 lutura
443 4375 552 4440 poena
573 4351 726 4420 habebit’

343 4457 421 4544 Cap.
441 4464 490 4522 11.
534 4458 573 4522 In
601 4457 789 4522 memoratis
816 4477 956 4542 namque
979 4459 1081 4542 gestis
1106 4458 1193 4544 apud
1224 4459 1414 4543 martyrium
1438 4455 1578 4521 Sanctae
1602 4456 1734 4522 Macrae
1760 4456 1856 4522 etde

233 4563 293 4642 his,
323 4583 407 4647 quae
430 4561 471 4625 ad
495 4567 627 4626 sauctae
651 4560 811 4626 ecclesiae
835 4582 875 4625 ac
899 4568 1060 4626 rectorum
1092 4564 1196 4648 ipsius
1219 4557 1374 4627 honorem
1400 4567 1433 4626 et
1457 4552 1646 4646 vigorem47,
1675 4568 1708 4626 et
1731 4561 1772 4625 de
1796 4562 1857 4641 bis,

180 4690 207 4729 ro
233 4685 316 4750 quae
340 4665 381 4729 ad
405 4665 492 4750 regis
522 4668 555 4727 et
586 4665 678 4748 regni
707 4662 905 4727 soliditatem
936 4671 1034 4748 atque
1068 4685 1179 4731 curam
1209 4655 1418 4752 pertinentffi,
1449 4685 1577 4730 necnon
1606 4669 1639 4727 et
1671 4664 1711 4728 de
1741 4664 1857 4728 domus
1901 4694 1904 4701 ·

335 4873 362 4937 b)
380 4873 416 4922 sic
432 4888 500 4922 corr.
520 4871 603 4930 Sirm5
621 4871 649 4922 in
667 4869 731 4921 Bas.

333 5059 379 5128 38)
397 5057 509 5123 Ionio,
524 5059 547 5110 1.
634 5057 679 5127 39)
701 5057 756 5123 Osr.
770 5057 950 5126 saccariam,
969 5057 1012 5112 Dc
1028 5059 1132 5113 civitate
1149 5060 1204 5114 Dci
1222 5060 1252 5129 V,
1270 5077 1289 5115 c.
1306 5061 1347 5126 24,
1369 5059 1456 5129 Opera
1468 5057 1533 5127 VII,
1550 5058 1597 5114 ccl.
1611 5058 1667 5113 141.
1756 5059 1802 5126 40)
1821 5076 1856 5114 nc

229 5162 392 5218 muneribus
409 5201 415 5213 .
431 5201 457 5215 ..
475 5159 633 5228 decipiatur
659 5165 683 5213 ct
704 5175 755 5214 nec
774 5159 995 5230 quibuscumque
1080 5165 1178 5231 parcat
1200 5179 1234 5217 cc
1256 5163 1400 5218 Hincmcn'
1421 5163 1529 5230 epistola
1551 5161 1583 5216 do
1604 5162 1672 5232 rqu
1688 5177 1807 5230 persaeus
1832 5168 1858 5216 ct

228 5268 298 5336 rapio
314 5265 461 5320 minutato
478 5261 514 5316 cd
531 5262 668 5316 Kasolam
687 5261 795 5317 Odeum
813 5261 915 5316 directa
932 5279 953 5317 c.
967 5264 1008 5318 21.
1022 5265 1064 5320 29.
1082 5271 1188 5334 ειιιιιμα
1205 5271 1277 5335 mest,
1299 5265 1384 5336 Opcrc
1402 5266 1444 5332 H,
1456 5283 1488 5335 p.
1501 5266 1541 5320 19.
1560 5267 1602 5320 23.
1692 5267 1736 5332 41)
1755 5265 1856 5322 Psabm

176 5381 202 5420 ss
230 5370 288 5437 138,
306 5369 348 5423 21.
365 5368 407 5422 22.
494 5367 539 5434 42)
560 5366 681 5435 Hesperii
703 5365 763 5420 Ia'b.
778 5365 909 5434 pastoral.
923 5365 981 5433 Ill,
1002 5383 1023 5420 c.
1036 5367 1080 5434 22,
1108 5367 1195 5436 Opera
1212 5369 1252 5438 11,
1270 5370 1422 5438 cot69sq.;
1445 5369 1494 5436 cfr.
1514 5365 1612 5438 Syncd.
1625 5367 1704 5422 Meu.
1716 5368 1777 5437 859,
1795 5385 1816 5424 c.
1828 5369 1855 5437 8,

228 5489 314 5543 aspra
327 5490 357 5543 p.
370 5473 431 5528 444.
509 5474 554 5542 43)
578 5471 734 5542 oppianus
750 5471 768 5525 l.
786 5486 810 5525 c.
826 5487 847 5524 c.
862 5472 886 5537 6,
901 5489 932 5540 p.
945 5473 1003 5527 160.
1082 5475 1127 5542 44)
1147 5473 1220 5528 Ibr'd.
1238 5490 1260 5530 c.
1275 5475 1300 5540 9,
1315 5489 1344 5542 p.
1356 5473 1415 5527 161,
1494 5473 1539 5539 45)
1557 5471 1586 5524 iu
1605 5469 1705 5526 throno
1726 5471 1855 5541 cyprian.

227 5577 271 5644 46)
290 5576 329 5632 sic
348 5575 425 5631 etin
442 5576 547 5646 poenis,
571 5575 594 5628 si
612 5573 751 5628 iustitiam
775 5592 831 5628 non
850 5575 956 5644 lecerit,
979 5577 1132 5646 primatum
1150 5577 1296 5632 habiturus
1315 5579 1365 5632 est.
1402 5575 1504 5630 Omnes
1524 5591 1644 5643 nemque
1663 5592 1854 5648 quoscumque

229 5679 356 5751 opocen.
461 5680 504 5748 ιι)
524 5678 622 5750 qaas.
641 5696 684 5746 ap.
703 5677 729 5730 a.
751 5678 875 5732 macram
894 5682 953 5748 aar,
971 5683 1030 5735 aa.
1048 5683 1074 5748 4,
1100 5681 1195 5736 uass
1216 5682 1313 5750 xrrr,
1331 5683 1487 5746 carmon
1595 5679 1638 5747 ss)
1660 5681 1730 5736 rou.
1749 5685 1808 5737 se.
1828 5685 1852 5736 c.

1600 5783 1650 5836 os*
