4568 6434
339 450 609 506 ADDITAMENTA
630 451 678 506 AD
697 451 944 507 caementum
963 450 1090 506 REGUM
1108 451 1294 509 Fatuclus
1312 454 1542 510 delituistis.
1563 486 1594 494 —
1613 455 1661 510 Νι,
1673 457 1732 510 252.
1786 459 1843 520 211

596 626 638 692 A.

1434 628 1475 693 B.

225 731 369 798 eiusdem
399 732 503 796 sancti
532 731 673 817 Spiritus
701 731 855 794 instinctu
885 741 918 795 et
945 731 1009 816 pri·
1064 732 1237 818 Truogone
1256 732 1460 798 Mimideusis
1484 733 1667 798 aecclesiae
1684 737 1849 819 episcopo,

226 844 348 904 matum
380 856 511 900 suorum
542 835 691 898 consultu
721 835 811 898 venit
837 836 870 897 in
900 834 1009 898 villam
1064 835 1253 919 Engilmaro
1282 836 1544 921 osneburgensis
1574 835 1755 900 aecclesiae
1779 837 1848 923 epi-

227 941 360 1026 regiam,
384 939 537 1002 videlicet
551 937 733 1003 Triburiam
757 938 790 1002 iu
806 945 892 1002 terra
908 937 1009 1001 Fran-

1629 961 1737 1026 scopo,

194 1071 206 1108 s
225 1065 334 1110 corum
359 1042 602 1123 consistentem,
625 1063 697 1106 cum
723 1042 883 1127 episcopis
906 1041 1009 1105 infra¹
1065 1036 1258 1127 Wicperto⁹
1278 1041 1514 1108 werdenensis
1538 1037 1756 1108 aecclesiee¹⁰
1778 1046 1848 1130 epi-

225 1146 434 1232 conscriptis,
458 1145 650 1222 abbatibus,
681 1145 853 1209 comitibus
884 1151 917 1208 et
940 1166 1009 1208 om·

1528 1167 1635 1232 acopo.

224 1253 319 1316 nibus
341 1250 433 1334 regni
459 1249 507 1312 sui
531 1249 731 1335 principibus
760 1270 820 1313 nec
845 1271 909 1313 non
932 1270 1008 1312 con·
1062 1247 1271 1314 Wolihelmc
1321 1248 1677 1336 Muntgarduvirensis⁰
1722 1252 1848 1316 aeccle-

225 1354 433 1420 venientibus
468 1353 765 1417 ecclesiasticorum
796 1359 828 1416 et
859 1353 1007 1416 saecula·

1528 1347 1631 1418 siae¹¹
1655 1355 1818 1441 episcopo,

225 1461 306 1525 rium
320 1456 498 1523 innumeris
512 1456 629 1528 turbis;
650 1457 802 1542 quatinus
814 1455 1008 1540 infatigabili
1062 1454 1275 1520 Vodebaldu⁰
1292 1456 1526 1522 'Paveutrensis
1546 1449 1759 1522 aecclesiae¹²
1778 1460 1849 1545 epi·

181 1587 207 1625 ro
225 1561 471 1651 perseverantia
493 1560 601 1625 divina
624 1567 657 1624 et
673 1560 813 1624 humana
829 1566 1008 1624 tractaren-

1524 1582 1634 1647 scopo,

224 1675 278 1732 tur
288 1675 385 1752 atque
399 1664 600 1748 emergentia
612 1663 697 1726 mala
708 1663 1009 1749 comprimerentur,
1062 1661 1239 1748 Adalgario
1260 1661 1448 1729 Bremeusis
1476 1665 1659 1728 aecclesiae
1684 1666 1847 1751 episcopo,

224 1777 260 1834 ut
292 1791 331 1834 eo
363 1767 498 1833 liberius
530 1771 644 1830 sancta
677 1765 741 1830 Dei
776 1766 917 1830 ecclesia
951 1787 1010 1830 suo
1062 1760 1847 1855 Franconeurugrensisaecclesiadlepiseopo,

225 1874 384 1960 potiretur
411 1872 543 1936 honore.
590 1869 672 1935 Cum
700 1877 809 1934 autem
836 1871 1009 1956 sapientis·
1063 1868 1199 1934 Dedone
1217 1869 1446 1936 Wirdunensis
1475 1871 1656 1936 aecclesiae
1683 1872 1849 1959 episcopo,

225 1978 324 2041 simus
362 1997 421 2040 rex
454 1975 626 2040 concilium
663 1994 789 2038 sacrum
830 1974 1010 2038 continuari
1063 1971 1253 2059 Ruadperto
1278 1975 1436 2040 Metensis
1459 1975 1640 2039 aecclesiae
1663 1978 1830 2063 episcopo.

183 2107 207 2146 a
225 2079 437 2156 decrevisset,
461 2079 584 2165 placuit
607 2077 668 2142 sibi
693 2084 726 2140 et
746 2078 898 2141 universo
915 2077 1010 2150 clero,
1108 2076 1206 2140 Porro
1223 2098 1295 2142 oum
1319 2099 1429 2144 eorum
1448 2079 1644 2142 unanimitas
1660 2079 1701 2144 de
1719 2080 1847 2144 ascole-

225 2192 261 2249 ut
290 2190 424 2270 peracto
455 2182 604 2246 triduano
629 2181 766 2261 ieiunio,
795 2181 946 2244 laetaniis
976 2187 1010 2244 et
1064 2180 1196 2246 siasticu
1214 2182 1284 2245 iure
1300 2180 1449 2266 diligenti
1466 2183 1637 2247 conamine
1653 2183 1848 2267 invigilaret,

225 2287 425 2352 orationibus
450 2307 607 2371 superse
631 2283 671 2350 de
696 2284 1008 2370 coelispromissum
1062 2282 1185 2368 placuit
1215 2285 1382 2364 omnibus,
1416 2292 1452 2350 ut
1482 2286 1522 2351 ad
1552 2285 1683 2350 fidelem
1712 2292 1846 2350 sauctae

225 2391 402 2456 invitarent
425 2388 639 2466 adiutorium,
669 2390 753 2452 siout
776 2389 844 2473 ipse
868 2388 1010 2452 salvator
1063 2387 1174 2450 matris
1191 2388 1373 2452 aecclesiae
1394 2389 1506 2466 tilium,
1530 2390 1711 2476 prinoipem
1734 2391 1848 2475 utique

225 2492 407 2558 ascendens
432 2494 463 2557 in
488 2492 614 2556 caelum
642 2492 809 2579 discipulis
840 2492 906 2555 suis
934 2511 1008 2576 pro·
1062 2491 1154 2574 regni
1171 2491 1446 2556 transmitteretur
1462 2501 1560 2578 atque
1586 2493 1627 2557 ab
1652 2513 1692 2558 eo
1709 2492 1850 2558 fideliter

181 2625 207 2668 ao
225 2597 312 2663 misit
341 2596 467 2661 dicens:
497 2587 626 2660 ‘Ecceli
657 2616 718 2680 ego
741 2597 910 2661 vobiscum
940 2616 1010 2659 sum
1062 2595 1324 2679 investigaretur,
1348 2596 1436 2681 quali
1459 2596 1672 2679 benignitate,
1696 2597 1850 2683 quicquid

226 2701 376 2767 omnibus
399 2699 535 2764 diebusy
558 2721 661 2786 usquc
691 2699 732 2764 ad
756 2700 1009 2764 consummatio·
1063 2699 1126 2784 ipsi
1142 2699 1235 2777 iupta
1251 2701 1425 2764 canonicas
1443 2700 1631 2764 sanctiones
1643 2701 1850 2777 ventilarent,

225 2827 298 2871 nem
326 2801 476 2876 saeculi';
509 2811 546 2868 ut
573 2803 681 2867 futura
708 2803 844 2868 concilia
875 2805 907 2866 in
938 2804 1010 2888 ipso
1064 2800 1274 2866 corroborare
1312 2801 1516 2888 dignaretur,
1561 2802 1781 2882 mandantes*,
1822 2803 1849 2865 si

224 2909 455 2974 inchoarentur
478 2915 512 2971 et
534 2928 593 2993 per
616 2908 722 2992 ipsum
746 2907 933 2984 linirentur,
955 2907 1009 2992 qui

225 3020 278 3077 est
307 3013 433 3076 initium
469 3018 502 3075 et
535 3003 637 3075 ίὶιιίι15
672 3016 722 3074 ctl
749 3011 1010 3096 supplementum

182 3145 207 3186 u
226 3117 319 3202 legis,
343 3123 380 3180 ut
407 3115 576 3201 apostolus
599 3113 755 3180 Romanis
779 3114 924 3178 scribens
949 3115 1010 3177 ait:

226 3211 362 3285 ιΡίιιίι16
392 3220 479 3282 enim
504 3218 584 3304 legis
608 3216 756 3282 Christus
784 3217 826 3282 ad
856 3217 1010 3282 iustitiam

225 3325 312 3392 omui
340 3321 506 3386 credenti'.
562 3322 634 3397 Quo
668 3330 801 3408 peracto
832 3313 1010 3406 pergeusfl

226 3427 266 3492 ad
294 3427 452 3513 palatium
481 3427 592 3510 regale
621 3425 706 3490 sedit
732 3427 848 3490 solium
877 3422 1008 3488 indutus

226 3538 317 3596 veste
335 3529 609 3616 splendidissima,
625 3550 723 3614 quam
740 3530 823 3594 texit
840 3529 1009 3614 sapientia,

182 3654 208 3694 so
225 3636 371 3720 repletus
390 3641 442 3698 est
458 3633 641 3719 prudentie,
659 3639 789 3698 erectus
805 3639 838 3695 et
854 3632 1009 3718 potentia,

225 3759 283 3826 pro
299 3758 358 3802 sua
372 3737 595 3822 magnitudine
609 3737 747 3823 stipatus
762 3728 1009 3811 multitudinefl,

225 3849 369 3908 tractans
393 3844 642 3905 ΠΡΑΚΤΙΚΗ
670 3841 711 3904 de
741 3847 828 3904 statu
859 3841 951 3924 regni
980 3847 1012 3904 et

230 3946 503 4012 ΘΕΩΡΗΤΙΚΗ
533 3944 573 4008 de
612 3944 725 4008 ordine
764 3949 798 4007 et
834 3943 1011 4008 stabilitate

227 4051 438 4114 ecclesiarum
451 4046 581 4125 Christi,
591 4039 652 4110 atil
664 4048 805 4132 qualiter
816 4046 890 4110 boni
903 4048 1012 4132 quiete

183 4175 208 4215 ss
227 4154 383 4232 viverent,
408 4159 442 4216 et
465 4151 542 4216 mali
566 4151 667 4215 inulte
692 4171 756 4214 nou
780 4143 999 4236 penetrandi.

335 4255 487 4320 interim·
503 4254 731 4340 episcoporum
756 4274 849 4319 sacer
869 4275 1010 4319 conven-

224 4364 277 4424 tus
301 4359 332 4422 in
349 4358 485 4423 basilica
502 4356 689 4443 praedictae
705 4357 803 4423 villae
828 4365 901 4444 post
923 4379 1010 4423 com-

329 4529 362 4584 Α.
381 4531 408 4596 x)
426 4527 728 4594 trecentenarium
743 4531 830 4597 plesco
843 4550 923 4598 marg.
943 4533 971 4584 iu
991 4531 1013 4586 l.
1026 4531 1051 4590 2.
1070 4533 1181 4583 interlin.
1200 4533 1228 4582 ia
1246 4529 1270 4584 3.

225 4619 258 4672 sit
274 4619 332 4670 laus
355 4627 380 4669 ct
401 4618 484 4685 gloria
508 4634 553 4685 per
577 4618 678 4668 infinita
695 4619 855 4670 saeculorum
878 4619 981 4670 ssseuu
998 4637 1068 4686 perp.
1086 4616 1111 4676 l.
1129 4635 1178 4670 om.
1196 4618 1271 4682 rell.‚·
1288 4619 1335 4686 cfr.
1356 4619 1430 4684 iufra
1443 4634 1470 4682 p.
1489 4615 1549 4678 213,
1568 4617 1612 4668 lia.
1633 4615 1674 4669 41.

183 4723 209 4762 ro
226 4707 325 4758 tardum
346 4701 420 4756 1-3.

1087 2956 1114 3025 *)
1136 2955 1252 3008 Tertium
1270 2953 1385 3020 (orntum
1403 2955 1527 3008 amadati
1544 2957 1723 3024 cpisccpsmum
1741 2955 1778 3008 ud
1796 2957 1849 3010 Ar·

1131 3041 1233 3106 culfum
1261 3039 1354 3094 directi
1375 3042 1499 3109 praebere
1529 3042 1594 3095 mihi
1623 3041 1746 3096 mua·-
1771 3041 1846 3096 codd.

1133 3126 1195 3194 Uol„
1218 3127 1326 3181 Mortuo.
1346 3128 1421 3182 3853.
1441 3129 1517 3182 6245.
1536 3128 1611 3182 test.
1630 3127 1679 3182 hoc
1700 3128 1852 3196 imeqomti

1131 3214 1295 3282 cephalon:
1322 3213 1368 3267 Sir
1383 3213 1477 3268 domni
1497 3214 1632 3284 principis
1650 3214 1764 3268 auribus
1778 3232 1850 3268 com·

1133 3301 1278 3370 placuerit,
1299 3304 1331 3354 ut
1343 3300 1483 3356 columnia
1502 3302 1531 3356 in
1550 3302 1726 3372 presbyteros
1739 3305 1852 3370 peracta

1132 3386 1213 3440 iuxta
1229 3387 1376 3454 synodalia
1388 3387 1589 3442 determinetur
1602 3387 1724 3457 pleniter
1736 3391 1851 3456 statute,

1131 3471 1262 3528 hocidem
1274 3477 1303 3528 et
1314 3475 1505 3544 episcoporum
1518 3474 1622 3528 iudicio
1633 3473 1746 3544 placete
1756 3491 1852 3528 secun-

1131 3560 1198 3614 dum
1216 3562 1385 3628 potestatem
1403 3561 1526 3631 ipsorum
1545 3561 1672 3620 definire.
1699 3561 1728 3614 id
1747 3565 1801 3627 est,
1821 3563 1853 3613 ut

1131 3647 1266 3700 canonica
1284 3647 1421 3702 feriantur
1439 3647 1581 3700 sententia
1599 3647 1637 3710 hi,
1656 3647 1704 3716 qui
1723 3646 1850 3701 timorem

1132 3732 1243 3786 Domini
1254 3737 1453 3804 postponentes
1463 3733 1492 3788 in
1504 3732 1645 3788 ministros
1655 3750 1718 3788 suos
1726 3750 1852 3802 grassare

1132 3823 1320 3889 praesumunt.
1358 3820 1461 3886 Quodsi
1481 3837 1546 3874 vero
1566 3820 1666 3889 pietati
1681 3820 1757 3874 illiue
1771 3820 1851 3874 iuxta

1133 3907 1259 3977 capitula
1271 3923 1377 3974 regum,
1397 3907 1444 3960 ubi
1458 3923 1551 3960 eorum
1565 3907 1686 3977 provisio
1700 3906 1852 3960 inisericor-

1133 3993 1207 4046 diter
1225 3991 1253 4046 iu
1267 3992 1378 4045 offensis
1390 3992 1525 4062 pecuniae
1537 3993 1748 4062 quantitatemh
1767 3993 1852 4047 inter-

1134 4079 1240 4149 posuit,
1266 4095 1316 4148 pro
1336 4079 1507 4148 levigatione
1526 4079 1633 4132 scilicet
1651 4079 1851 4149 poenitentiae,

1133 4166 1285 4236 placuerit,
1318 4169 1351 4220 ut
1380 4165 1524 4236 praelatae
1551 4182 1593 4218 res
1623 4165 1852 4226 determinentur,

1133 4253 1324 4323 episcoporum
1353 4269 1465 4322 quoque
1492 4252 1521 4306 id
1548 4251 1651 4306 iudicio
1676 4251 1790 4306 diffiniri
1813 4253 1852 4306 eis

1133 4338 1302 4410 conplacuit.

1765 4531 1789 4590 a)
1808 4535 1850 4584 cui

1760 4616 1788 4684 a)
1808 4620 1848 4668 Iu·

1359 4531 1387 4598 y)
1406 4548 1470 4582 errae
1489 4531 1557 4583 vitae
1576 4531 1637 4582 adri.
1652 4529 1675 4583 4.

329 4790 360 4842 B.
380 4792 404 4854 e)
420 4789 688 4856 Muutgarduvirsnsis
701 4827 707 4840 .
718 4828 724 4842 .
737 4790 899 4842 ‚Vudebaldo
914 4806 963 4840 om.
981 4789 1060 4841 Phili.
1148 4789 1170 4857 s)
1183 4793 1246 4842 itum
1265 4789 1380 4856 synodus
1392 4789 1518 4841 Liutbsrti
1530 4789 1599 4857 apud
1611 4790 1769 4856 Mogontium
1780 4791 1853 4840 rubr.

225 4880 253 4930 ia
275 4878 340 4941 0014
369 4879 431 4927 ltem
452 4876 521 4943 apud
542 4877 701 4942 Magontiam
724 4876 829 4927 sinodus
851 4877 977 4943 Liutperti
997 4877 1067 4927 nrbr.
1090 4877 1117 4926 in
1137 4875 1240 4928 Monac.
1260 4874 1340 4936 38533
1369 4877 1408 4926 De
1426 4877 1477 4940 his,
1502 4877 1547 4942 qui
1569 4877 1722 4944 presbiteros
1746 4877 1853 4943 fatigare

226 4973 393 5031 praesumunt
416 4963 488 5015 νηὸν.
507 4963 535 5014 ia
554 4961 657 5013 Mortua.
676 4960 753 5014 6245.
771 4961 848 5014 uati.
940 4960 968 5031 g)
986 4981 1035 5015 cru.
1054 4963 1159 5016 Monac.
1177 4960 1253 5015 utet.
1272 4961 1348 5016 etti.
1435 4963 1464 5028 h)
1482 4963 1633 5028 qualitatem
1653 4962 1756 5014 dieuco.
1775 4960 1853 5014 3853.

329 5117 357 5182 9)
377 5115 496 5170 Nomina
514 5113 653 5184 Wicparti,
680 5115 849 5183 Wolsltclmi‚
874 5113 1027 5182 Vcdobaldi,
1059 5113 1211 5168 Francorum
1232 5113 1309 5180 iufra
1333 5114 1365 5166 ia
1391 5112 1631 5182 erumpentum
1654 5113 1854 5179 desiderantum

184 5239 209 5278 ιι
226 5219 276 5286 cfr.
294 5233 363 5288 quue
380 5217 488 5286 apuam
506 5218 538 5271 iu
556 5217 638 5272 ‘Ne’
659 5217 766 5284 XVII,
791 5235 821 5286 p.
840 5217 886 5284 ll,
908 5221 962 5272 aot.
984 5219 1005 5271 l.
1094 5218 1137 5284 10)
1162 5215 1273 5270 Verum.
1360 5217 1404 5283 11)
1426 5215 1555 5269 Manca.
1655 5218 1699 5284 12)
1718 5217 1852 5273 aermon

229 5323 271 5393 13)
293 5323 421 5391 vapcra.
519 5323 561 5390 14)
581 5321 679 5376 Mattlr.
697 5323 790 5386 2820.

227 5425 298 5482 tinia.

890 5321 932 5391 lo)
952 5320 1008 5386 Osr.
1031 5322 1115 5388 apoc.
1134 5321 1215 5384 utu:
1243 5319 1302 5388 Ego
1321 5335 1381 5372 sum
1401 5319 1493 5388 Alphe
1511 5323 1541 5373 et
1559 5319 1674 5388 Omegu,
1693 5321 1805 5376 initiunt
1825 5324 1853 5376 st

386 5427 428 5492 16)
440 5428 513 5482 aar.
521 5426 592 5488 10,4.
680 5427 724 5496 ll)
743 5425 837 5480 Verlu:
856 5440 973 5494 pergens
993 5424 1026 5478 ud
1049 5424 1185 5494 palatium
1207 5466 1256 5479 ...
1276 5424 1397 5493 stipatur
1410 5422 1605 5487 multitudiue;
1623 5427 1653 5476 et
1667 5425 1789 5494 qualiter
1807 5468 1812 5479 .
1827 5465 1853 5480 ..

227 5532 387 5598 peccareut3
419 5529 697 5584 honorificentissime
715 5529 828 5584 infulati
935 5527 1085 5598 prudentia
1109 5527 1229 5598 praediti
1259 5527 1386 5597 rytlumoe
1411 5527 1560 5594 ourucriptu
1589 5543 1641 5580 csse
1666 5526 1855 5580 demonstrarat

226 5632 376 5700 Βῦιιιιιῖιι,
397 5633 439 5688 Dc
461 5634 583 5700 Amulso
603 5649 661 5702 rope
679 5651 708 5702 p.
723 5635 781 5694 lll,
879 5633 923 5703 18)
945 5632 989 5688 Dc
1008 5635 1125 5700 rutrum,
1153 5649 1221 5703 qrruc
1242 5638 1280 5686 cst
1301 5633 1370 5686 iuter
1390 5631 1438 5686 hcc
1459 5637 1542 5701 caput
1564 5637 1587 5686 et
1607 5633 1747 5702 prolegum
1769 5633 1855 5700 spurii

186 5755 211 5794 so
231 5735 397 5805 capusum
413 5753 457 5806 up.
480 5736 578 5792 Thccd.
597 5743 656 5792 wrm
675 5738 744 5808 I,p.
758 5739 817 5804 360,
835 5739 884 5804 cfr.
904 5737 1020 5806 Phillips
1038 5739 1055 5792 l.
1073 5754 1094 5792 c.
1109 5755 1138 5806 p.
1159 5738 1268 5806 lullsqq.

1595 5837 1651 5892 27*

1867 637 1926 692 895.
