4568 6434
432 437 492 500 192
545 431 813 488 subluendum
831 431 880 486 AD
899 431 1146 487 CAPITULARIA
1164 431 1294 486 REGUM
1312 429 1497 486 tenuclae
1516 429 1745 486 OltlFiN'I'llIaIS.
1765 463 1797 473 -·
1816 431 1865 485 Nr.
1877 429 1938 485 250.

351 613 410 668 870.
430 612 544 672 tenere
572 604 707 691 pacifice
739 627 805 671 non
835 606 1045 684 concederet,
1077 606 1147 670 sine
1176 605 1243 670 ulla
1272 606 1468 670 retractione
1499 605 1589 669 illum
1617 606 1703 669 bello
1733 609 1915 690 appeteret.
1960 602 2054 668 Unde

428 709 514 774 inter
536 729 593 774 eos
616 709 726 773 missis
742 709 1011 788 discurrentibus,
1034 730 1072 774 eo
1088 729 1193 794 usque
1215 729 1313 774 causa
1334 708 1493 794 perducta
1516 714 1577 784 est,
1600 713 1637 771 ut
1651 709 1738 772 inter
1753 712 1924 792 utramque
1942 705 2052 770 huius·

428 810 515 878 modi
538 818 744 877 sacramenta
766 812 893 878 fierent.
1561 808 1619 892 (B.
1636 810 1685 887 II,
1704 812 1783 887 221;
1806 809 1845 875 P.
1862 811 1953 888 516.)

720 1052 1020 1138 Ingelramnus⁸
1048 1043 1201 1116 comes1
1227 1072 1276 1116 ex
1305 1055 1421 1136 parte
1444 1049 1592 1115 Karoli
1619 1050 1761 1134 regis⁸.

534 1140 597 1254 Sis
627 1191 780 1275 promitto
811 1211 854 1255 ex
881 1197 975 1275 parte
1008 1189 1144 1254 senioris
1176 1189 1273 1264 meib,
1305 1189 1391 1274 quod
1421 1189 1528 1254 senior
1554 1210 1648 1253 meus
1670 1187 1835 1253 Karolus⁰
1859 1187 1940 1254 reud
1962 1187 2054 1251 fratri
2085 1223 2097 1261 5

430 1313 489 1357 suo
513 1291 727 1358 Hludowioo⁰
757 1293 827 1378 regi
858 1283 979 1357 talem2
1009 1293 1191 1378 portionem
1222 1290 1263 1356 de
1294 1312 1394 1377 regno
1417 1291 1583 1356 Hlotharii
1612 1293 1699 1376 regis
1729 1292 1892 1356 consentit
1921 1290 2053 1370 habere,

429 1397 560 1481 qualem
587 1401 643 1460 aut
670 1397 733 1482 ipsi
758 1396 926 1461 iustiorem
950 1400 983 1460 et
1005 1395 1080 1480 plus
1103 1394 1323 1478 aequaliorem
1347 1399 1403 1459 aut
1425 1415 1614 1459 communes
1638 1394 1748 1458 fideles
1773 1415 1885 1459 eorum
1909 1395 1994 1459 iuter
2017 1415 2053 1458 se

430 1500 624 1566 invenerint.
668 1499 739 1564 Nec
764 1520 837 1564 eum
859 1499 893 1563 in
915 1499 987 1584 ipsa
1008 1498 1159 1583 portione
1184 1499 1236 1562 vel
1259 1499 1292 1562 in
1315 1519 1434 1583 regno,
1458 1496 1543 1584 quod
1567 1501 1665 1562 antea
1687 1498 1808 1574 tenuit,
1832 1519 1892 1584 per
1913 1497 2052 1582 aliquam

428 1601 576 1667 bandem
604 1602 658 1666 vel
688 1602 933 1688 subreptionem
964 1601 1107 1686 decipiet
1139 1608 1195 1665 aut
1224 1601 1481 1680 forconsiliabit,
1517 1602 1544 1666 ai
1575 1600 1677 1665 frater
1713 1622 1791 1665 suus
1819 1600 2054 1666 Hludowicus⁰

429 1705 568 1771 eandem
591 1706 775 1771 firmitatem
799 1709 832 1770 et
853 1705 1059 1784 fidelitatem,
1088 1725 1185 1790 quam
1209 1711 1365 1790 exparte
1395 1705 1531 1796 senioris
1560 1705 1624 1769 mei
1652 1705 1698 1768 illi
1720 1704 1825 1769 habeo
1849 1703 2053 1790 promissam,
2072 1737 2098 1776 10

428 1808 509 1874 isted
532 1810 633 1874 frater
656 1829 734 1873 suus
751 1806 985 1872 Hludowious⁰
1009 1808 1128 1873 seniori
1149 1828 1222 1873 meo
1244 1829 1286 1872 ex
1301 1815 1395 1895 parte
1416 1831 1485 1890 sua,
1509 1808 1652 1894 quandiu
1669 1808 1796 1889 vixerit,
1820 1808 2054 1873 iuviolabiliter

431 1910 639 1978 serraverit‘.

677 2048 776 2113 Item
799 2048 1030 2114 Leutfridus
1055 2069 1187 2113 comes
1211 2070 1259 2113 ex
1281 2055 1392 2135 parte
1415 2049 1645 2115 Hludowiei
1673 2051 1801 2136 regis:

538 2162 614 2235 Sic³
636 2169 791 2256 promitto
822 2189 884 2254 ego
914 2190 957 2233 ex
984 2174 1077 2254 parte
1108 2170 1245 2234 senioris
1274 2171 1353 2250 mei,
1387 2170 1475 2256 quod
1503 2171 1612 2236 senior
1640 2191 1731 2235 meus
1755 2170 1970 2236 Hludowious
1993 2193 2053 2236 rex

428 2274 522 2340 fratri
552 2294 610 2338 suo
634 2271 758 2336 Karolo
789 2271 857 2356 regi
888 2273 989 2336 talem
1018 2273 1200 2358 portionem
1229 2272 1269 2336 de
1300 2294 1400 2358 regno
1424 2271 1589 2339 Hlotharii
1619 2275 1706 2360 regis
1736 2274 2097 2354 consentitbabere,1s

429 2377 559 2462 qualem
593 2383 649 2440 aut
680 2375 741 2462 ipsi
769 2375 937 2440 iustiorem
967 2381 1022 2440 aut
1051 2376 1124 2461 plus
1152 2377 1373 2461 aequaliorem
1400 2383 1457 2440 aut
1485 2398 1672 2442 communes
1695 2377 1809 2443 fideles
1833 2397 1946 2442 eorum
1970 2379 2055 2442 inter

429 2503 464 2547 se
488 2480 680 2546 invenerint.
724 2479 794 2543 Nec
817 2499 891 2543 eum
915 2481 947 2543 in
971 2481 1043 2566 ipsa
1064 2480 1214 2565 portione
1239 2481 1292 2545 vel
1320 2481 1353 2544 in
1377 2502 1495 2565 regno,
1528 2481 1614 2566 quod
1638 2488 1736 2546 antea
1758 2482 1878 2562 tenuit,
1910 2502 1969 2566 per
1993 2481 2053 2545 ali-

429 2605 526 2669 quam
553 2584 701 2648 lraudcm
727 2584 781 2647 vel
808 2582 1053 2668 subreptionem
1083 2582 1225 2668 decipiet
1255 2590 1312 2648 aut
1340 2584 1593 2664 forconsiliabit,
1627 2585 1654 2648 si
1681 2584 1783 2648 frater
1810 2605 1888 2649 suus
1911 2584 2054 2648 Karolus

430 2685 569 2751 eandem
591 2684 777 2751 firmitatem
801 2692 835 2750 et
856 2684 1058 2765 fidelitatem,
1082 2705 1177 2770 quam
1202 2706 1244 2749 ex
1267 2693 1360 2772 parte
1386 2687 1522 2751 senioris
1545 2687 1609 2751 mei
1631 2687 1700 2750 illi⁸
1720 2687 1828 2752 habeo
1852 2687 2054 2772 promissam,

428 2790 490 2853 iste
520 2789 621 2855 frater
651 2810 729 2854 suus
755 2787 898 2855 Karolus
928 2789 1049 2854 seniori
1080 2811 1155 2854 meo
1184 2811 1226 2854 ex
1257 2779 1317 2854 sua
1346 2799 1458 2876 parte,
1488 2791 1631 2876 quandiu
1656 2791 1789 2873 vixerit,
1823 2790 2055 2856 inviolabiliter
2073 2817 2099 2858 ao

431 2893 621 2958 servaverit.

535 3011 643 3076 Haec
678 3010 813 3076 eadem
846 3013 989 3077 tertius
1018 3011 1295 3076 Theodericus
1330 3034 1463 3078 comes
1493 3033 1542 3078 ex
1573 3021 1695 3101 parte
1726 3015 1903 3100 gloriosi
1934 3016 2055 3100 regis

429 3115 564 3181 Karoli
588 3122 626 3180 et
649 3122 819 3201 quartus
842 3115 1043 3181 Radulfus
1068 3137 1202 3180 comes
1226 3135 1272 3179 ex
1295 3123 1410 3203 parte
1433 3116 1660 3182 Hludowioi
1685 3119 1888 3204 prosecuti
1913 3126 2012 3186 sunt.

536 3236 614 3302 Isti
636 3241 881 3323 praesentes
905 3237 1084 3302 fuerunt:
1121 3235 1318 3301 Leutbertus
1341 3230 1637 3325 arehiepiscopusi,
1663 3238 1822 3303 Altfridus
1846 3232 2054 3326 episcopum,

430 3342 501 3408 Odo
522 3334 726 3430 episcopusfi,
749 3339 942 3406 Adalelmus
959 3333 1101 3421 eomes7,
1126 3340 1352 3426 Iugelramnus
1371 3334 1509 3421 eomes¹,
1533 3341 1714 3406 Liutfridus
1730 3363 1850 3422 comes,
1874 3341 2053 3406 Theoderi·
2072 3367 2097 3407 aa

429 3467 487 3511 oua
511 3466 631 3526 comes,
654 3445 732 3509 item
756 3443 947 3508 Adolelmus
972 3465 1091 3509 eomes.

531 3651 559 3718 a)
578 3652 756 3719 lugelramuus
832 3650 900 3717 regis
917 3667 966 3701 cm.
985 3649 1091 3700 Hincm.
1162 3649 1189 3714 b)
1208 3650 1279 3701 illius
1297 3649 1359 3701 odd.
1379 3650 1483 3702 Hinom.
1555 3651 1580 3712 o)
1599 3651 1643 3701 ille
1661 3650 1766 3702 ffirrcrrr.
1835 3650 1863 3718 d)
1881 3669 1928 3702 ons.
1948 3651 2055 3702 Hiems.

428 3738 453 3804 e)
472 3739 510 3788 illi
527 3733 632 3788 Hirrum.
720 3735 745 3801 1)
764 3735 877 3802 dispoliat
894 3733 1000 3787 Hirtam.
1086 3733 1114 3801 g)
1133 3752 1180 3786 om.
1201 3732 1224 3786 1.

533 3924 559 3992 1)
579 3922 621 3977 Sc.
637 3921 799 3990 Flaadra'ae,
818 3921 981 3975 camarina
999 3925 1023 3974 st
1039 3919 1209 3974 macellarius
1226 3937 1245 3972 c
1261 3919 1379 3992 aemam·
1400 3921 1451 3986 afr.
1469 3936 1554 3989 capro
1567 3938 1595 3990 p.
1610 3923 1668 3990 165,
1683 3922 1772 3991 praef.
1855 3922 1883 3989 2)
1903 3921 1958 3988 Osr.
1977 3922 2054 3976 Post.

429 4025 506 4080 Met.
524 4025 583 4092 867,
609 4040 694 4093 cupro
711 4042 739 4093 p.
756 4025 812 4080 168.
917 4024 945 4090 3)
966 4022 1010 4076 Ad
1027 4023 1132 4076 verbum
1148 4021 1276 4076 monet
1293 4038 1355 4076 cum
1371 4023 1523 4078 cosmato
1541 4025 1712 4095 Iapclramm'.
1817 4025 1844 4095 4)
1863 4025 2054 4095 Mcqmstioue.
2073 4046 2099 4086 so

428 4132 456 4198 5)
474 4127 715 4184 Hiblcebcimcasis.
802 4129 830 4193 6)
853 4127 1047 4182 Bellococcasts.
1138 4124 1389 4194 quandoaurea.
