4568 6434
343 642 402 696 895.

422 465 483 526 242
535 459 801 514 ADDITXMIIN'I'A
821 461 869 514 ΑΙ)
888 460 1134 514 CAPITULARIA
1154 459 1284 515 aueum
1303 459 1487 514 FRANCIIIE
1508 460 1737 515 curcurlum.
1757 491 1788 499 —
1808 461 1855 514 Nr.
1869 461 1927 514 252.

530 634 620 721 Cap.
638 640 688 699 54.
733 634 790 700 Dc
816 635 895 712 his,
919 635 980 718 qui
1006 635 1243 700 voluntarie
1267 633 1528 699 homicidium
1553 635 1740 700 facerint.
1784 633 1836 699 De
1859 635 1920 710 his,
1944 625 2044 720 ιιμιί2ῠ

421 740 601 804 voluntarie
619 738 823 803 homicidium
841 736 1000 818 iecerint’‚
1025 740 1198 824 Ancyrano
1215 746 1328 804 sancto
1350 739 1486 804 concilio
1511 760 1580 825 cap.
1599 739 1692 805 XXI.
1715 740 1846 824 legitur,
1870 745 1905 803 ut
1921 739 2042 823 ‘poeni-

420 843 543 907 tentiae
568 841 698 927 quidem
722 842 841 926 iugiter
863 865 898 907 se
924 841 1129 915 submittant;
1159 843 1390 928 perfectionem
1416 864 1510 920 vero,
1533 843 1565 906 id
1590 852 1640 907 est
1663 843 1898 907 communionis
1922 840 2043 906 Christi

421 947 571 1030 gratiam,
596 948 682 1010 circa
706 947 792 1012 vitae
821 948 944 1011 exitum
969 943 1229 1031 consequantur'.
1280 945 1434 1010 Instituta
1464 947 1622 1011 canonica
1649 954 1682 1011 et
1705 953 1891 1010 sanctorum
1916 952 2043 1032 patrum

421 1050 556 1116 decreta
593 1056 704 1114 nostro
740 1057 774 1114 ct
804 1052 946 1115 omnimo
978 1051 1236 1115 orthodoxorum
1268 1050 1387 1114 iudicio
1421 1051 1642 1116 inviolabilem
1674 1050 1818 1115 habeant
1847 1051 2041 1115 firmitatem.
2072 1079 2083 1116 a

419 1155 523 1218 Nobis
548 1163 673 1234 autem,
704 1156 758 1240 qui
782 1163 931 1240 pastores
956 1154 1078 1219 Christi
1103 1155 1210 1218 ovium
1235 1175 1362 1235 sumus,
1392 1177 1450 1241 pro
1480 1153 1627 1220 moderni
1651 1155 1808 1240 temporis
1833 1155 1988 1239 qualitate
2012 1160 2046 1218 et

421 1257 586 1322 hominum
611 1259 789 1344 fragilitate
807 1259 926 1324 honum
944 1266 977 1324 et
993 1260 1073 1324 utile
1091 1259 1230 1338 videtur,
1256 1267 1291 1324 ut
1314 1260 1376 1340 his,
1401 1262 1455 1344 qui
1472 1260 1657 1324 voluntarla
1675 1258 1882 1324 homicidium
1898 1258 2045 1335 iecerint,

420 1363 615 1426 auctoritate
639 1362 784 1448 synodali
809 1369 841 1427 et
865 1363 983 1426 iudicio
1009 1364 1154 1448 generali
1177 1370 1209 1427 et
1225 1361 1378 1428 modum·
1401 1364 1625 1449 castigationis
1642 1365 1835 1450 inponamus
1853 1371 1886 1427 et
1901 1363 2045 1428 certuml

421 1488 459 1530 ac
482 1466 650 1530 delinitum
674 1466 896 1551 poenitentiae
922 1473 1069 1552 tempus⁰
1094 1475 1401 1552 praemonstremus,
1425 1489 1465 1532 ne
1490 1468 1651 1554 prolixum
1675 1477 1803 1554 tempus
1821 1468 2043 1553 poenitentiae

420 1577 557 1654 generet
581 1569 746 1633 fastidium
771 1570 1032 1654 neglegentibus,
1057 1571 1115 1635 sed
1139 1571 1282 1636 cursim‘¹
1306 1573 1490 1636 exercitatis
1513 1579 1682 1636 accrescat
1705 1592 1786 1658 opus
1810 1571 1936 1636 salutis.
2063 1602 2087 1640 ro

529 1706 634 1793 Cap·
659 1711 709 1770 55.
769 1706 825 1771 De
860 1709 1112 1794 poenitentia
1145 1707 1206 1772 XL

1599 1711 1704 1797 (ota.)

420 1811 579 1876 dierum.
640 1802 710 1874 Si²⁶
745 1812 817 1896 quis
852 1818 967 1897 sponte
999 1811 1204 1876 homicidium
1302 1811 1377 1878 δι”·
1406 1814 1478 1899 quis
1511 1822 1690 1901 spontanea
1719 1817 1884 1881 voluntate
1915 1815 2045 1880 diaholo

419 1915 544 1994 lecerit,
568 1913 628 1977 XL
651 1913 765 1979 diebus
788 1915 829 1980 ab
854 1915 1003 2000 ingressu
1024 1916 1205 1981 ecclesiael'
1259 1916 1417 1982 suadente
1446 1917 1653 1983 homicidium
1680 1920 1928 2007 perpetraverit,
1953 1919 2045 1984 iuxta

420 2025 571 2082 arceatur
609 2025 642 2082 et
687 2018 768 2084 nihil
809 2018 1003 2085 manducetc
1042 2020 1106 2084 illis
1145 2019 1205 2084 XL

420 2121 535 2187 diebus
571 2129 702 2207 praeter
736 2124 840 2187 solum
877 2145 993 2210 panem
1029 2131 1062 2188 ct
1093 2125 1205 2202 salem,

420 2225 549 2311 nequed
576 2225 683 2302 hibat,
718 2228 781 2291 nisi
810 2227 949 2313 puram‘¹
978 2249 1110 2314 aquam:
1145 2250 1204 2292 nu-

422 2330 470 2394 dis
500 2328 637 2414 pedibus
667 2329 811 2403 incedat;
846 2332 940 2397 lineis
968 2354 1031 2396 non
1054 2333 1207 2396 induatur

421 2433 585 2514 vestibus,
615 2435 678 2498 nisi
706 2441 850 2499 tantum⁰
877 2436 1103 2510 femoralibus;
1133 2459 1205 2502 sae·

420 2537 560 2602 cularia⁰
590 2558 680 2601 arma
709 2559 773 2602 non
805 2539 946 2624 portet*;
985 2540 1094 2605 nullos
1114 2541 1206 2606 vehi·

420 2641 492 2706 culo
517 2641 657 2714 utatu1·¹;
696 2641 736 2706 ad
759 2644 881 2708 nullam
905 2645 1058 2710 feminam
1080 2665 1141 2709 nec
1165 2645 1207 2709 ad

419 2745 581 2831 propriam
614 2767 751 2812 uxorem
786 2747 835 2811 his
869 2747 983 2813 diebus
1015 2749 1207 2824 misceatur;

420 2850 540 2913 nullam
565 2851 821 2916 communionem
842 2852 906 2915 illis
922 2851 982 2915 XL
998 2852 1115 2917 diebus
1133 2875 1206 2916 cum

419 2953 491 3017 aliis
508 2951 692 3017 christianis
710 2975 770 3018 nec
787 2976 860 3020 cum
876 2956 939 3021 allo
957 2956 1077 3021 habeat
1092 2959 1204 3043 poeni-

420 3062 509 3120 tente
542 3057 574 3120 in
604 3057 676 3122 cibo
708 3059 760 3123 vel
789 3067 867 3145 potu
899 3067 955 3124 aut
987 3061 1062 3124 ullis
1095 3060 1204 3127 rebus.

421 3161 480 3226 Si⁸
501 3181 580 3225 vero
613 3161 676 3225 sint
707 3163 808 3247 aliqui
833 3164 917 3228 vitae
948 3164 1047 3228 surae¹¹
1070 3165 1203 3230 insidia·

420 3272 517 3344 tores,
541 3271 576 3328 ut
599 3286 677 3350 prae
701 3267 767 3329 illis
784 3287 846 3330 non
862 3268 963 3352 possit
979 3267 1074 3352 digne
1090 3269 1203 3353 poeni-

420 3375 500 3448 tere,
523 3369 651 3432 interim
673 3369 844 3434 differatur
865 3370 912 3435 ei¹
936 3371 1066 3436 eadem¹
1090 3373 1203 3457 poeni·

419 3473 539 3550 tentia,
570 3471 674 3537 donec
706 3472 747 3537 ab
776 3474 928 3560 episcopo
960 3475 1116 3561 propriol
1140 3498 1204 3562 pax

420 3577 449 3639 ei
478 3574 519 3639 ab
555 3575 619 3640 illis
654 3576 696 3640 sit
727 3579 823 3642 facta.
880 3576 929 3642 81¹
960 3580 1067 3643 onim⁰
1096 3581 1204 3664 eliqua

419 3679 600 3765 corporali⁰
634 3678 821 3744 infirmitate
856 3680 1036 3746 detentusm
1069 3684 1127 3758 sit,
1168 3689 1204 3746 ut

418 3803 482 3847 non
514 3781 620 3868 possit
651 3783 712 3847 rite
741 3785 904 3865 ieiunare,
933 3784 1149 3851 adhibeaturu
1173 3787 1203 3851 ei

1281 2075 1306 2138 ¹)
1326 2072 1363 2126 Ia
1374 2072 1436 2126 Call.
1449 2073 1506 2129 Cot.
1518 2091 1537 2128 c.
1545 2076 1587 2128 52,
1598 2077 1638 2128 53.
1649 2075 1758 2129 55-58.
1769 2075 1799 2128 ia
1811 2075 1857 2128 hoc
1866 2073 2046 2127 braimensem

1326 2166 1408 2229 caput
1436 2168 1570 2215 contracta
1598 2167 1675 2215 sunt:
1713 2161 1751 2216 Ut
1778 2160 1936 2230 penitentia
1961 2177 2044 2230 snper
2064 2179 2086 2218 m

1325 2246 1483 2302 homicidiis
1500 2265 1555 2302 non
1574 2247 1696 2311 diversa,
1716 2251 1749 2301 ut
1767 2246 1851 2317 prius.
1871 2247 1918 2301 sed
1937 2246 1966 2300 in
1986 2247 2044 2316 epi·

1327 2333 1428 2404 scopiis
1453 2333 1571 2404 singulis
1597 2351 1653 2388 nno
1675 2351 1751 2388 more
1772 2337 1886 2404 agatur,
1915 2335 1967 2389 hoc
1989 2337 2043 2389 est:

1326 2419 1486 2490 Inprinrie²⁷
1515 2421 1642 2490 peniteat
1667 2421 1696 2474 in
1725 2437 1798 2491 pane
1826 2423 1855 2476 et
1879 2438 1964 2490 aqua,
1996 2422 2044 2490 qui

1328 2509 1428 2578 sponte
1455 2506 1558 2562 occidit
1585 2507 1733 2562 hommem.
1777 2507 1958 2563 Considerata
1979 2527 2044 2564 vero

1328 2610 1444 2663 persone
1467 2593 1606 2662 qualitate
1633 2594 1677 2648 vel
1705 2593 1868 2649 infirmitate
1897 2595 1931 2650 de
1954 2597 2044 2666 pomis
2062 2613 2088 2652 uo

1328 2680 1372 2734 vel
1403 2679 1544 2734 holeribus
1575 2697 1623 2735 seu
1652 2681 1806 2751 legumine,
1841 2685 1926 2752 prout
1955 2683 2044 2738 visum

1328 2766 1425 2828 fuerit,
1449 2766 1555 2835 aliquid
1582 2784 1631 2836 pro
1651 2767 1839 2822 misericordia
1857 2769 2046 2839 indulgeatur,

1328 2853 1448 2908 maxime
1466 2853 1489 2906 si
1508 2853 1571 2922 quis
1589 2856 1701 2909 coactus
1714 2855 1758 2909 vel
1777 2872 1833 2910 non
1846 2861 1945 2924 sponte
1958 2857 2046 2911 homi·

1328 2939 1432 2992 sidium
1457 2939 1532 2994 iecIt.
1579 2941 1663 2994 Arma
1689 2958 1744 2996 non
1772 2942 1844 2996 ferat
1871 2943 1914 2996 his
1937 2943 2045 3008 dlebus‚

1327 3025 1454 3095 equitare
1473 3043 1527 3080 non
1547 3027 1728 3095 permittatur
1746 3032 1775 3082 et
1792 3031 1883 3083 cetera
1896 3031 2043 3101 compleat,
2062 3044 2087 3085 as

1327 3116 1359 3167 ut
1371 3113 1455 3166 moris
1470 3116 1520 3167 est.
1554 3113 1662 3168 Dehinc
1677 3131 1726 3184 per
1739 3117 1827 3170 totum
1840 3131 1945 3170 annum
1958 3117 2044 3171 absti-

1327 3204 1393 3254 neat
1403 3217 1419 3254 a
1429 3216 1511 3254 carne
1522 3199 1633 3264 etvino,
1647 3200 1763 3256 medone
1776 3203 1805 3256 et
1815 3201 1922 3256 mellita
1932 3203 2045 3258 cervisa.

1361 3285 1474 3340 Duobus
1484 3289 1508 3321 ²¹
1533 3287 1715 3355 sequentibus
1743 3287 1824 3342 annis
1848 3287 1977 3344 similiter
2000 3307 2046 3345 ex·

1326 3375 1408 3442 cepta
1427 3371 1569 3428 dominica
1586 3373 1681 3442 et'qui
1699 3373 1796 3428 inille
1814 3375 1962 3444 parrochia
1980 3377 2042 3430 sesti

1326 3459 1384 3513 dles
1415 3459 1559 3514 habentur.
1609 3460 1674 3513 In¹l
1700 3459 1744 3514 his
1771 3463 1878 3526 tamen,
1910 3461 1934 3517 si
1962 3479 2044 3518 carue
2062 3482 2088 3521 ro

1330 3545 1463 3612 vescitur,
1486 3563 1504 3600 a
1528 3547 1627 3600 ceteris
1646 3547 1802 3612 abstineam
1831 3548 1853 3602 si
1871 3548 1937 3603 vino
1956 3551 2047 3606 utitur

1326 3631 1370 3685 vel
1384 3632 1509 3696 medone,
1523 3649 1578 3686 non
1593 3641 1721 3688 vescatur
1734 3651 1823 3698 carna.
1836 3635 1889 3689 nisi
1902 3635 2044 3692 licentiam

1325 3717 1396 3772 forte
1420 3719 1573 3788 acceperit,
1603 3723 1637 3774 ut
1665 3723 1740 3775 certo
1764 3721 1931 3778 elemosinae
1955 3725 2045 3794 pretIo

1327 3807 1355 3858 et
1374 3805 1518 3860 missarum
1539 3823 1653 3860 numero
1671 3806 1746 3862 diem
1764 3807 1892 3864 redimat.

521 3974 545 4039 ²)
565 3973 672 4026 Monac.
692 3974 794 4042 percit:
817 3991 868 4028 nec
890 3975 969 4029 uxori
993 3992 1044 4030 neo
1062 3975 1148 4030 alicui
1166 3976 1286 4031 feminae
1304 3977 1450 4048 iungatur;
1481 3979 1557 4034 nullo
1584 3981 1677 4034 saltim
1699 3982 1839 4051 colloquio
1857 3983 2044 4054 coniungatur
2062 4004 2086 4045 aa

418 4060 460 4114 his
483 4059 594 4122 (lichum
619 4059 726 4112 nnllam
749 4059 971 4114 communionem
994 4061 1098 4115 habeat
1121 4078 1182 4115 cunr
1209 4063 1284 4116 omni
1312 4062 1476 4129 christiano,
1506 4067 1563 4119 tam
1587 4065 1618 4120 in
1641 4067 1703 4122 cibo
1730 4085 1813 4136 quam
1837 4070 1866 4123 iu
1891 4073 1974 4140 potu.
1993 4089 2044 4128 nec

418 4147 585 4201 vestimenta
603 4145 662 4199 eius
681 4145 716 4199 ab
734 4145 830 4215 aliquo
848 4146 1001 4202 christiano
1020 4150 1182 4217 tangantur.

520 4320 562 4374 54-
597 4319 622 4384 a)
641 4322 667 4372 id
685 4329 725 4372 cst
742 4322 769 4370 in
786 4323 844 4374 cibo
863 4331 887 4373 et
907 4331 981 4388 potu,
1005 4331 1035 4374 nt
1058 4325 1175 4388 sequenti
1200 4333 1356 4378 monstratur
1373 4329 1487 4396 capitulo
1502 4330 1590 4396 glossa
1607 4347 1689 4398 marg.
1706 4333 1735 4382 in
1755 4330 1827 4384 1-3.
1925 4333 1952 4398 b)
1971 4335 2042 4388 vide·

416 4413 477 4462 licat
490 4411 538 4460 VII
557 4425 683 4460 annorum
702 4408 760 4458 item
779 4405 854 4459 1-3.

942 4409 966 4473 o)
984 4426 1065 4474 usqne
1084 4412 1110 4460 in
1130 4411 1227 4461 exitum
1246 4411 1328 4474 viras,
1347 4421 1377 4464 ut
1395 4416 1421 4464 in
1440 4418 1577 4481 Aneyrano
1595 4418 1703 4469 concilio
1720 4418 1779 4469 iteca
1798 4415 1877 4484 l—3‚
1896 4420 1924 4470 irs
1941 4417 1966 4471 3.
1984 4437 2043 4472 nero

416 4496 453 4548 ccl
470 4495 598 4564 prolixum
616 4501 724 4560 tempus.
814 4496 840 4556 dl
860 4511 904 4562 per
922 4497 1037 4562 spacium
1050 4497 1098 4546 VII
1117 4514 1243 4548 armorum
1261 4498 1319 4550 item
1338 4499 1413 4551 1-3.
2060 4517 2086 4556 to

523 4598 566 4650 55.
601 4597 627 4662 ιι)
646 4597 701 4648 Sub
720 4597 826 4648 Amolio
845 4599 996 4665 imperatore
1015 4601 1084 4650 malr.
1105 4601 1133 4650 iu
1151 4600 1253 4651 Monac.
1274 4600 1366 4654 14628.
1437 4603 1466 4668 b)
1485 4608 1572 4673 templi
1591 4608 1625 4658 id.
1699 4608 1723 4668 cl
1743 4610 1768 4659 in
1788 4609 1850 4660 add.
1868 4610 1904 4660 id.
1974 4611 2001 4676 d)
2019 4619 2045 4664 et

415 4687 488 4738 bibat
511 4701 602 4752 puram
620 4683 655 4735 id.
749 4681 774 4745 c)
792 4701 833 4734 om
849 4683 884 4735 id.
980 4685 1003 4750 I)
1022 4687 1093 4736 nullo
1178 4695 1266 4738 utatur
1282 4705 1330 4740 om.
1349 4687 1410 4740 3.I.
1503 4691 1531 4758 gl
1549 4694 1671 4744 Arnollus
1689 4695 1759 4744 mbr.
1779 4695 1922 4760 praemittit
1938 4695 2042 4748 Monac.

415 4775 442 4836 h)
462 4770 666 4838 poenitentiarii

763 4772 781 4834 i)
799 4770 869 4822 illius
888 4771 922 4822 id.
1016 4771 1044 4837 k)
1067 4785 1115 4824 suo
1139 4791 1188 4839 pax
1212 4774 1236 4824 ei
1260 4777 1337 4826 luerit
1360 4776 1429 4827 facta
1453 4777 1487 4828 id.
1585 4779 1604 4842 1)
1623 4781 1743 4830 Eiusdem
1762 4781 1834 4831 aibr.
1847 4782 1992 4847 praemittit
2008 4783 2043 4834 id.

416 4860 450 4922 m)
468 4859 600 4925 paenitens
618 4857 710 4907 detcnt.
730 4857 808 4907 luerit
824 4857 860 4907 id.
954 4857 982 4921 ιι)
1002 4859 1174 4910 urinaricordia
1192 4861 1214 4910 ei
1234 4861 1308 4910 detur
1325 4861 1406 4912 donec
1424 4861 1459 4914 id.

517 4959 578 5014 bba.
617 4961 671 5028 CJr.
697 4959 755 5011 Tala
771 4961 829 5026 III,
848 4980 889 5012 nr.
903 4961 999 5015 eam.
1035 4964 1060 5026 a)
1080 4967 1144 5015 Item
1169 4966 1195 5016 in
1218 4967 1315 5032 synodo
1333 4967 1420 5018 domni
1443 4969 1568 5020 hrotberti
1588 4971 1619 5021 de
1637 4971 1726 5022 cadam
1746 4989 1773 5022 re
1794 4973 1864 5038 apud
1882 4975 2041 5039 mogontiam
2060 4989 2085 5030 es

415 5049 503 5100 habita
521 5063 576 5114 cap.
590 5048 711 5098 XXXIII.
729 5047 801 5098 ncbr.
819 5049 847 5098 in
867 5049 935 5105 cot,-
962 5051 1000 5101 Ds
1018 5052 1116 5116 synodo
1136 5041 1262 5102 Liutberti
1279 5054 1347 5120 apud
1367 5055 1526 5120 Mogontiam
1544 5056 1635 5108 habita
1653 5057 1724 5108 rubr.
1747 5057 1775 5108 in
1795 5059 1893 5124 Grcels„
1920 5057 2043 5120 maduo..-

415 5138 449 5187 Ut
474 5135 630 5202 poenitentia
653 5151 731 5202 super
754 5135 898 5186 homicidiis
919 5153 969 5186 non
993 5138 1093 5188 diverso
1117 5154 1198 5202 more,
1223 5148 1252 5190 ut
1272 5141 1357 5206 prius,
1380 5142 1424 5191 sed
1447 5143 1472 5192 in
1496 5143 1631 5209 episcopiis
1653 5144 1761 5210 singulis
1784 5162 1837 5197 uno
1857 5163 1927 5197 mors
1949 5154 2043 5214 agatur

414 5220 509 5288 (stupra
532 5221 577 5270 lin.
597 5219 704 5286 15599.)
745 5223 784 5271 Ex
807 5223 915 5273 concilio
941 5223 1100 5276 Triburiensi
1125 5225 1195 5274 rrrbr.
1219 5243 1261 5292 ap.
1288 5224 1362 5290 Req.,·
1389 5229 1427 5278 Dc
1453 5229 1612 5295 peonitentia
1638 5231 1829 5283 homicidarum.
1872 5234 1911 5283 Ex
1934 5235 2043 5287 concilio

413 5307 581 5358 Triburisnsi.
618 5309 652 5358 Ut
670 5309 824 5373 paenitentia
913 5318 1014 5376 agutur.
1050 5312 1078 5360 Id
1097 5320 1147 5369 est,
1171 5313 1192 5361 si
1214 5313 1272 5377 quis
1299 5313 1406 5368 audiat:
1433 5317 1459 5366 Si
1483 5317 1541 5379 quis
1562 5323 1703 5382 spontanea
1722 5319 1855 5370 voluntate
1878 5321 2042 5373 homicidium

413 5393 610 5462 perpetraverit,
641 5393 712 5444 iuxta
736 5395 837 5445 decreta
864 5395 997 5446 Melcirrdis
1024 5413 1107 5462 papae
1134 5407 1160 5447 et
1185 5400 1358 5450 'triburiensis
1382 5402 1483 5452 concilii
1506 5410 1603 5454 statuta
1626 5404 1702 5456 talem
1725 5407 1906 5471 poenitentiam
1927 5407 2043 5473 accipere
2061 5437 2086 5477 50

414 5481 496 5532 debet.
542 5481 581 5530 Ex
605 5479 713 5531 concilio
736 5481 896 5532 Triburiensi
920 5497 975 5547 cap.
989 5483 1031 5532 IV.
1052 5483 1170 5550 inprimis
1188 5493 1218 5535 ut
1235 5486 1365 5537 licentiam
1384 5485 1497 5548 Burch.,·
1515 5490 1635 5556 Capitulo
1647 5492 1693 5542 III.
1711 5491 1783 5543 rubr.
1801 5492 1829 5542 in
1846 5491 1938 5545 Bamb.

517 5651 562 5716 uu)
583 5649 660 5704 Coae.
680 5651 780 5720 Ancyr.
805 5667 825 5703 c.
843 5651 891 5717 ⁶21,
924 5651 1017 5704 Manet
1031 5651 1078 5718 ΙΙ,
1101 5655 1149 5713 σοί,
1162 5657 1220 5709 um.

1328 5659 1373 5716 26)
1394 5657 1445 5724 Cli:
1467 5658 1546 5713 Corte.
1568 5659 1638 5728 qu.
1657 5661 1722 5726 852,
1746 5677 1830 5731 aspira
1844 5679 1873 5731 p.
1889 5664 1946 5730 189,
1965 5679 1987 5717 c.
2003 5665 2041 5722 11.

413 5755 458 5820 ut)
480 5751 535 5818 Cfr.
553 5767 574 5805 c.
587 5755 629 5806 55.
642 5751 684 5806 56.
776 5753 820 5820 28)
844 5753 933 5806 Aliter
957 5769 979 5808 c.
993 5756 1035 5808 57.
1132 5757 1177 5825 29)
1199 5758 1255 5825 Ost.
1279 5776 1301 5815 c.
1321 5761 1362 5815 56.
