4568 6434
418 431 481 494 218
534 425 802 481 nnnlrnnnnru
823 427 870 480 AD
888 425 1136 481 CAPITULARIA
1153 426 1284 482 REGUM
1304 426 1487 482 rannone
1508 425 1736 481 ORIENTALIS.
1755 455 1787 465 -
1806 425 1855 480 Nr.
1867 425 1927 480 252.

336 609 400 664 995.
420 603 473 668 vel
496 600 663 680 fraudant,
696 601 836 666 comiteb
859 608 978 687 agente
1009 607 1235 680 coerceantur,
1267 608 1303 664 ut
1330 622 1381 664 res
1410 601 1562 666 ablatae⁰
1591 602 1734 686 legitime
1764 600 1978 665 restituantur
2009 605 2042 661 et

419 710 664 792 componantur.
717 703 752 768 Si
776 702 875 768 roro‘l
899 726 1008 768 carues
1032 725 1096 769 nou
1120 704 1360 790 procuraverit⁰
1384 706 1435 769 vel
1459 725 1523 768 non
1544 704 1782 784 emendaverit,
1814 702 1856 767 ab
1873 699 2044 788 episcopo‘

420 809 575 873 canonice
600 809 891 894 constringantur⁸‚
915 815 950 872 ut
973 830 1025 872 res
1050 808 1273 873 restituantur.

528 929 632 1015 Cap.⁸
655 933 684 994 8.
736 929 793 993 De
825 929 898 1006 bis,
934 930 997 1015 qui
1029 935 1278 994 contemnunt
1313 929 1478 994 bannum
1512 927 1558 992 ab
1590 927 1787 1014 episcopis
1819 927 2042 1013 inpositum.

420 1033 526 1098 Nemo
543 1040 732 1098 contemnat
748 1033 874 1117 nequeb
898 1031 1176 1116 transgrediaturb
1199 1032 1363 1097 bannum⁰
1385 1031 1426 1096 ab
1444 1031 1605 1117 episcopis
1622 1029 1897 1118 superpositumd.
1936 1029 2043 1093 Sciat⁶
2073 1044 2084 1082 ⁵

422 1143 455 1202 et
478 1135 653 1201 abhorreat
676 1135 727 1200 ins
747 1135 886 1221 epistola
909 1135 996 1200 boati
1015 1135 1195 1201 Clementis
1219 1136 1339 1201 dictum
1365 1142 1479 1200 contra
1503 1159 1538 1201 sc
1557 1136 1727 1221 scriptum:
1763 1129 1847 1199 ‘Si69
1863 1134 1954 1198 vobis
1976 1134 2044 1218 epi-

422 1240 553 1327 scopisss
575 1261 639 1304 nou
663 1240 869 1305 oboedieriut
892 1231 1074 1316 omuesl70,
1105 1246 1170 1304 tam
1195 1239 1351 1305 ιιιιιίοιιιιι1
1376 1241 1497 1328 quarnk
1520 1241 1566 1305 ct¹
1590 1239 1753 1304 interioris
1777 1238 1924 1302 ordinism
1948 1241 2046 1322 atque

421 1343 538 1428 reliqui
563 1344 684 1429 populi,
708 1343 809 1407 tribus
834 1351 867 1408 et
889 1342 1055 1428 linguael,
1079 1365 1143 1407 uon
1168 1346 1273 1409 solum
1297 1345 1445 1425 infames,
1470 1346 1550 1411 sed¹¹
1574 1351 1626 1410 et⁰
1650 1350 1798 1409 extorres
1822 1364 1841 1407 a
1864 1360 1965 1425 regno
1982 1339 2046 1403 Dei

422 1453 455 1510 et
478 1448 640 1511 consortio
664 1446 806 1512 fidelium
815 1459 829 1496 1¹
852 1470 870 1512 a
894 1446 1060 1511 liminibus
1085 1456 1218 1512 sanctae
1241 1447 1327 1512 Dei¹1
1351 1451 1510 1515 ecclesiae
1534 1448 1653 1514 alieniq
1677 1442 1790 1512 eruut’.
1834 1445 1895 1508 ΕΗ
1918 1442 2046 1508 audiat⁸

421 1549 528 1636 ipsum
559 1549 735 1615 Dominum
767 1551 799 1615 iu
828 1551 999 1636 cvangelio
1031 1550 1209 1616 dicentem:
1246 1544 1353 1626 ‘Quill
1386 1575 1444 1618 vos
1474 1553 1580 1630 audit,
1613 1573 1664 1616 me
1694 1549 1800 1628 audit,
1833 1549 1879 1613 ett
1909 1547 1964 1632 qui
1987 1567 2045 1609 ros
2066 1569 2090 1607 ro

423 1655 565 1741 spernit,
599 1677 650 1719 me
673 1655 830 1741 spemir’.
888 1655 1096 1741 Quapropter
1125 1667 1205 1720 uosu
1236 1657 1459 1741 evangelicam
1496 1665 1529 1722 et
1560 1655 1774 1741 apostolicam
1804 1650 2047 1717 considerantes

425 1758 664 1836 auctoritatem,
688 1781 753 1823 uon
776 1766 947 1846 quaestum
972 1760 1200 1846 pecuniarum,
1224 1760 1281 1826 scd
1306 1762 1429 1826 lucrum
1455 1769 1649 1848 quaerentes
1673 1761 1850 1824 animarum
1875 1755 2047 1819 statuimus

424 1871 458 1926 et
486 1862 728 1942 confirmamus,
761 1870 810 1940 ut,
843 1863 871 1926 si
898 1864 970 1948 quis
998 1870 1073 1950 post
1102 1864 1184 1929 lianc
1213 1865 1308 1928 buius
1339 1867 1465 1929 sanctiv
1488 1865 1616 1931 concilii
1643 1862 1870 1928 diffinitionem
1898 1861 2049 1923 iuventus

424 1965 531 2044 fuerit,
556 1964 741 2050 corrupisse
765 1965 905 2030 bannum
931 1968 972 2030 ab
997 1968 1155 2053 episcopis
1180 1968 1365 2052 inpositum,
1387 1969 1448 2033 XL
1469 1968 1594 2041 dicrum
1615 1967 1830 2052 castigatione
1847 1963 2048 2048 corripiatur,

425 2076 580 2133 tantumw
602 2070 634 2133 iu
659 2090 755 2154 pane,
779 2071 848 2135 salc
871 2077 905 2136 et
929 2092 1023 2157 aqua.
2068 2108 2090 2146 a

535 2188 647 2275 Cap*
670 2195 699 2254 n.
754 2191 812 2255 De
846 2213 904 2271 eo,
944 2192 975 2256 si
1010 2194 1222 2279 episcopus
1257 2195 1571 2259 ecclesiasticum
1608 2200 1647 2260 et
1681 2215 1806 2258 comes
1841 2189 2047 2256 saeculare

427 2293 618 2378 placitum
658 2315 732 2358 nna
769 2293 830 2359 die
869 2295 1124 2360 condixerint.
1188 2297 1269 2362 Cum
1308 2305 1418 2364 auteur
1457 2300 1630 2385 episcopus
1665 2297 1839 2362 ecclesiam
1873 2291 2050 2386 adomiuo

427 2399 499 2464 Deo
524 2398 585 2462 sibi
608 2399 814 2463 commissam
838 2421 957 2484 regens
974 2401 1198 2486 episcopatum
1217 2403 1449 2467 circumeundo
1467 2403 1650 2488 perrexerit
1672 2409 1706 2465 ct
1722 2399 1877 2486 placitum
1894 2396 2050 2462 canonice

429 2503 641 2568 constitutum
666 2495 883 2568 decreverit72
902 2503 1122 2590 populumque
1144 2503 1205 2568 sibi
1229 2504 1386 2570 creditum
1412 2506 1467 2570 illo
1489 2505 1674 2569 invitaverit
1695 2509 1792 2588 atque
1809 2522 1919 2565 comes
1935 2498 2049 2564 eadem

428 2607 491 2686 dis,
516 2607 623 2671 sciens
640 2606 794 2692 placitum
817 2607 858 2670 ab
883 2607 1037 2692 episcopo
1059 2607 1243 2672 condictum
1261 2609 1312 2673 vel
1329 2610 1490 2686 nesciens,
1514 2610 1690 2695 placitumb
1715 2629 1787 2672 curn
1811 2605 1932 2692 populo
1957 2623 2051 2666 suum
2069 2628 2095 2668 eo

429 2709 611 2774 condixerit
640 2717 674 2773 et
702 2731 761 2796 per
791 2710 932 2774 bannum
964 2711 1041 2774 illuc
1073 2711 1185 2775 venire
1215 2713 1438 2799 praeceperit:
1473 2714 1628 2798 placitum
1658 2711 1786 2776 comitis
1818 2729 1931 2774 omnes
1961 2711 2052 2793 post-

429 2807 597 2900 ponant73,
625 2821 659 2878 et
688 2835 798 2879 comes
830 2815 900 2901 ipse
924 2814 1076 2901 idemque
1100 2816 1238 2902 populus
1270 2823 1345 2903 post
1367 2818 1556 2903 episcopum
1586 2817 1703 2880 festine
1727 2819 1879 2902 pergant,
1910 2812 2052 2875 scientes

430 2939 465 2982 se
494 2939 559 2983 non
591 2919 656 2983 illic
687 2918 843 2983 seditiosa
872 2919 1077 2983 contentione
1105 2917 1291 2996 decertare,
1322 2919 1379 2985 sed
1408 2942 1465 3006 pro
1497 2919 1560 2983 tide
1584 2919 1745 2983 catholica
1773 2916 1958 3000 invigilare,
1989 2934 2052 2977 nou

430 3022 594 3086 cumulum
630 3023 859 3107 pecuniarum,
894 3021 950 3085 sed
985 3023 1108 3085 lucrum
1145 3043 1344 3106 congregare
1376 3025 1566 3088 animarum.
1623 3022 1718 3088 Unde
1750 3021 1781 3085 iu
1817 3019 1931 3084 eadem
1964 3019 2053 3083 beati

431 3126 612 3192 Clementis
635 3125 789 3211 epistola:
819 3117 1029 3203 ‘vestrumlt
1060 3127 1114 3212 qui
1138 3127 1302 3210 legatione
1328 3127 1458 3192 Domini
1483 3129 1664 3212 fungimini,
1688 3133 1739 3192 est
1761 3125 1879 3190 docere
1904 3124 2052 3210 populos.
2072 3147 2096 3188 aa

430 3230 551 3294 Florum
577 3251 654 3295 vcro
678 3237 738 3308 est,
762 3229 855 3294 vobis
878 3230 1044 3311 oboedire,
1067 3239 1104 3295 ut
1126 3230 1220 3304 Deo';
1245 3239 1278 3296 et
1301 3233 1332 3296 in
1358 3232 1499 3317 epistola
1523 3230 1702 3296 Alexandri
1726 3251 1830 3317 papae
1853 3227 2054 3293 successoris

430 3334 590 3398 Enoriati:
622 3326 704 3400 ‘Sili’
727 3335 798 3418 quis
831 3341 939 3398 autern
970 3335 1168 3419 legationem
1199 3343 1342 3400 vestram
1370 3334 1522 3420 impedit,
1555 3356 1619 3399 non
1649 3334 1758 3414 unius,
1790 3331 1848 3398 sed
1879 3331 2054 3395 multorum

430 3439 610 3526 proiectum
635 3438 763 3502 avertit.
814 3437 858 3502 Et
880 3439 964 3502 siout
986 3439 1094 3502 multis
1118 3446 1224 3518 nocet,
1249 3439 1294 3503 ita
1320 3461 1340 3502 a
1363 3439 1472 3502 multis
1503 3444 1553 3503 est
1583 3436 1780 3523 arguendus.
1827 3435 1871 3500 Et
1893 3435 1969 3520 quia
1991 3433 2056 3498 Dei

431 3563 562 3607 oausam
594 3540 730 3628 impedit
765 3549 799 3606 et
831 3547 950 3606 statum
989 3542 1148 3608 ecclesiae
1180 3545 1370 3623 conturbat,
1406 3542 1480 3608 ideo
1515 3565 1534 3606 a
1570 3541 1737 3607 liminibus
1772 3541 1843 3606 eius
1877 3535 2052 3604 arceatur’.

533 3731 558 3792 ⁸)
578 3731 613 3784 In
626 3729 828 3784 natantem
838 3730 915 3798 prior
926 3729 1115 3798 copitalipars
1126 3730 1275 3797 bectorrita
1284 3736 1382 3785 astat:
1398 3730 1592 3784 Alexandri.
1622 3730 1724 3800 [curm]
1738 3729 1883 3798 episcopus
1895 3725 2054 3782 circuiendo
2072 3735 2098 3774 ao

432 3819 606 3890 parrochiam
629 3816 670 3871 sui
695 3817 873 3887 episcopatus
896 3818 925 3870 et
948 3816 1082 3886 placitum
1106 3835 1186 3871 suum
1205 3819 1337 3872 canonice
1356 3817 1539 3872 constitutum
1558 3817 1693 3888 populum
1713 3817 1766 3872 sibi
1785 3815 1920 3871 creditum
1939 3813 1989 3868 illo
2007 3812 2056 3866 ad·

431 3909 579 3962 venturum
597 3902 722 3958 decrerit
739 3906 768 3957 et
785 3919 875 3956 cornea
893 3901 955 3972 ipsa
973 3902 1019 3956 die
1043 3903 1133 3958 sciens
1151 3902 1287 3958 indictum
1311 3903 1447 3974 placitum
1470 3904 1641 3972 condixerit,
1669 3921 1731 3958 cum
1753 3902 1871 3957 bannito
1897 3899 2001 3971 populo
2020 3899 2055 3954 ad

433 3992 559 4064 episcopi
577 3991 710 4061 placitum
730 3991 834 4045 veniat.

536 4171 560 4223 7.
597 4169 624 4234 b)
645 4170 771 4222 acomite
789 4184 869 4220 coare.
888 4167 923 4219 id.
1010 4165 1034 4233 c)
1052 4186 1100 4220 oar.
1119 4168 1153 4220 id.
1245 4167 1272 4233 d)
1291 4186 1343 4220 nou
1362 4169 1557 4236 procuraverint
1579 4168 1622 4220 vel
1644 4185 1697 4218 uon
1718 4165 1911 4219 emendaverint
1931 4161 2015 4228 pergit
2031 4159 2056 4213 5.

433 4261 457 4324 s)
475 4267 595 4328 procurat
613 4297 619 4310 .
634 4295 660 4310 ..
678 4255 911 4309 emendatMoaoc.
1000 4256 1021 4318 1)
1039 4255 1089 4306 1οοί
1102 4255 1162 4305 add.
1180 4255 1216 4304 id.
1298 4257 1327 4322 g)
1346 4256 1537 4322 constringatur
1554 4263 1584 4306 ut
1602 4255 1724 4306 ecclesias
1741 4253 1842 4304 ablatas
1859 4267 1901 4302 res
1917 4249 1953 4300 td.
2075 4247 2100 4287 ³⁵

536 4363 561 4416 8.
597 4363 622 4426 ιι)
645 4365 684 4413 De
707 4360 938 4426 transgressoribus
960 4359 1039 4409 banni
1063 4357 1213 4424 episcopalis
1237 4358 1308 4408 rubr.
1331 4358 1359 4408 in
1383 4357 1585 4423 1155553853,
1610 4358 1648 4410 St.
1669 4358 1770 4422 Circeis,
1795 4356 1888 4419 Parin
1913 4355 1952 4404 De
1970 4352 2057 4403 hauno

435 4453 576 4522 episcopali
594 4449 695 4502 concilii
713 4448 803 4500 Niceni
821 4446 942 4512 oapvn.
962 4446 1032 4496 rubr.
1055 4446 1083 4496 ia
1104 4445 1213 4506 saraca
1235 4447 1371 4496 Fructuosi
1390 4446 1501 4512 episcopi
1519 4447 1589 4496 rubr.
1612 4446 1640 4496 ia
1658 4445 1761 4496 illoaoc.
1781 4441 1873 4494 14628.
1961 4436 1989 4502 b)
2008 4455 2057 4488 om·

436 4541 541 4602 rnen,
558 4539 663 4589 Monac.
683 4533 775 4586 ltt‘28.
872 4531 897 4594 c]
916 4533 976 4584 ban.
995 4533 1107 4600 episcopi
1125 4532 1229 4583 Monac.
1248 4531 1328 4592 385&
1352 4533 1410 4582 ban.
1436 4533 1560 4599 episcopis
1579 4531 1616 4582 St.
1637 4531 1732 4586 Gracia
1830 4527 1857 4592 d)
1876 4543 1959 4594 usque
1978 4533 2059 4576 trane
2100 4591 2101 4594 Ἴ

435 4628 565 4696 gradiatur
583 4624 644 4675 cdd.
665 4621 759 4674 sano.
846 4616 871 4684 a)
890 4619 1067 4684 uuusquisque
1086 4618 1149 4669 add.
1169 4618 1191 4668 l.
1244 4627 1245 4630 ’
1285 4617 1305 4678 1)
1323 4618 1390 4669 sicut
1413 4618 1474 4668 dicit
1491 4625 1595 4669 sanetus
1613 4617 1742 4669 Clemens:
1765 4617 1801 4667 Ut
1818 4615 1839 4666 si
1857 4615 1915 4680 quis
1932 4612 2058 4680 episeopis

436 4714 540 4765 Monac.
560 4708 652 4762 14628.
739 4706 766 4776 g)
784 4724 833 4758 om.
853 4705 948 4758 aaran.
1027 4703 1644 4772 5)οιιιιιειι...11ιιςιιιιοοιιι.Μοιιασ.14628.
1731 4703 1749 4761 i)
1769 4703 1870 4754 maioris
1881 4700 1906 4752 3.
1918 4697 1943 4764 1,
1963 4698 2058 4751 Saliab.
2076 4697 2102 4736 ⁴⁰

442 4800 548 4852 Vindob.
566 4806 589 4850 et
611 4797 745 4862 Bomberg.
764 4812 785 4846 c.
810 4793 853 4858 70,
878 4791 1021 4844 Pa-Olcnr.
1121 4790 1148 4856 k)
1166 4809 1242 4858 quam
1267 4801 1291 4844 et
1313 4793 1358 4844 inf.
1377 4809 1426 4844 om.
1444 4790 1468 4843 4.
1566 4791 1586 4858 1)
1605 4809 1653 4842 eur.
1671 4791 1776 4842 Monac.
1798 4787 1876 4852 385³,
1899 4788 1937 4839 St.
1961 4786 2059 4850 Gracia,

436 4888 522 4941 Paria.
603 4881 811 4947 mialariciadd.
826 4881 870 4932 iid.
951 4879 979 4943 ιι)
993 4879 1157 4930 onaMcnnc.
1172 4876 1263 4930 14628.
1342 4877 1427 4940 olom.
1442 4875 1471 4938 4;
1490 4879 1566 4930 etiam
1578 4876 1603 4930 5.
1673 4876 1700 4944 p)
1718 4868 2059 4928 incrementat.

436 4981 462 5042 ql
482 4977 546 5026 fiant
568 4972 645 5024 aliani
662 4971 698 5022 id.
796 4969 818 5033 r)
837 4969 870 5018 Et
892 4968 914 5018 si
936 4968 995 5031 quis
1017 4966 1172 5033 praedictum
1197 4967 1312 5016 bannum
1335 4967 1486 5032 corruperit,
1507 4967 1555 5015 XL
1579 4965 1633 5016 dies
1654 4966 1681 5014 in
1706 4981 1784 5031 pauc,
1813 4962 1866 5014 sele
1889 4968 1915 5012 et
1932 4975 2000 5026 aqua
2017 4958 2058 5018 sit,

436 5081 485 5116 ora.
499 5062 566 5124 rell„
585 5059 618 5110 id.
699 5057 843 5121 claudicat
856 5053 951 5106 sarno.
1032 5055 1052 5117 t)
1070 5061 1096 5105 et
1114 5093 1118 5104 .
1134 5093 1140 5105 .
1156 5091 1162 5104 .
1180 5051 1386 5121 spernitom.id.
1461 5051 1490 5116 u)
1508 5069 1554 5103 vor
1568 5051 1676 5111 Salate
1694 5049 1849 5112 atcania,
1866 5043 2059 5105 normaton,

438 5151 475 5202 St
497 5147 594 5210 eruas,
612 5144 697 5196 Paris.
784 5143 813 5205 v)
831 5159 878 5192 ont.
898 5141 1033 5206 Bambcrq.
1122 5140 1155 5206 w)
1173 5157 1221 5190 om.
1240 5139 1285 5202 id,
1305 5139 1412 5190 Vindob.
1567 5125 1569 5129 ,
2078 5131 2103 5172 ⁴⁵

540 5250 565 5303 9.
601 5250 627 5310 al
645 5265 693 5300 om.
712 5247 817 5298 Monac.
905 5244 933 5310 5)
953 5246 1018 5312 plac.
1043 5262 1119 5296 suum
1143 5262 1201 5295 cum
1227 5261 1285 5311 pop.
1309 5243 1381 5294 cond.
1399 5240 1423 5294 3.

541 5423 585 5490 69)
604 5416 852 5474 Pseudo-Clemens
867 5433 888 5470 c.
908 5416 984 5482 57,1.
1003 5431 1025 5470 c.
1041 5433 1070 5483 p.
1089 5415 1130 5468 53.
1219 5414 1262 5482 70)
1282 5429 1377 5466 omnes
1395 5411 1549 5482 presbiteri,
1568 5411 1678 5465 diaconi
1693 5427 1726 5465 ac
1744 5407 1906 5464 subdiaconi
1919 5409 1949 5460 et
1959 5402 2061 5472 reliqui

439 5528 533 5586 clerici
558 5525 652 5581 cuncti
678 5538 828 5590 omnesque
854 5519 994 5590 principes
1022 5521 1080 5572 tam
1112 5516 1224 5570 maioris
1251 5515 1356 5569 ordinis
1383 5533 1467 5584 quam
1492 5518 1521 5570 et
1548 5513 1693 5568 Pa-Olcm.
1806 5512 1849 5578 71)
1872 5510 1941 5564 Inte.
1966 5507 2061 5571 1516.

440 5631 483 5698 71)
508 5630 563 5696 Ost.
586 5628 658 5682 Doce
680 5627 697 5682 1.
715 5642 736 5679 c.
765 5623 813 5678 IV
834 5623 935 5690 (1861),
964 5639 991 5689 p.
1011 5623 1105 5688 reno.
1229 5618 1271 5684 73)
1297 5617 1369 5672 Ibid.
1394 5618 1423 5686 V,
1446 5635 1475 5686 p.
1496 5620 1567 5686 lisq.
1682 5618 1726 5688 71)
1754 5616 1810 5682 Csr.
1835 5629 1918 5682 utapro
1941 5615 1995 5665 aot.
2019 5610 2061 5664 69.

441 5737 485 5803 75)
506 5729 792 5788 Pauca-aremare
810 5745 831 5782 c.
852 5729 892 5795 13,
912 5726 928 5780 l.
948 5743 970 5782 c.
984 5743 1013 5795 p.
1033 5727 1091 5781 lor.
2080 5722 2106 5763 so
