4634 6436
433 432 492 492 124
689 423 958 479 ADDITAMENTA
977 424 1025 477 AD
1044 423 1290 479 carlruonala
1308 424 1435 478 nabunt
1455 423 1609 480 lustras.
1630 455 1661 462 -
1681 425 1730 479 Nr.
1742 424 1802 478 930.

352 719 410 774 898.
535 671 628 788 Quia
660 718 770 782 divina
801 717 979 803 inspirante
1008 718 1232 782 misericordia
1259 724 1370 782 vestra
1400 718 1571 783 nobiscum
1601 719 1752 782 convenit
1781 717 1987 794 fraternitas,
2019 723 2055 781 ut

430 827 510 885 nutu
540 825 644 886 sancti
669 821 822 906 Spiritus,
855 823 909 906 qui
940 823 1008 886 suis
1038 843 1213 908 numquam
1237 821 1331 885 deest
1353 819 1522 899 fidelibus,
1554 821 1714 885 communi
1742 821 1885 884 omnium
1909 829 2054 885 vestrum

430 927 593 1006 consultu,
626 927 743 990 fratres
774 925 948 1002 carissimi,
981 946 1034 1002 ea,
1065 946 1148 1009 quae
1177 925 1368 988 necessaria
1394 929 1527 988 sanctae
1550 924 1614 988 Dei
1641 923 1800 988 ecclesiae
1824 923 2054 1008 praevidimus,

428 1049 493 1091 una
517 1049 588 1092 eum
614 1028 774 1114 spirituali
798 1028 865 1091 filio
887 1034 1010 1107 nostro,
1034 1028 1271 1112 gloriosissimo
1291 1026 1444 1090 videlicet
1467 1027 1665 1110 imperatore
1681 1025 1868 1106 Lamberto,
1892 1033 1925 1090 et
1948 1032 2054 1091 vestro

429 1138 542 1195 sancto
566 1131 717 1215 collegio,
742 1137 774 1194 et
798 1153 881 1216 quae
905 1133 1021 1196 nocivo
1044 1132 1175 1195 surculo
1192 1131 1354 1216 pullulare
1371 1131 1573 1195 conabantur
1588 1131 1620 1193 in
1637 1151 1716 1214 agro
1734 1137 1867 1196 sanctae
1883 1132 2053 1209 ecclesiae,
2085 1153 2097 1189 s

429 1235 584 1298 canonico
615 1235 743 1298 sarculo
773 1234 937 1299 eradicare
969 1233 1174 1312 studeamus,
1207 1255 1290 1318 quae
1315 1233 1515 1318 capitulatim
1544 1239 1700 1297 annotata
1727 1240 1818 1310 sunt,
1852 1234 1878 1296 si
1904 1233 2054 1298 omnibus

428 1337 575 1422 placent,
604 1338 637 1400 in
660 1343 838 1421 conspectu
863 1338 1005 1401 omnium
1029 1337 1195 1421 legantur,
1219 1338 1448 1400 examinentur
1470 1343 1503 1400 et
1526 1337 1713 1400 examinata
1736 1336 1887 1400 manibus
1911 1337 2053 1401 omnium

429 1461 487 1525 pro
512 1440 621 1503 lutura
645 1440 801 1504 memoria
825 1441 1028 1518 roborentur,
1052 1459 1093 1502 ne
1114 1439 1173 1502 ulli
1188 1459 1341 1523 umquam
1363 1439 1431 1502 sine
1450 1445 1554 1502 status
1574 1441 1624 1502 sui
1641 1440 1785 1526 periculo
1801 1439 1915 1504 eadem
1932 1441 2053 1504 violare

428 1542 537 1622 liceat,
562 1542 619 1606 sed
644 1550 712 1607 rata
738 1548 772 1606 et
795 1543 886 1606 lirma
909 1544 940 1606 in
964 1550 1159 1630 perpetuum
1184 1544 1365 1607 consistant
1389 1542 1429 1606 ad
1454 1549 1574 1607 statum
1598 1550 1630 1606 et
1652 1545 1815 1607 munimen
1841 1550 1975 1607 sanotae
1991 1543 2054 1606 Dei

428 1647 599 1728 ecelesiae,
623 1647 664 1710 ad
687 1647 901 1711 salvationem
925 1649 1069 1712 omnium
1092 1648 1236 1713 fidelium
1258 1669 1318 1733 per
1340 1645 1404 1710 Dei
1427 1646 1691 1710 misericordiam.
2073 1666 2098 1704 ro

1108 1835 1378 1916 Responsio&

537 1956 719 2020 Immensae
743 1955 814 2020 Deo
839 1956 991 2020 salvatori
1014 1962 1125 2021 nostro
1149 1956 1265 2021 laudes
1288 1957 1474 2034 referimus,
1509 1954 1686 2040 quitatem
1710 1976 1769 2018 vos
1793 1976 1873 2019 suae
1896 1954 2054 2039 praefecit

428 2059 588 2123 ecclesiae
612 2059 683 2122 eius
707 2060 981 2143 opportunitatem
1006 2059 1195 2140 decernere,
1218 2067 1254 2122 ut
1278 2081 1373 2123 omne
1397 2058 1437 2122 ab
1461 2080 1501 2122 ea
1523 2059 1681 2122 zizanium
1700 2056 1865 2121 eradicare
1883 2057 2053 2134 conemini,

428 2169 524 2247 prout
552 2162 586 2224 in
614 2161 675 2226 hae
705 2169 819 2226 saneta
846 2163 970 2247 synodo
995 2165 1120 2227 eunetis
1149 2164 1336 2227 nationibus
1364 2163 1487 2248 apertis
1511 2161 1697 2226 declaratur
1719 2160 1856 2225 indiciis.
1903 2158 2054 2246 Capitula

429 2266 545 2344 etiam,
578 2285 662 2349 quae
692 2286 748 2349 pro
777 2267 923 2349 generali
954 2267 1096 2331 omnium
1127 2266 1256 2330 cautela
1287 2265 1327 2329 ad
1357 2267 1457 2330 robur
1480 2272 1513 2330 et
1540 2266 1705 2328 munimen
1734 2271 1866 2328 sanctae
1891 2264 2053 2328 ecelesiae
2072 2287 2096 2326 a

428 2367 613 2452 conscripta
638 2375 722 2444 sunt,
752 2367 778 2430 si
803 2376 933 2433 vestrae
957 2370 1066 2455 placet
1088 2371 1213 2454 pietati,
1237 2370 1400 2454 legantur,
1424 2370 1564 2454 qualiter
1586 2389 1644 2453 per
1667 2389 1708 2432 ea
1731 2389 1844 2432 omnes
1868 2367 2052 2445 doceamur,

427 2495 512 2559 quae
535 2474 711 2537 observare
736 2471 787 2536 vel
810 2494 895 2557 quae
919 2493 1035 2538 cavere
1059 2473 1249 2552 debeamus,
1272 2495 1313 2537 ne
1337 2475 1370 2536 in
1391 2474 1500 2558 aliquo
1523 2495 1543 2537 a
1566 2472 1689 2556 regulis
1713 2478 1897 2534 sanctorum
1913 2475 2053 2556 patrum,

428 2577 513 2663 quod
537 2577 628 2640 Deus
653 2581 788 2656 avertat,
812 2576 945 2640 deviare
967 2577 1182 2642 inveniamur.

1129 2746 1359 2828 Capitutab.

536 2868 617 2954 Oap.
643 2873 671 2934 1.
709 2867 742 2931 Si
772 2869 843 2952 quis
876 2873 1061 2932 sanctorum
1094 2874 1221 2952 patrum
1256 2869 1387 2952 regulas
1420 2868 1653 2952 contempserit
1686 2873 1718 2931 et
1749 2867 2053 2952 gloriosissimorum
2071 2889 2097 2928 so

428 2972 660 3058 imperatorum
692 2964 843 3035 Karoli⁰¹
881 2979 913 3036 et
941 2963 1127 3034 Ludowioi²
1162 2977 1259 3056 atque
1289 2963 1480 3035 Lotharii‘¹3
1513 2979 1543 3034 et
1571 2962 1757 3035 Ludowieil
1790 2972 1848 3035 filii
1879 2971 1968 3034 eius⁰
1996 2968 2056 3033 def

428 3075 562 3138 decimis
586 3075 619 3137 in
644 3095 754 3138 eorum
779 3074 1013 3159 capitularibus
1038 3079 1159 3137 statuta
1183 3081 1281 3158 atque
1304 3075 1451 3138 sancita⁸
1474 3095 1536 3138 non
1558 3074 1781 3138 observaverit
1798 3073 1941 3158 easqueh
1966 3071 2054 3152 alibi,

428 3179 490 3240 nisi
518 3179 551 3241 in
574 3176 823 3262 baptismalibus
853 3176 1001 3241 ecclesiis
1025 3177 1148 3262 absque
1179 3197 1343 3242 consensu
1367 3178 1513 3262 episcopi
1536 3178 1614 3243 dare
1638 3179 1814 3242 tentaverit
1836 3177 1889 3241 vel
1913 3178 2053 3240 retinere

426 3281 714 3367 praesumpserith,
743 3287 776 3345 et
804 3281 858 3366 qui
889 3280 945 3344 dat
975 3286 1008 3344 et
1035 3281 1088 3365 qui
1118 3282 1234 3366 recipit
1266 3280 1404 3347 eisdem¹
1432 3281 1617 3345 constitutis
1648 3273 1883 3366 percellaturl.
1929 3277 2053 3352 Quodsi

426 3406 533 3470 neque
565 3385 613 3447 sic
643 3383 845 3464 eorrexerit,
874 3385 1067 3448 auctoritate
1096 3384 1151 3448 et¹¹
1174 3384 1292 3450 iudicio
1317 3393 1450 3450 sanctae
1478 3385 1789 3470 sedisapostolicae
1814 3384 1862 3449 et1
1885 3385 2052 3448 sanctione
2071 3407 2096 3446 a

429 3496 564 3554 sanctae
588 3488 705 3574 synodi
729 3487 1074 3553 excommunicationi¹
1096 3489 1224 3553 modism
1248 3489 1397 3553 omnibus
1422 3482 1619 3554 subiaceatss.

536 3591 616 3677 (lap.
641 3595 690 3657 2¹².
728 3592 761 3656 si
787 3591 859 3676 quis
883 3591 1070 3672 Romanus,
1103 3595 1334 3678 cuiuscumque
1363 3595 1404 3658 sit
1432 3593 1573 3672 ordinis,
1604 3594 1672 3658 sive
1702 3592 1743 3658 de
1776 3594 1881 3671 clero,
1914 3592 1982 3655 sive
2012 3589 2053 3656 de

429 3704 555 3777 senatu,
580 3717 639 3762 seu
663 3696 703 3761 de
727 3717 930 3781 quocumque
955 3697 1078 3776 ordine,
1103 3699 1204 3783 gratis
1229 3698 1270 3762 ad
1294 3704 1461 3762 nostram⁰
1486 3699 1688 3784 imperialem
1712 3697 1918 3760 maiestatem
1941 3695 2053 3758 venire

427 3799 566 3864 voluerit
596 3806 653 3864 aut
681 3800 878 3865 necessitate
908 3802 1094 3886 compulsus
1123 3801 1163 3866 ad
1191 3811 1272 3866 nos⁰
1296 3801 1436 3866 voluerit
1464 3801 1682 3887 proclamare,
1711 3801 1820 3863 nullus
1848 3800 1895 3863 eis
1923 3804 2052 3862 contra-

427 3902 536 3967 dicere
564 3910 753 3988 praesumat
782 3911 814 3967 et
843 3924 951 3988 neque
980 3925 1093 3968 eorum
1124 3925 1177 3969 res
1201 3905 1361 3990 quispiam
1389 3904 1544 3970 invadere
1567 3904 1620 3968 vel
1643 3902 1836 3989 depraedari
1860 3907 1915 3967 aut
1939 3922 2051 3965 eorum
2070 3923 2096 3961 so

428 4027 586 4092 personas
621 4007 654 4070 in
683 4005 788 4070 eundo
813 4006 865 4069 vel
894 4006 1061 4071 redeundo
1086 4008 1137 4071 vel
1166 4007 1321 4072 morando
1352 4009 1536 4095 inquietare
1567 3999 1785 4094 praesumatl,
1819 4005 1925 4070 donec
1954 4006 2054 4070 liceat

428 4110 656 4195 imperatoriae
681 4110 836 4195 potestati
859 4131 970 4174 eorum
993 4132 1109 4176 causas
1132 4119 1188 4176 aut
1211 4133 1271 4197 per
1293 4122 1373 4175 nost
1397 4118 1453 4176 aut
1475 4133 1535 4197 per
1554 4113 1672 4176 missos
1694 4117 1842 4175 nostros⁰
1858 4108 2052 4173 deliberare.

429 4211 491 4286 Qui
521 4219 631 4277 autem
660 4233 714 4277 eos
743 4214 927 4298 inquietare
950 4213 1066 4293 eundo,
1095 4212 1262 4279 redeundo
1287 4214 1340 4280 vel
1363 4216 1520 4279 morando
1545 4216 1720 4280 tentaverit
1743 4214 1795 4279 vel
1819 4234 1932 4278 eorum
1956 4213 2050 4298 quid·

531 4403 557 4468 a)
576 4402 654 4452 Hane
673 4402 860 4468 inscriptionem
879 4403 941 4454 aad.
960 4403 1035 4467 Bor„
1052 4405 1136 4455 nescio
1153 4412 1241 4454 atesim
1259 4422 1290 4456 ex
1308 4405 1392 4457 codice
1409 4415 1545 4472 sumptam,
1563 4424 1598 4456 oa
1610 4407 1708 4473 fictam.
1796 4402 1824 4467 b)
1844 4403 1945 4454 Addidi
1962 4420 2051 4454 seara-

427 4490 488 4541 dam
506 4507 588 4556 supra
607 4490 623 4540 l.
637 4487 752 4554 altsq.
807 4487 831 4554 e)
851 4489 970 4541 videlicet
988 4491 1074 4556 magni
1092 4491 1250 4556 imperatoris
1268 4491 1330 4542 add.
1345 4491 1367 4543 l.
1378 4490 1402 4544 3.
1465 4493 1491 4555 d)
1509 4507 1610 4542 necnon
1628 4491 1689 4541 add.
1704 4489 1727 4541 1.
1737 4489 1761 4541 3.
1824 4487 1848 4554 e)
1867 4507 1934 4556 quae
1952 4490 2014 4541 add.
2028 4488 2051 4540 1.
2070 4499 2094 4538 to

427 4575 451 4639 l)
470 4575 648 4626 ecclesiasticis
666 4575 728 4626 add.
751 4574 772 4626 l.
787 4573 812 4626 3.
899 4575 927 4642 g)
947 4583 1008 4627 sunt
1025 4575 1088 4626 add.
1107 4574 1130 4627 1.
1145 4574 1170 4626 3.
1259 4576 1287 4641 lr)
1307 4594 1401 4643 amque
1479 4578 1677 4644 praesumpserit
1700 4595 1747 4628 orn.
1767 4575 1796 4636 1,·
1823 4585 1849 4628 et
1867 4593 1909 4628 aas
1927 4577 2008 4627 aliubi
2026 4574 2050 4627 3.

426 4659 446 4727 i)
473 4661 567 4712 eisdem
664 4661 802 4712 correxerit
829 4679 877 4712 om.
897 4659 920 4712 1.
933 4659 958 4712 3.
1063 4661 1091 4723 k)
1118 4669 1143 4712 et
1168 4662 1262 4713 iudicio
1287 4680 1335 4714 om.
1355 4663 1379 4714 1.
1392 4661 1416 4714 3.
1522 4662 1541 4728 l)
1567 4673 1593 4715 et
1680 4663 1937 4716 excommunicationi
1959 4680 2007 4712 om.
2026 4661 2051 4713 2.

427 4745 463 4814 m)
482 4748 549 4798 mod.
568 4764 634 4798 omn.
653 4764 701 4798 om.
716 4747 737 4797 1.
749 4746 772 4798 3.
843 4746 871 4812 n)
890 4750 1031 4814 Imperator
1042 4755 1129 4799 autem
1145 4749 1193 4800 ists
1212 4751 1339 4802 servanda
1350 4751 1483 4818 proposuit
1498 4751 1560 4802 add.
1574 4751 1639 4801 Bar.
1657 4759 1686 4800 ut
1701 4751 1800 4802 videtur
1818 4768 1865 4801 savo
1883 4759 1987 4816 sponte,-
2007 4749 2052 4800 secl

426 4834 510 4882 asinas
528 4841 602 4895 recte,
620 4849 676 4883 cum
694 4833 747 4882 iam
764 4833 792 4883 ia
811 4851 831 4884 c.
845 4833 868 4885 1.
886 4834 1028 4899 imperator
1046 4835 1180 4898 loquatur,-
1198 4835 1247 4901 cfr.
1261 4834 1349 4886 Fonte
1363 4837 1380 4886 t.
1391 4853 1411 4886 c.
1476 4835 1503 4901 ο)
1522 4837 1559 4887 ita
1578 4835 1607 4897 1,·
1624 4836 1699 4888 Perta
1718 4843 1925 4888 commatrem
2005 4853 2051 4886 vos

488 4925 586 4968 vestros
664 4925 775 4969 vostram
854 4919 927 4971 vobis
1007 4919 1099 4971 vestris
1178 4922 1263 4972 vestri.
1352 4920 1379 4988 p)
1398 4922 1435 4972 ito
1453 4923 1557 4975 emissit
1576 4921 1610 4972 K.
1630 4922 1751 4982 Zeunsm
1773 4939 1894 4989 personas
1913 4921 1937 4974 1.
2067 4931 2094 4969 to

532 5087 558 5154 1)
578 5085 679 5140 Karoli
695 5087 769 5154 epist.
789 5087 939 5155 790-800,
958 5091 1017 5142 tem.
1034 5089 1062 5156 I,
1076 5105 1106 5156 p.
1120 5089 1184 5157 903,
1204 5088 1267 5152 7.,96
1280 5104 1349 5157 sqq.;
1377 5089 1442 5158 Gap.
1462 5091 1553 5144 Maat.
1574 5091 1613 5143 Π.
1631 5091 1691 5158 787,
1710 5091 1727 5144 l.
1741 5106 1763 5144 c.
1777 5106 1807 5158 p.
1819 5092 1877 5160 197,
1895 5107 1917 5147 c.
1929 5091 1960 5158 8;
1987 5090 2051 5159 cap.

427 5189 518 5245 Most.
532 5191 555 5245 Ι.
568 5192 627 5257 787,
645 5192 662 5246 l.
675 5207 696 5244 c.
712 5209 742 5260 p.
757 5191 815 5259 195,
834 5206 856 5246 c.
870 5193 901 5245 11
907 5210 916 5257 ;
937 5191 1002 5262 Cap.
1022 5209 1081 5246 essm
1098 5194 1173 5262 epac.
1186 5193 1261 5247 detsb
1275 5193 1421 5260 780-790,
1441 5195 1458 5248 t.
1470 5210 1491 5248 c.
1505 5210 1535 5261 p.
1549 5193 1606 5260 189,
1625 5209 1646 5247 c.
1660 5195 1688 5259 9;
1709 5193 1790 5262 Ocpp.
1808 5195 1889 5250 coclea
1903 5195 2049 5262 810-813,

426 5294 442 5346 7.
456 5308 478 5346 c.
492 5310 523 5360 p.
537 5293 594 5360 179,
613 5295 697 5358 c.18,·
716 5293 797 5362 Oapp.
810 5292 846 5347 ad
859 5293 923 5348 Sala
934 5293 1001 5347 data
1012 5295 1158 5362 803-804,
1177 5296 1194 5350 l.
1206 5311 1226 5350 c.
1241 5312 1269 5363 p.
1285 5296 1343 5363 119,
1360 5312 1383 5350 c.
1396 5297 1426 5362 9,·
1444 5296 1543 5366 Synod.
1559 5294 1728 5363 maneam.
1738 5297 1797 5365 794,
1815 5298 1832 5350 7.
1842 5313 1863 5352 c.
1873 5313 1903 5365 p.
1913 5298 1955 5368 76,
1973 5313 1994 5354 c.
2007 5299 2049 5352 95.

425 5399 453 5464 9)
476 5397 539 5465 (hp.
555 5397 684 5453 Wormot.
703 5400 763 5466 899,
782 5416 870 5470 supra
882 5417 912 5468 p.
927 5402 968 5468 13,
986 5417 1007 5454 c.
1020 5402 1051 5466 5;
1071 5399 1135 5469 Cap.
1153 5401 1237 5455 eccles.
1255 5401 1314 5456 818.
1327 5399 1388 5468 819,
1407 5405 1466 5455 tom.
1480 5401 1504 5469 5
1519 5417 1548 5469 p.
1562 5401 1621 5468 977,
1639 5416 1661 5454 c.
1675 5402 1716 5456 19.
1820 5403 1848 5470 3)
1868 5401 1934 5469 Gap.
1952 5401 2050 5455 Otoaa.

425 5501 491 5568 895,
516 5501 532 5554 l.
552 5517 574 5555 c.
593 5518 623 5569 p.
637 5503 697 5569 397,
719 5519 741 5558 c.
758 5503 782 5557 9.
887 5505 916 5572 4)
935 5502 999 5571 Gap.
1018 5503 1082 5570 850,
1106 5519 1191 5571 supra
1209 5519 1239 5571 p.
1254 5503 1301 5568 84,
1318 5518 1339 5557 c.
1353 5504 1377 5556 9.
1483 5505 1511 5571 5)
1531 5503 1585 5570 Ost.
1606 5502 1687 5571 (app.
1707 5518 1754 5570 per
1775 5519 1802 5559 ae
1823 5503 1897 5557 strab,
1915 5503 1975 5557 818.
1988 5504 2047 5570 819,
2067 5515 2092 5553 ss

426 5609 486 5658 tom.
501 5604 523 5670 Ι,
538 5621 569 5673 p.
581 5605 641 5674 988,
659 5623 680 5660 c.
694 5608 718 5660 5.
781 5609 808 5675 6)
831 5605 888 5672 Cfr.
903 5605 968 5676 (lap.
982 5604 1105 5661 Ravana.
1117 5607 1177 5674 898,
1195 5621 1282 5675 supra
1296 5622 1326 5674 p.
1341 5607 1399 5671 110,
1416 5621 1438 5660 c.
1450 5606 1482 5673 9,·
1499 5605 1599 5676 Syaod
1612 5605 1679 5674 Pap.
1693 5607 1754 5674 850,
1770 5622 1894 5676 saprop.
1905 5607 1963 5675 191,
1975 5623 1996 5662 c.
2008 5607 2049 5661 17.

427 5707 453 5774 7)
474 5706 529 5773 Osa
552 5705 635 5776 (lappa
654 5710 750 5778 aaut.
770 5709 848 5777 trad,
865 5725 953 5779 supra
966 5727 995 5778 p.
1009 5709 1050 5779 97,
1069 5726 1091 5765 e.
1103 5712 1127 5764 4.
