4560 6426
415 459 477 520 316
580 454 825 510 utplurimum
844 453 973 510 REGUM
992 454 1175 510 nanneten
1195 455 1456 512 oostnnurlms
1475 453 1624 525 (KAROLI
1636 455 1682 524 ΙΙ).
1701 485 1734 494 -
1753 455 1801 509 Nr.
1814 455 1873 510 273.

2013 639 2016 645 .
2026 621 2035 646 Γ

338 638 397 692 864.
417 630 579 716 mancipia
601 630 653 694 vel
676 629 838 695 beneficia
861 629 1014 710 habeant,
1038 635 1071 694 et
1094 651 1188 696 suum
1211 631 1428 695 monetarium
1458 651 1530 696 cum
1560 632 1640 718 ipsis
1663 631 1813 709 habeatl,
1841 621 2039 716 quatenus&

414 733 459 799 ibi
482 735 643 821 accipiant
665 755 724 819 per
746 754 860 798 manus
884 754 959 798 suas
982 734 1023 798 dc
1047 755 1178 800 camera
1208 743 1320 800 nostra
1350 734 1389 800 ad
1420 757 1499 822 opus
1524 738 1778 821 uniuscuiusque
1801 735 1974 800 monetarii
1997 735 2038 800 de

414 859 503 903 mero
528 843 663 924 argento
686 858 760 901 cum
783 857 887 924 pensa
908 837 1026 902 libras¹
1050 840 1206 924 quinque,
1237 845 1274 903 ut
1296 839 1431 918 lrabeat,
1464 838 1550 904 unde
1574 841 1700 905 initium
1723 839 1910 904 monetandi
1935 841 2037 925 possit

413 943 574 1028 incipere;
598 947 631 1006 et
660 962 795 1027 pensam
819 942 966 1025 argenti,
995 963 1092 1027 quam
1123 964 1165 1008 cx
1193 965 1322 1010 camera
1350 951 1461 1010 nostra
1490 946 1648 1032 accepit⁸,
1680 967 1740 1031 per
1766 965 1880 1008 manus
1913 964 2037 1022 eorum,

414 1067 474 1132 per
496 1045 597 1132 quasb
620 1045 700 1110 illud
724 1044 885 1131 accepitl,
915 1045 1050 1110 sabbato
1080 1053 1156 1112 ante
1183 1049 1310 1113 initium
1339 1049 1607 1133 quadragesimae
1634 1050 1665 1114 in
1697 1049 1871 1114 monetatis
1895 1047 2037 1112 denariis
2068 1065 2081 1102 ⁵

413 1151 446 1213 in
470 1149 616 1236 praelato
640 1151 712 1215 loco
740 1155 791 1215 ctc
815 1171 887 1215 cum
917 1149 1009 1236 ipsad
1038 1161 1168 1237 pensa0,
1197 1172 1270 1216 cum
1301 1173 1365 1236 qua
1392 1159 1564 1238 argentum
1594 1158 1782 1240 acceperat,
1814 1152 2037 1237 unusquisque

413 1253 613 1318 monetarius
636 1254 669 1317 in
691 1260 804 1318 nostra
827 1275 956 1319 camera
978 1254 1103 1321 reddat.

525 1363 573 1422 15.
608 1356 673 1422 Utf
699 1357 807 1422 nullus
831 1380 919 1422 more
944 1358 1039 1422 solito
1061 1378 1120 1444 pro
1143 1358 1210 1423 ullo
1233 1361 1324 1425 lucro
1347 1362 1399 1424 vel
1422 1362 1560 1427 avaritia
1582 1361 1644 1426 hoc
1668 1361 1785 1426 leviter
1807 1360 1955 1446 accipiat,
1980 1358 2038 1424 sed

414 1483 526 1526 omnes
560 1463 602 1527 ab
638 1462 719 1549 ipsis
746 1461 906 1528 Kalendis
933 1461 1010 1527 Iulii
1041 1471 1212 1548 argentum
1241 1484 1334 1528 suum
1367 1465 1399 1528 in
1427 1465 1614 1530 constitutis
1645 1464 1784 1529 monetis
1819 1463 2037 1528 concambiari

412 1567 534 1631 faciant
557 1567 710 1646 scientes,
735 1567 812 1653 quia
834 1572 909 1652 post
931 1565 1065 1630 missam
1089 1568 1193 1632 sancti
1217 1567 1348 1632 Martini
1377 1568 1458 1633 nulli
1487 1566 1541 1632 alii
1568 1567 1691 1632 denarii
1721 1569 1754 1631 in
1786 1588 1886 1651 regno
1914 1573 2035 1644 nostro,
2058 1590 2083 1629 m

413 1670 475 1733 nisi
503 1671 597 1734 istius
625 1691 731 1736 novae
762 1680 893 1736 nostrae
920 1677 1070 1735 monetae
1098 1672 1317 1758 recipientur⁸
1344 1679 1376 1735 ct
1404 1673 1445 1737 ab
1476 1672 1556 1758 ipsis
1583 1670 1742 1736 Kalendis
1770 1671 1844 1734 Iulii
1873 1671 1935 1756 ipsi
1963 1671 2036 1735 novi

412 1773 537 1838 denarii
559 1776 600 1839 ab
624 1773 772 1839 omnibus
801 1774 1014 1860 accipiantur.
1060 1774 1103 1839 Et
1126 1767 1365 1861 ‘quicumqneiffi
1388 1777 1489 1841 libere
1512 1775 1629 1839 homo⁰
1652 1776 1692 1840 ab
1701 1766 1729 1813 37
1753 1773 1843 1861 ipso¹¹
1867 1773 1919 1839 die
1936 1774 2036 1839 dena·

413 1879 494 1942 rium
518 1878 658 1943 merumi
682 1869 820 1942 aorae3⁸
848 1883 979 1942 nostrae
1007 1884 1158 1944 monetae
1189 1881 1221 1944 in
1250 1899 1351 1965 regno
1381 1885 1489 1945 nostro
1517 1876 1687 1958 reiecerit’‚
1718 1879 1801 1943 sicut
1829 1880 1862 1943 in
1890 1879 2036 1966 praelato

412 1981 495 2046 libro
520 1987 553 2046 et
576 1982 718 2068 capitulo
741 1981 832 2066 regio
857 1981 1055 2062 continetur,
1078 1981 1232 2048 ‘bannum
1255 1989 1417 2065 noenum,
1447 1983 1478 2047 id
1505 1989 1556 2048 est
1584 1982 1706 2047 solidos
1729 1984 1917 2068 sexaginta,
1948 2003 2035 2047 com·

413 2092 523 2171 ponat.
570 2085 604 2150 si
627 2107 704 2152 vero
728 2087 814 2151 servi
838 2086 1052 2151 ecclesiastici
1076 2093 1132 2151 aut
1156 2088 1306 2153 comitum
1330 2093 1387 2152 aut
1402 2087 1616 2152 vassallorum
1637 2093 1821 2151 nostrorum
1844 2086 1906 2150 hoc
1927 2087 2036 2152 lacere
2057 2109 2082 2148 is

412 2189 710 2277 praesumpserint',
734 2191 811 2276 quia
832 2191 866 2254 in
889 2188 1038 2275 praefato
1055 2191 1225 2275 capitulari
1242 2191 1439 2256 continetur:
1465 2196 1511 2254 ‘ut
1528 2191 1700 2274 sexaginta
1723 2191 1842 2255 ictibus
1860 2189 2036 2276 vapulent',

412 2298 446 2357 ct
474 2293 535 2359 hac
565 2294 735 2360 occasione
764 2291 953 2358 indiscreti¹¹
983 2292 1146 2357 homines¹
1176 2291 1307 2357 modum
1338 2294 1371 2358 in
1399 2291 1571 2380 disciplina
1600 2293 1779 2373 iaciebant,
1810 2294 2036 2360 constituimus

413 2406 514 2460 cum¹¹¹
543 2397 686 2464 fidelium
719 2403 904 2462 nostrorum
935 2415 1095 2460 consensu
1132 2402 1249 2481 atque⁰
1278 2396 1444 2478 consili00,
1481 2403 1530 2478 ut,
1564 2417 1839 2483 quorumcumque
1869 2398 1974 2462 coloni
2003 2404 2037 2463 et

413 2502 497 2565 servi
520 2522 579 2588 pro
604 2502 664 2567 hoc
682 2502 826 2567 convicti
848 2501 1001 2579 luerintfl,
1025 2510 1109 2565 non⁰
1133 2521 1205 2565 cum
1228 2512 1364 2585 grosso¹¹
1388 2501 1484 2582 fuste,
1509 2501 1568 2566 red
1591 2500 1668 2566 nudi
1692 2510 1785 2564 cum⁰
1810 2501 1909 2584 virgis
1932 2521 2035 2587 vapu-

411 2605 523 2681 lenta.
546 2613 579 2670 et
606 2606 640 2671 in
663 2606 867 2671 civitatibus¹
895 2612 993 2691 atque
1017 2606 1097 2672 vicis
1129 2627 1188 2672 seu
1212 2606 1297 2671 villis
1314 2607 1459 2693 episcopi
1483 2627 1542 2692 per
1557 2626 1635 2670 suos
1659 2606 1824 2670 ministros
1848 2608 1921 2671 vel⁸
1944 2627 2037 2692 pres·
2057 2627 2084 2667 so

412 2708 544 2795 byteros
568 2709 805 2796 providentiam
829 2731 894 2774 una
919 2730 992 2774 cum
1015 2711 1063 2774 rei
1086 2709 1239 2796 publicae
1263 2710 1418 2774 ministris
1442 2710 1622 2796 accipiant,
1655 2730 1696 2774 ne
1720 2715 1753 2775 et
1776 2711 1828 2773 in⁰
1853 2709 1913 2774 hac
1938 2731 2038 2776 causa

412 2813 543 2878 modust
565 2813 755 2900 disciplinae
778 2813 1051 2900 transgrediatur,
1083 2813 1142 2879 sed
1166 2815 1277 2878 taliter
1298 2813 1369 2893 fiat,
1401 2814 1541 2899 qualiter
1572 2820 1605 2878 et
1634 2814 1780 2880 homines
1805 2814 2006 2900 castigentur
2015 2823 2037 2895 ¹,

412 2925 445 2983 et
467 2919 584 3004 quasiu
607 2941 665 3006 pro
689 2919 868 2986 intentione
893 2920 944 2986 rel
969 2921 1164 2986 occasioneu
1188 2919 1411 3004 castigationis
1435 2918 1638 3005 disciplinam
1661 2917 1844 2982 iacientes'
1866 2925 2038 3004 peccatum

412 3043 475 3086 aon
502 3023 670 3088 incurrant
698 3032 732 3087 et
759 3023 963 3110 disciplinam
997 3023 1199 3088 sustinentes
1233 3023 1295 3086 inw
1329 3043 1463 3108 corpore
1498 3031 1584 3085 suow
1623 3020 1823 3087 debiliores¹
1853 3043 1916 3086 non
1948 3022 2036 3087 fiant.

412 3124 537 3199 Quodsi
562 3127 634 3212 quis
657 3125 718 3190 boc
742 3126 930 3191 mandatum
954 3131 1101 3190 nostrum
1124 3131 1351 3210 transgressus
1366 3125 1475 3206 luerit,
1499 3125 1592 3190 nobis
1616 3124 1658 3189 ab
1680 3125 1840 3211 episcopis
1856 3125 2034 3206 nuntietur,
2055 3153 2082 3194 as

412 3236 571 3315 quatenus
595 3230 706 3296 taliter
728 3230 918 3314 castigetur,
942 3249 983 3294 nc
1006 3229 1162 3316 deinceps
1186 3228 1374 3294 mandatum
1398 3236 1541 3296 nostrum
1572 3250 1767 3314 quemquam
1789 3230 1932 3295 delectet
1955 3251 2033 3294 con-

411 3339 569 3398 temnere.
613 3331 657 3396 Et
679 3323 772 3398 ‘si036
795 3323 979 3398 dominus39
1002 3333 1077 3398 vely
1100 3323 1321 3418 magisterrll,
1346 3334 1399 3420 qui
1423 3334 1524 3398 liber¹
1548 3339 1627 3412 est⁸,
1652 3340 1708 3399 aut
1731 3332 1909 3399 advocatus
1923 3333 2037 3399 talium

411 3437 578 3502 hominum
602 3427 696 3503 eos4⁰
717 3437 769 3502 vel
789 3436 898 3502 comiti
914 3436 967 3502 vel
989 3437 1089 3502 misso
1112 3445 1224 3503 nostro
1247 3437 1287 3502 ad
1296 3428 1323 3476 41
1342 3436 1547 3524 disciplinam
1564 3436 1786 3503 sustinendam
1804 3437 2038 3504 contradixerit

411 3542 464 3606 vel
487 3542 586 3606 misso
610 3533 753 3607 nostr0⁴¹
778 3542 887 3606 iussus
910 3548 1122 3627 praesentare
1145 3542 1298 3620 noluerit,
1321 3542 1526 3629 praedictum
1550 3542 1693 3608 bannum
1717 3543 1891 3626 sexaginta
1914 3542 2035 3607 solido-

412 3666 482 3710 rum
506 3643 702 3732 componat’,
725 3646 808 3709 sicut
827 3645 859 3708 in
882 3644 1051 3729 praedicto
1074 3645 1246 3732 capitulari
1270 3646 1419 3712 habetur.
2057 3671 2084 3710 co

523 3755 569 3816 lb.
606 3749 682 3830 Ut·‚
706 3751 733 3815 si
756 3749 874 3836 aliquis
898 3749 997 3814 homo
1021 3760 1062 3814 ay
1084 3751 1241 3835 proximis
1258 3749 1418 3816 Kalendis
1441 3750 1518 3814 Iulii
1542 3749 1583 3814 de
1606 3749 1668 3814 hac
1685 3768 1768 3814 nova
1782 3755 1894 3815 nostra
1909 3758 2039 3814 moneta

411 3856 547 3920 mixtum
577 3856 629 3918 vel
658 3853 781 3932 minus,
811 3873 907 3938 quam
934 3852 1070 3935 debeat,
1101 3861 1294 3940 pensantem
1322 3853 1492 3920 denarium
1520 3853 1697 3933 invenerit,
1725 3855 1929 3938 constringat
1952 3874 2038 3932 eum,

412 3961 466 4045 qui
490 3961 598 4046 ipsum
620 3956 789 4022 denarium
812 3956 852 4020 ad
877 3956 1110 4042 negotiandum
1127 3958 1273 4044 protulit,
1298 3964 1331 4023 et
1346 3959 1416 4044 ipsc
1434 3957 1531 4038 dicat,
1555 3977 1574 4020 a
1597 3977 1750 4043 quocum
1767 3958 1911 4044 accepit;
1935 3964 1968 4022 et
1991 3957 2037 4021 sic

411 4063 452 4128 de
477 4083 574 4126 manu
597 4060 638 4126 ad
661 4082 792 4126 manum
816 4061 945 4140 veniat,
975 4081 1079 4146 usquc
1103 4059 1180 4125 dum
1207 4061 1247 4126 ad
1277 4061 1430 4126 falsitatis
1461 4067 1629 4126 auctorem
1658 4061 1876 4147 perveniatur.
1922 4059 1966 4124 Et
1988 4060 2037 4124 in-

412 4173 528 4231 ventus
551 4167 645 4230 mixti
668 4166 720 4229 rel
744 4165 868 4246 minus,
897 4185 995 4252 quam
1018 4163 1154 4246 debeat,
1188 4166 1357 4252 pensantis
1380 4164 1504 4232 denarii
1527 4169 1711 4230 monetator
1734 4165 1766 4229 in
1789 4163 1845 4230 illa
1867 4170 1969 4245 terra,
2001 4165 2033 4228 in
2054 4190 2081 4230 aa

413 4290 478 4356 qua
493 4269 614 4335 iudicia
630 4267 809 4335 secundum
824 4268 932 4353 legem
944 4266 1125 4332 Romanam
1141 4269 1368 4348 terminantur,
1386 4267 1565 4335 secundum
1582 4268 1686 4353 ipsam
1700 4268 1808 4352 legem
1824 4257 2035 4342 iudicetur-lb

412 4378 446 4436 et
469 4374 502 4437 in
525 4372 582 4436 illa
604 4378 700 4453 terra,
724 4372 756 4436 in
780 4392 844 4458 qua
858 4371 979 4436 iudicia
996 4371 1175 4436 secundum
1199 4373 1308 4457 legem
1324 4371 1506 4437 Romanam
1529 4392 1593 4436 non
1609 4369 1803 4451 iudicantur,
1827 4372 2037 4452 monetarius,

513 4563 541 4634 y)
560 4566 674 4617 habeant
691 4562 716 4617 3.
803 4564 828 4627 a)
847 4564 918 4615 libris
941 4562 964 4614 6.
1057 4564 1085 4629 a)
1103 4565 1232 4632 acceperit
1247 4562 1276 4627 2;
1301 4565 1447 4631 acceperint
1464 4563 1489 4617 3.
1581 4560 2037 4629 blim1.2.4-6;quosil1ud

410 4654 556 4720 acceperint
573 4651 598 4704 3.
686 4652 711 4716 c)
731 4669 779 4703 osa.
797 4650 822 4703 3.
910 4650 937 4716 d)
957 4669 1004 4703 cas.
1023 4649 1047 4704 4.
1142 4650 1167 4718 e)
1185 4653 1300 4718 impensa
1322 4649 1348 4704 3.
1444 4651 1469 4717 f)
1488 4651 1556 4716 Quid
1574 4651 1605 4702 de
1623 4649 1663 4700 bis
1681 4649 1858 4713 deridebant,
1881 4649 1925 4714 qui
1944 4664 2037 4699 novam

411 4747 538 4791 monetam
556 4740 690 4791 reiecerint
712 4739 784 4790 mbr.
802 4737 830 4788 ia
848 4735 872 4789 6.
968 4738 997 4805 g)
1015 4738 1173 4806 accipientur
1190 4735 1215 4790 4.
1234 4735 1263 4802 ὃς
1285 4737 1446 4804 accipiantur
1464 4735 1490 4789 6.
1585 4734 1614 4803 h)
1633 4737 1688 4801 ipsa
1705 4731 1730 4785 4.
1742 4734 1767 4788 5.
1865 4732 1883 4800 i)
1902 4751 1950 4786 aas.
1968 4731 1993 4785 4.
2011 4732 2036 4785 6.
2055 4754 2081 4792 40

411 4826 439 4894 k)
462 4828 489 4878 in
512 4828 629 4880 discretis
652 4827 798 4878 homiuibus
815 4823 839 4878 3.
944 4825 963 4889 l)
987 4826 1023 4878 sic
1048 4833 1073 4878 et
1096 4843 1141 4892 per
1163 4841 1240 4892 quem
1264 4825 1389 4892 scriptum
1413 4833 1439 4877 et
1461 4831 1609 4890 corruptum
1632 4821 1695 4873 odd.
1717 4819 1735 4872 ὁ
1838 4818 1875 4884 m)
1898 4837 1946 4872 em.
1969 4821 1992 4872 b.
2012 4818 2036 4871 6.

410 4913 439 4978 ιι)
459 4930 506 4966 ora.
527 4913 550 4966 1.
568 4911 655 4965 4-6.
737 4910 763 4978 ο)
781 4929 829 4963 orn.
847 4910 871 4964 6.
960 4911 987 4978 p)
1005 4929 1096 4980 grossa
1114 4911 1137 4964 1.
1219 4911 1246 4978 ql
1264 4913 1390 4978 vapulant
1407 4911 1432 4964 6.
1514 4908 1536 4976 r)
1554 4910 1718 4962 eomitatibus
1735 4907 1760 4960 3.
1842 4905 1865 4970 s)
1884 4908 1931 4960 bec
1949 4908 2037 4960 eadem

411 5003 557 5055 faciantne
575 5003 733 5069 castigentur
750 4997 808 5064 (tin.
823 4997 869 5065 22)
885 4997 910 5052 3.
999 5000 1019 5064 t)
1037 5001 1119 5052 modis
1137 4997 1162 5052 6.
1249 4999 1279 5063 ιι)
1298 5000 1342 5066 qui
1360 5000 1388 5050 iu
1406 4997 1565 5066 protentione
1582 4996 1716 5048 occasione
1733 4992 1758 5046 3.
1845 4992 1875 5060 v)
1895 4995 1994 5045 iaciunt
2011 4991 2036 5046 3.

410 5089 443 5152 w)
462 5089 489 5139 in
574 5105 621 5140 suo
639 5105 687 5140 em.
706 5086 730 5140 3.
818 5085 847 5150 x)
866 5087 974 5138 debilios
991 5103 1044 5137 non
1061 5087 1154 5139 satiant
1171 5085 1195 5138 b.
1283 5085 1311 5155 y)
1331 5104 1378 5137 om.
1397 5083 1421 5137 3.
1510 5081 1534 5149 a)
1551 5083 1589 5134 ita
1606 5081 1796 5134 Bettoooceaeis
1815 5080 1958 5146 Sirnrcads',
1975 5079 1999 5132 4.
2012 5079 2037 5145 6,

411 5174 519 5242 Amas
536 5176 653 5241 quilibet,
671 5192 720 5227 om.
738 5181 784 5240 est,
805 5171 890 5232 1-3;
909 5174 1018 5240 quilibet
1035 5181 1074 5225 cst
1085 5173 1110 5227 5.
1198 5171 1225 5242 a)
1244 5173 1312 5237 Quid
1324 5173 1462 5241 agendum,
1480 5172 1502 5222 si
1515 5171 1634 5223 denarius
1647 5186 1728 5222 novae
1746 5179 1863 5220 monetae
1880 5185 1932 5220 non
1952 5184 2037 5218 nictus
2054 5185 2081 5224 se

411 5262 532 5315 inventus
550 5263 627 5315 luerit
644 5262 714 5314 rubr.
734 5262 762 5313 ia
779 5259 804 5312 6.

513 5433 557 5499 35)
577 5431 631 5499 Ost.
645 5431 766 5486 Soetbccr
783 5432 800 5486 l.
813 5447 835 5486 c.
851 5432 985 5501 p.15cq.;
1008 5427 1103 5496 Waltz,
1121 5425 1180 5484 VG.
1194 5427 1240 5482 IV
1242 5432 1261 5492 ²,
1280 5444 1308 5496 p.
1322 5427 1401 5496 9laq.
1482 5426 1528 5494 36)
1547 5427 1642 5494 Arsecp.
1656 5424 1707 5493 IV,
1726 5439 1747 5478 c.
1760 5425 1802 5491 30,
1820 5427 1880 5477 toas
1894 5423 1918 5490 1,
1933 5440 1962 5492 p.
1975 5423 2035 5478 441.

409 5537 454 5602 et)
472 5537 508 5590 ab
527 5535 588 5604 ipso
607 5535 652 5590 die
676 5535 719 5589 bic
742 5537 842 5590 soom
863 5533 958 5588 addim
976 5537 1047 5588 sum.
1154 5533 1199 5602 38)
1223 5535 1253 5586 et
1276 5532 1346 5585 bene
1371 5533 1535 5600 pensantem
1559 5529 1682 5600 recipere
1707 5528 1831 5582 noluerit
1855 5528 1953 5597 Auscp.
1976 5528 1994 5581 l.
2013 5543 2035 5581 c.

409 5643 453 5708 39)
472 5639 601 5694 dominus
626 5638 670 5694 vel
692 5639 744 5695 des.
769 5657 816 5708 op.
843 5641 939 5710 ΑΜ).
1044 5639 1089 5704 46)
1115 5637 1249 5707 magister
1273 5653 1367 5690 eornm
1391 5635 1434 5688 vol
1460 5634 1612 5689 advocatus
1637 5634 1686 5703 qni
1709 5633 1781 5686 liber
1805 5634 1847 5684 est
1872 5648 1917 5685 eos
1942 5635 2035 5700 elasa).

357 5753 360 5760 ‘
409 5749 454 5814 41)
473 5746 508 5800 ud
528 5786 574 5801 ...
593 5749 687 5800 nostro
706 5745 757 5800 slas.
775 5763 818 5814 ap.
838 5747 936 5815 Auses.
2055 5753 2080 5793 eo
