4568 6420
430 447 492 510 432
544 438 814 496 ,unorununu'rs
834 438 882 493 AD
901 437 1017 493 caelu.
1037 437 1117 492 une.
1137 437 1321 492 assuctus
1339 435 1529 491 OCClDEN'l'.
1547 434 1695 504 (Kauotl
1709 434 1755 504 ll).
1775 464 1808 474 -
1825 434 1874 489 Nr.
1888 435 1947 488 297.

352 622 412 696 858.
432 617 475 682 Et
498 622 645 682 rectores
668 635 706 678 ac
730 619 877 699 pastores
894 613 1107 678 ecelesiarum
1131 617 1168 675 ut
1190 617 1300 696 patres
1325 617 1358 674 et
1381 609 1502 674 Christi
1519 609 1658 673 vicarios
1683 609 1791 688 colite,
1818 609 1902 672 sicut
1924 613 2060 674 sanctab

432 720 592 805 scriptura
615 717 802 804 praecepit⁰
825 715 952 780 dicens:
983 704 1223 778 ‘Sacerdotes'1¹
1250 713 1312 778 Dei
1336 709 1526 792 sanctifica',
1550 719 1585 777 et
1608 712 1780 797 ‘magnatis
1804 713 1941 777 humilia
1963 721 2061 800 caput

432 820 533 888 tuum’
557 842 736 906 eorumque
767 819 927 906 spiritalia
956 819 1094 883 consilia
1122 818 1277 883 obaudite
1307 816 1448 883 iterumd
1479 815 1611 883 dicente
1642 810 2060 903 scriptura:‘1nterroga⁴2

431 935 541 1016 patres
565 932 638 1000 tuos
662 931 696 990 st
719 921 957 1002 annuntiabunt
979 921 1053 996 tibi;
1076 921 1218 985 maiores
1242 927 1313 984 tuos
1338 928 1371 985 et
1394 920 1505 985 dicent
1529 919 1637 996 tibid’3
1663 926 1695 985 et
1719 921 1815 986 item:
1842 914 2059 1008 ‘Interroga‘¹3

431 1031 620 1106 sacerdotes
649 1050 740 1093 meos
770 1024 907 1111 legem⁸’
939 1046 1061 1099 meam;
1097 1030 1130 1088 et
1159 1024 1320 1088 Dominus
1349 1046 1409 1110 per
1438 1024 1634 1089 Malachiam
1669 1025 1879 1111 prophetam:
1908 1018 2092 1091 ‘Labiafls

430 1134 609 1202 sacerdotis
633 1129 822 1196 custodient
845 1129 1016 1193 scientiam
1042 1133 1074 1191 ct
1097 1128 1204 1213 legem
1229 1127 1397 1212 requirent
1419 1149 1460 1192 ex
1484 1149 1539 1193 ore
1564 1129 1644 1207 eius,
1669 1129 1745 1213 quia
1768 1129 1905 1214 angelus
1929 1129 2060 1196 Domini

431 1238 635 1306 exercituum
652 1231 722 1298 est'.
768 1232 902 1318 Eosque
918 1239 1065 1318 tempore
1081 1233 1258 1317 incongruo
1282 1239 1315 1296 et
1330 1233 1525 1318 inoportuna
1542 1233 1642 1297 nolite
1664 1233 1858 1319 inquietare,
1883 1233 1941 1298 sed
1963 1235 2061 1300 liceat

431 1345 479 1410 eis
503 1339 718 1406 ministerium
743 1357 886 1416 sacrum,
911 1335 952 1400 ad
976 1335 1062 1420 quod
1087 1334 1227 1400 ordinati
1251 1341 1345 1415 sunt,
1368 1335 1399 1399 in
1425 1334 1539 1421 populi
1562 1335 1701 1401 salutem
1725 1356 1900 1421 peragere;
1931 1337 2060 1423 sibique

431 1444 612 1511 domestica
636 1463 715 1506 cura
738 1441 903 1505 subiectos
928 1440 1028 1503 nolite
1052 1448 1228 1504 concutere
1253 1447 1286 1504 et
1309 1461 1373 1504 non
1397 1441 1511 1504 sinatis
1536 1438 1756 1506 dehonestare
1780 1441 1848 1506 sive
1865 1442 2060 1527 opprimere.

431 1551 476 1618 Ut
498 1547 699 1635 presbyteris
721 1545 824 1610 honos
848 1565 1012 1628 congruus
1036 1550 1070 1608 et
1093 1545 1162 1608 iura
1186 1543 1308 1625 debita,
1332 1565 1416 1628 quae
1441 1565 1585 1610 canones
1609 1552 1643 1609 et
1659 1545 1802 1631 capitula
1825 1546 1877 1610 avi
1901 1553 1935 1612 et
1957 1546 2058 1632 patris
2079 1563 2104 1602 ιο

432 1653 530 1732 vestri
562 1639 792 1730 statueruutll,
830 1654 1083 1726 conserventur,
1122 1649 1272 1733 satagite.
1324 1647 1370 1712 Ut
1401 1648 1546 1734 episcopi
1574 1649 1737 1733 quietam‘
1763 1649 1950 1714 libertatem
1983 1671 2060 1715 suas

431 1755 641 1844 parroechias
671 1751 893 1818 circumeundi
927 1760 960 1817 et
990 1751 1201 1837 praedicandi
1236 1773 1274 1816 ac
1304 1751 1516 1817 confirmandi
1544 1758 1641 1836 atque
1665 1751 1848 1837 corrigendi
1872 1745 2061 1830 habeantffi,

434 1861 593 1927 ordinate.
640 1855 686 1921 Ut
709 1857 828 1921 missus
853 1856 1085 1942 reipublicae,
1109 1857 1141 1922 id
1165 1865 1217 1922 est
1239 1857 1389 1921 minister
1412 1857 1555 1936 comitis,
1585 1878 1660 1921 cum
1683 1857 1777 1942 ipsis,
1807 1858 1833 1921 si
1858 1851 2060 1937 iusserint47,

432 1973 496 2044 eat,
520 1964 575 2050 qui
599 1962 722 2027 liberos
746 1960 895 2024 homines
919 1960 1144 2040 incestuosos,
1176 1962 1203 2025 si
1227 1982 1286 2046 per
1307 1959 1563 2026 admonitionem
1595 1961 1860 2048 presbyterorum
1885 1963 1995 2027 venire
2019 1963 2059 2028 ad

431 2071 622 2156 episcopum
650 2065 829 2144 noluerint,
858 2085 915 2128 eos
946 2063 986 2127 ad
1018 2063 1161 2150 episcopi
1193 2064 1352 2150 placitum
1373 2064 1486 2128 venire
1519 2064 1634 2144 faciat,
1666 2064 1900 2130 commendate.
1951 2065 2010 2144 Ut,
2034 2067 2060 2130 si
2081 2083 2105 2120 ¹⁵

431 2175 605 2262 episcopus
633 2193 690 2257 pro
718 2189 923 2255 quacumque
952 2169 1151 2234 necessitate
1179 2168 1405 2234 ecclesiastiea
1431 2167 1474 2231 ad
1505 2188 1562 2230 vos
1594 2166 1765 2246 direxerit,
1797 2168 1838 2232 ad
1862 2190 1957 2254 quem
1981 2190 2060 2233 suus

432 2279 551 2342 missus
576 2274 700 2352 veniat,
733 2294 792 2358 per
821 2292 933 2357 quem,
966 2282 1074 2357 quae⁸
1100 2270 1337 2336 rationabiliter
1366 2271 1512 2356 petierit,
1547 2270 1709 2350 obtineat,
1740 2272 1772 2334 in
1796 2271 1918 2357 palatio
1940 2277 2060 2352 vestro,

432 2383 516 2446 sicut
532 2399 642 2444 comes
659 2376 774 2463 palatii
789 2381 840 2458 est
856 2375 887 2439 in
906 2376 1015 2440 causis
1039 2373 1249 2460 reipublicae,
1273 2373 1451 2438 ministerio
1467 2395 1645 2459 congruum
1664 2373 1876 2438 constitutum
1892 2366 2061 2442 habete43.

433 2483 478 2548 Ut
502 2480 703 2568 temporibus
725 2503 745 2545 a
769 2480 870 2544 sacris
895 2479 1016 2564 regulis
1045 2479 1229 2543 constitutis
1261 2479 1553 2565 comprovinciales
1577 2478 1718 2564 synodos
1743 2500 1816 2544 cum
1840 2480 2003 2566 episeopis
2027 2485 2061 2545 et

433 2587 596 2675 speciales
621 2606 692 2650 cum
718 2584 917 2670 presbyteris
941 2582 1063 2648 habere
1087 2581 1220 2669 quieteh
1243 2582 1384 2669 possint,
1407 2582 1552 2648 annuite.
1594 2582 1661 2648 Res
1689 2590 1723 2648 et
1751 2583 1925 2649 facultates
1955 2585 2060 2650 eccle·
2080 2594 2106 2634 ²⁰

433 2691 593 2768 siasticas,
617 2679 736 2774 quae⁴⁹
761 2696 838 2753 sunt
861 2695 937 2752 vota
959 2686 1120 2767 fidelium,
1142 2687 1248 2772 pretia
1270 2691 1494 2772 peccatorum,
1522 2685 1686 2772 stipendia
1715 2687 1907 2750 ancillarum
1936 2694 1969 2752 et
1992 2709 2062 2752 ser·

432 2817 545 2859 vorum
570 2793 650 2872 Dei,
674 2792 867 2879 depraedari
901 2798 934 2856 et
957 2792 999 2856 ab
1024 2791 1173 2856 ecclesiis
1196 2775 1333 2855 discindi
1361 2791 1462 2855 nolite
1492 2791 1670 2868 sustinere,
1701 2788 1759 2856 sed
1788 2790 1916 2855 fortiter
1945 2797 1981 2854 ut
2003 2813 2063 2858 rex

433 2898 630 2964 christianus
662 2903 696 2974 et
726 2897 886 2962 ecelesiae
916 2897 1067 2960 alumnus
1098 2895 1243 2960 resistite
1275 2900 1374 2980 atque
1402 2894 1579 2960 defendite.
1632 2894 1683 2960 De
1714 2895 1831 2979 quibus
1862 2895 2063 2960 consecratis

433 3004 504 3070 Deo
529 3002 637 3083 rebus,
662 3000 747 3086 quod
771 3001 895 3066 habent
917 2999 1012 3064 liberi
1036 2999 1187 3064 homines
1203 2999 1352 3064 ecclesiis
1369 3000 1550 3064 servientes
1567 3020 1626 3085 per
1641 2997 1886 3084 dispositionem
1900 3004 2062 3064 rectorum

433 3109 576 3195 ipsarum
601 3105 825 3184 ecclesiarum,
849 3103 922 3168 ideo
947 3104 1185 3168 constituerunt
1201 3105 1424 3189 apostolorum
1440 3125 1647 3168 successores
1665 3103 1726 3168 hoc
1743 3103 1894 3180 ordinari,
1917 3109 1963 3181 ut,
1986 3105 2106 3187 quiana

434 3215 608 3278 creverunt
630 3209 775 3274 fidelium
798 3215 873 3272 vota
897 3213 928 3270 at
952 3207 1160 3272 increverunt
1183 3207 1360 3273 infidelium
1384 3208 1480 3288 mala,
1504 3215 1680 3293 augeretur
1702 3229 1761 3294 per
1785 3206 2063 3294 dispensationem

435 3315 691 3381 ecelesiasticam
729 3312 822 3397 regui
861 3310 979 3375 militia
1015 3310 1055 3374 ad
1090 3311 1319 3375 resistendami
1351 3311 1508 3376 malorum
1545 3311 1741 3396 nequitiam,
1776 3319 1938 3397 quatenus
1972 3312 2062 3397 ipsae

432 3420 594 3487 ecelesiae
624 3417 847 3480 defensionem
884 3413 1045 3480 haberent
1074 3421 1107 3478 et
1138 3436 1252 3500 pacem
1285 3421 1318 3480 et
1340 3415 1562 3480 christianitas
1591 3415 1755 3480 obtineret
1782 3417 2062 3501 tranquillitatem.

434 3525 651 3610 Quapropter,
677 3521 761 3584 sicut
784 3525 818 3584 et
841 3519 917 3583 illae
941 3540 993 3583 res
1016 3541 1054 3583 ac
1078 3519 1270 3598 facultates,
1294 3518 1334 3584 de
1358 3519 1475 3604 quibus
1498 3520 1611 3584 vivunt
1633 3520 1753 3600 clerici,
1777 3521 1824 3584 ita
1847 3526 1881 3586 et
1903 3521 1977 3586 illae
2002 3521 2062 3585 sub

434 3625 681 3710 consecratione
711 3623 914 3687 inmunitatis
938 3628 1027 3701 sunt,
1061 3622 1101 3686 de
1125 3623 1245 3708 quibus
1269 3622 1392 3688 debent
1414 3623 1554 3688 militare
1578 3623 1709 3700 vasalli,
1733 3630 1766 3688 et
1790 3625 1860 3710 pari
1883 3626 2019 3690 tuitione
2042 3639 2106 3689 aw

435 3731 526 3816 regia
548 3733 709 3814 potestate
733 3727 766 3791 in
790 3728 1003 3792 ecclesiarum
1027 3726 1140 3791 usibus
1165 3726 1287 3792 debent
1309 3727 1435 3791 muniri.
1481 3725 1588 3800 Quia*
1612 3748 1687 3790 vero
1710 3726 1867 3792 Karalus¹
1898 3728 2062 3814 princeps,

434 3833 594 3920 Pippinim
623 3832 708 3916 regis
740 3837 851 3916 pater,
883 3831 937 3916 qui
972 3831 1094 3916 primus
1125 3831 1211 3896 inter
1240 3852 1352 3895 omnes
1383 3829 1583 3894 Francorum
1619 3851 1715 3916 reges
1747 3852 1785 3895 ao
1816 3831 1978 3918 principes
2010 3854 2062 3898 res

435 3937 645 4004 ecclesiarum
674 3936 716 4000 ab
745 3935 792 3998 eis
821 3935 985 4020 separavit
1012 3941 1110 4019 atque
1140 3927 1297 4014 divisit50,
1330 3956 1387 4021 pro
1415 3935 1477 3999 hoc
1508 3936 1576 3998 solo
1607 3935 1748 4000 maxims
1779 3942 1828 4000 est
1852 3937 2064 4002 aeternaliter

434 4040 601 4128 perditus,
624 4039 745 4124 siguis¹¹
772 4036 1000 4102 manifestatur
1022 4037 1228 4102 evidentibus
1237 4047 1262 4101 ¹¹.
1308 4037 1391 4102 Nam
1416 4045 1547 4102 sanctus
1570 4037 1753 4104 Eucherius
1776 4039 2062 4105 Aurelianenaium

435 4145 624 4231 episcopus,
656 4143 709 4228 qui
745 4142 777 4205 in
813 4142 1010 4206 monasterio
1047 4143 1151 4206 sancti
1189 4141 1351 4207 Trudouis
1389 4143 1580 4229 requiescit,
1618 4143 1651 4207 in
1684 4145 1831 4210 oratione
1861 4146 1987 4231 positus
2019 4145 2062 4209 ad
2080 4159 2106 4202 ³⁵

435 4249 573 4314 alterum
598 4253 649 4310 est
673 4247 838 4310 saeculum
864 4253 974 4332 raptus
999 4251 1032 4309 et
1054 4246 1140 4310 iuter
1163 4251 1284 4324 cetera,
1309 4266 1392 4331 quae
1415 4246 1555 4311 Domino
1579 4247 1640 4311 sibi
1664 4248 1857 4314 ostendente
1882 4249 2062 4335 conspexit,

436 4351 516 4416 vidit
538 4350 650 4414 illum⁰
673 4349 706 4414 in
730 4349 857 4414 inferno
881 4350 1034 4414 inferiore
1058 4350 1212 4435 torqueri.
1268 4349 1329 4414 Cui
1359 4351 1575 4435 interroganti
1603 4349 1644 4415 ab
1668 4352 1786 4442 angelo
1811 4353 1905 4416 siuas
1928 4353 2062 4417 ductore

437 4475 628 4541 responsum
652 4459 712 4533 est,
736 4455 812 4539 quia
835 4459 1021 4519 sanctorum
1039 4451 1246 4533 iudicatione,
1270 4453 1325 4539 qui
1349 4452 1528 4518 inlaturos
1550 4454 1671 4518 iudicio
1688 4476 1762 4519 cum
1781 4455 1920 4520 Domino
1937 4455 2061 4520 iudica-

436 4559 517 4624 bunt
549 4569 769 4644 quorumquer
803 4578 855 4622 res
885 4557 1021 4621 abstulit
1055 4561 1088 4622 et
1122 4555 1245 4636 divisit,
1287 4561 1363 4620 ante
1397 4557 1476 4621 illud
1513 4556 1667 4623 iudicium
1701 4559 1827 4623 anima·
1862 4567 1895 4624 et
1928 4571 2062 4647 corpore

540 4715 568 4780 b)
589 4735 636 4768 om.
655 4715 680 4767 2.
750 4713 775 4778 c)
794 4715 918 4782 praecipit
937 4713 960 4765 l.
1034 4713 1062 4776 dl
1081 4714 1174 4764 iterum
1193 4715 1306 4766 ...tibi
1324 4731 1372 4766 om.
1391 4712 1416 4765 5.
1486 4713 1512 4776 a)
1531 4722 1557 4766 et
1574 4715 1659 4767 dicent
1677 4717 1723 4768 tibi
1741 4717 1804 4769 cdd.
1823 4716 1846 4768 5.
1918 4718 1943 4782 f)
1961 4735 1975 4769 e
1992 4719 2061 4784 quis·
2080 4729 2106 4769 tu

435 4811 486 4856 tem
505 4821 571 4855 coss.
591 4801 616 4853 2.
720 4801 749 4869 g)
773 4818 821 4852 om.
840 4800 865 4852 5.
969 4797 998 4865 h)
1021 4801 1066 4866 qui
1091 4798 1117 4851 5.
1221 4798 1241 4866 i)
1259 4800 1427 4852 resistendum
1448 4801 1507 4852 mal.
1531 4801 1660 4867 nequitias
1678 4801 1702 4852 5.
1806 4803 1834 4867 k)
1858 4803 1910 4854 Hie
1932 4804 2021 4870 iuciprit
2037 4801 2062 4855 8.

434 4891 454 4953 1)
474 4889 569 4955 Iuciprs't
587 4887 615 4952 'l;
639 4888 731 4940 Carlus
751 4886 772 4938 1.
847 4886 884 4950 m)
903 4887 986 4953 Pipini
1006 4885 1030 4937 5.
1050 4885 1073 4937 7.
1150 4887 1179 4950 n)
1197 4889 1278 4954 signis
1362 4888 1524 4940 evidentibus
1542 4906 1590 4940 om.
1612 4886 1684 4938 1-7.
1755 4893 1782 4954 ο)
1801 4892 1884 4958 ipsum
1904 4889 2063 4943 Karalum‘l.

435 4973 463 5044 p)
482 4976 537 5028 eius
555 4992 602 5026 om.
616 4973 645 5034 ὃς
665 4989 814 5040 responsum
838 4980 878 5024 ast
901 4973 1018 5038 duetore,
1043 4989 1090 5022 om.
1110 4973 1174 5037 eius,
1193 4970 1216 5024 7.
1321 4972 1482 5038 q)futurum
1500 4975 1633 5038 iuditium,
1660 4993 1701 5026 om
1725 4977 1764 5040 in,
1782 4974 1806 5027 8.
1904 4978 1926 5040 r)
1942 4993 2063 5043 quorum·

435 5077 546 5129 cumque
563 5061 588 5114 5.
608 5057 631 5112 7.
650 5056 673 5110 8.
746 5059 768 5120 s)
786 5060 887 5110 animae
905 5075 922 5110 a
940 5075 1008 5124 corp.
1026 5055 1051 5108 8.

540 5197 584 5263 41)
605 5195 703 5250 Euclea
722 5193 803 5262 v,31‚·
825 5193 883 5260 4,).
959 5193 1004 5264 44)
1023 5193 1131 5248 Denter.
1149 5195 1192 5260 32,
1203 5197 1225 5248 7.
1302 5195 1347 5262 43)
1366 5195 1433 5264 App.
1453 5196 1478 5260 2,
1490 5195 1527 5248 12.
1603 5197 1647 5263 44)
1668 5197 1784 5252 Mausoli.
1803 5199 1863 5264 27.
1939 5200 1983 5266 45)
2004 5198 2061 5265 Gsr.
2079 5211 2105 5250 rs

437 5301 516 5357 eoae.
536 5298 617 5353 Mdd.
637 5299 698 5365 845,
714 5313 800 5366 supro
815 5314 843 5366 p.
857 5297 916 5364 413,
933 5313 953 5350 c.
967 5298 1008 5351 63.
1100 5298 1144 5365 46)
1163 5296 1235 5353 mu.
1254 5299 1329 5352 aas
1420 5298 1465 5364 47)
1485 5299 1557 5353 Ibid.
1577 5317 1598 5356 c.
1612 5302 1653 5354 71.
1747 5303 1790 5368 48)
1811 5301 1868 5371 Gfr.
1887 5302 2062 5370 Hiurvuorus,

436 5407 478 5462 Dc
494 5405 587 5460 ordine
602 5403 704 5473 palatii
720 5420 740 5457 c.
756 5405 796 5470 19,
815 5403 893 5469 iufra
910 5405 941 5456 ia
959 5403 1029 5470 App.
1049 5401 1090 5456 cd.
1177 5403 1222 5471 49)
1242 5402 1295 5468 Osr.
1311 5401 1388 5457 Oonc.
1406 5402 1484 5459 Vera.
1498 5404 1556 5470 644,
1573 5420 1658 5473 supra
1674 5421 1702 5473 p.
1715 5405 1774 5472 386,
1793 5421 1814 5460 c.
1830 5407 1870 5460 12.
1957 5407 2002 5473 50)
2022 5405 2065 5460 Da

434 5510 487 5577 hia,
511 5525 581 5578 quiue
598 5512 760 5577 aequsavtur,
779 5507 831 5573 cfr.
850 5505 936 5575 aaa,
963 5505 1051 5559 Gcaclv.
1070 5504 1096 5558 d.
1117 5506 1361 5572 Benefica'otweseas
1377 5523 1404 5575 p.
1415 5508 1538 5575 albaque
1551 5525 1581 5576 p.
1598 5508 1649 5564 334
1658 5525 1725 5576 sqq,
1749 5526 1778 5577 p.
1796 5510 1847 5564 466
1861 5527 1929 5579 suut
1954 5508 2064 5563 Foeda·

435 5617 496 5670 litu't
517 5633 544 5668 u.
574 5613 840 5669 Urvtertlvuauerboud
863 5629 891 5680 p.
912 5614 961 5668 105
973 5629 1040 5680 ³qu
1071 5612 1172 5680 Wofta,
1192 5611 1250 5667 VG.
1268 5612 1343 5679 111¹,
1370 5614 1526 5680 p.15sqq.‚·
1553 5628 1575 5665 υ.
1593 5611 1732 5679 Nocvulen,
1758 5611 1895 5668 Histrum
1917 5631 1940 5668 s.
1957 5611 2064 5668 Risus

432 5736 461 5788 p.
473 5719 531 5786 146,
550 5723 605 5772 aot.
620 5719 649 5780 1,·
667 5717 784 5786 Sehrfrs,
799 5715 937 5770 Hintruar
956 5733 976 5770 u.
991 5715 1082 5770 Raima
1095 5732 1125 5784 p.
1137 5717 1249 5785 508sq.,·
1273 5717 1412 5784 Ramnes,
1433 5716 1497 5771 Ru.
1511 5715 1553 5782 II,
1570 5733 1599 5785 p.
1612 5716 1664 5770 alu
1675 5732 1728 5784 sqq.
2081 5727 2107 5768 so
