4560 6426
361 451 610 507 CAPITULARIA
629 452 760 510 REGUM
781 454 966 510 eaenulas
985 455 1249 511 OOClllFN'l'ALlS
1267 455 1416 524 (Rusoni
1429 455 1475 523 ll).
1494 487 1526 496 -
1545 456 1593 510 Νι.
1606 456 1667 512 266.
1684 457 1744 512 267.
1801 459 1860 522 29⁴1

236 634 378 704 quoniam,
403 636 426 690 si
449 653 501 692 nos
524 637 601 708 ipsos
625 637 805 704 comedimus,
829 636 886 693 cito
909 637 1077 693 deficiemus.
1116 639 1314 708 Unusquisque
1331 643 1427 694 tamen
1443 639 1585 694 custodiat
1601 639 1755 694 exercitum
1771 659 1860 708 snum,
1881 637 1940 692 bil.

236 739 272 776 ne
294 721 391 791 aliqua
412 722 596 793 depraedatio
622 723 695 779 iulra
718 742 836 798 regnum
859 725 916 779 flat.

346 815 428 901 (ll.)
465 809 531 881 Si5⁰
553 826 616 896 quis
648 827 722 882 infra
744 845 861 897 regnum
888 827 1018 897 rapinam
1045 828 1146 883 fecerit
1168 832 1218 882 aut
1241 827 1372 897 cuiquam
1395 832 1492 883 nostro
1515 828 1592 884 fideli
1615 829 1730 898 eiusque
1754 829 1862 885 homini

237 911 345 981 aliquid
369 912 397 966 vi
418 913 578 980 abstulerit,
601 913 631 967 in
647 914 742 984 triplo,
767 914 812 968 cui
827 914 935 982 aliquid
950 913 1077 979 abstulit,
1101 915 1210 984 legibus
1228 918 1387 984 componat,
1412 918 1441 969 et
1455 915 1571 986 insuper
1586 915 1711 970 bannum
1727 920 1862 980 nostrum,

207 1017 218 1052 s
237 997 266 1052 id
289 1002 332 1053 est
355 1000 503 1070 sexaginta
526 1000 644 1064 solidos,
667 1001 749 1056 nobis
772 1002 923 1070 persolvat.
968 1001 1149 1056 Postmodum
1173 1019 1238 1056 vero
1262 1019 1279 1055 a
1302 1001 1404 1056 comite
1428 1005 1494 1056 ante
1518 1019 1568 1057 nos
1592 1002 1754 1070 adducatur,
1779 1005 1811 1057 ut
1833 1003 1862 1057 in

236 1083 383 1141 bastonico
405 1090 544 1150 retrusus,
576 1105 664 1156 usque
695 1089 762 1142 dum
784 1088 866 1142 nobis
888 1087 1035 1158 placuerit,
1059 1106 1165 1158 poenas
1188 1089 1256 1142 luat.
1301 1087 1372 1142 Nam
1395 1087 1418 1141 si
1441 1088 1554 1158 publice
1578 1092 1672 1143 actum
1695 1089 1789 1156 fuerit,
1812 1109 1861 1160 pu-

236 1171 340 1226 blicam
362 1172 427 1227 inde
450 1176 518 1244 agat
540 1173 746 1243 poenitentiam
769 1175 849 1229 iuxta
872 1178 1032 1228 sanctorum
1055 1192 1194 1230 canonum
1210 1173 1399 1238 sanctionem
1423 1175 1446 1228 si
1463 1193 1529 1230 vero
1546 1175 1662 1241 occulte,
1686 1177 1862 1231 sacerdotum

237 1258 354 1314 consilio
382 1277 416 1314 ex
443 1260 497 1315 hoc
523 1264 593 1330 agat
620 1261 839 1330 poenitentiam
870 1261 1002 1331 quoniam
1026 1245 1215 1332 ‘raptores⁵¹',
1243 1265 1276 1316 ut
1299 1261 1341 1316 ait
1362 1261 1523 1330 apostolus,
1557 1261 1611 1316 nisi
1635 1279 1729 1318 veram
1753 1263 1863 1335 egerint

236 1345 457 1416 poenitentiam,
487 1345 613 1417 ‘regnum
637 1347 689 1402 Dei
711 1365 769 1402 non
792 1348 993 1419 possidebunt.
1038 1348 1091 1414 Qui
1116 1367 1180 1405 vero
1205 1349 1238 1404 de
1262 1348 1345 1403 rebus
1369 1348 1550 1404 ecclesiarum
1573 1349 1680 1418 aliquid
1703 1350 1862 1416 abstulerit,

196 1453 219 1491 ro
235 1432 350 1503 gravius
372 1432 437 1488 inde
460 1432 611 1498 iudicetur;
640 1433 709 1502 quia
737 1451 878 1489 sacrarum
901 1452 993 1490 remm
1017 1435 1124 1491 ablatio
1148 1435 1325 1506 sacrilegium
1348 1437 1406 1500 est,
1437 1439 1467 1490 et
1489 1435 1641 1506 sacrilegus
1665 1439 1790 1502 vocatur,
1814 1437 1862 1506 qui

237 1535 271 1574 ex
295 1519 335 1574 eis
360 1519 471 1588 ¹aliquid
499 1518 649 1574 abstulerit
676 1524 727 1574 aut
754 1521 888 1591 rapuerit.
936 1519 1070 1577 Extorres
1100 1539 1221 1591 namque
1249 1539 1266 1575 a
1288 1521 1433 1576 liminibus
1458 1525 1572 1577 sanctae
1599 1522 1698 1576 matris
1727 1523 1862 1580 ecclesiae

237 1606 308 1661 tales
329 1623 465 1676 personae
487 1623 574 1674 usque
595 1606 630 1660 ad
652 1607 875 1664 satisfactionem
890 1608 1032 1674 ecclesiae,
1049 1626 1133 1677 quam
1150 1610 1300 1674 laesemnt,
1323 1611 1389 1662 sunt
1405 1608 1550 1663 habendae
1565 1612 1652 1678 atque
1674 1593 1863 1664 firmiter⁵²

236 1692 469 1748 denotandae.
1100 1703 1105 1716 '

339 1875 384 1938 so)
404 1873 475 1928 ran.
488 1873 568 1940 rac.
581 1874 639 1928 ees.
727 1877 771 1940 aa
792 1875 814 1927 1.
830 1872 947 1928 amaea
966 1841 991 1941 e,
1003 1876 1042 1928 ro.
1131 1875 1175 1940 ss>
1194 1873 1313 1928 insama
1332 1874 1472 1928 noanaa
1492 1873 1591 1928 aaa.

841 2140 944 2147 .--,-.
950 2141 1248 2147 ———--.-—-——-·-

193 2465 217 2503 ¹⁵
371 2424 470 2532 ⁶267.
519 2419 1000 2531 ALLOOUTIO
1039 2417 1261 2530 Missi
1298 2416 1731 2530 CUIUSDAM

195 2593 196 2596 ‘
772 2575 1323 2687 DIVIONENSIS.

829 2757 926 2839 857.
954 2770 1040 2858 post
1067 2764 1174 2839 Febr.
1210 2765 1267 2838 14.

345 2933 471 3014 Primo
495 2949 532 3013 ia
558 2949 653 3014 lacem
684 2953 844 3030 protracta
872 2973 893 3014 a
919 2950 1061 3015 Balario
1082 2949 1138 3027 Il,
1169 2949 1223 3014 eol.
1242 2952 1297 3026 95,
1329 2947 1443 3029 lapitas·
1470 2948 1506 3012 ia
1539 2967 1603 3012 aaa
1631 2948 1729 3012 codice
1753 2946 1859 3012 Puris.

237 3055 321 3118 4626
344 3051 398 3133 sol.
416 3056 467 3119 91.

193 3194 219 3234 20
344 3155 399 3220 Ea
417 3157 540 3240 prolopi
561 3156 679 3221 certia·
702 3155 844 3222 Karolus
864 3157 1019 3242 plurimos
1042 3155 1189 3221 fideles..
1208 3206 1241 3220 ..
1265 3155 1429 3220 mediante
1446 3154 1627 3221 Februario
1644 3177 1756 3221 mense
1772 3155 1860 3243 apud

237 3259 435 3325 Curisiacum
477 3280 681 3346 congregans
721 3260 802 3324 haec
838 3261 981 3347 capitula
1117 3260 1211 3324 nobis
1249 3259 1427 3324 transmisit
1463 3265 1595 3340 apparet
1627 3260 1767 3340 capitula
1790 3264 1863 3340 posi

235 3368 416 3428 conventam
451 3363 711 3442 carisiacensem,
741 3364 775 3427 id
801 3369 846 3428 cst
866 3369 940 3446 post
962 3365 1043 3428 diem
1071 3369 1116 3429 14.
1141 3385 1180 3429 ar.
1204 3363 1297 3428 Febr.
1328 3363 1442 3428 litteris
1464 3363 1616 3427 inundata
1637 3382 1710 3428 esse.
1763 3361 1860 3427 Verba

234 3487 305 3531 vero
325 3468 504 3548 sequeutia:
531 3474 567 3532 ut
582 3489 622 3532 ea
638 3468 731 3532 vobis
748 3467 1014 3532 denuntiaremus
1030 3472 1074 3532 ct:
1098 3467 1205 3532 Primo
1222 3467 1363 3554 capitulo
1383 3469 1574 3546 continetur,
1598 3473 1707 3532 utros
1724 3487 1858 3532 monea-

236 3590 308 3634 mus
332 3579 371 3651 (c.
392 3573 423 3648 1)
445 3576 490 3634 et:
514 3593 556 3636 ex
579 3572 629 3636 his
655 3571 786 3636 mandat
815 3574 922 3636 senior
949 3578 1061 3637 noster
1090 3573 1129 3652 (c.
1147 3575 1182 3651 3)
1202 3571 1338 3652 protam
1359 3569 1409 3636 lsi-s
1432 3570 1580 3650 capitalis
1601 3590 1665 3634 aon
1687 3570 1861 3650 capitulare

191 3707 216 3747 a
237 3672 354 3738 Karoli
376 3673 466 3757 repis,
489 3665 581 3756 quale
600 3675 832 3758 prromalpalam
855 3680 908 3752 est,
927 3696 1008 3759 pam
1024 3675 1118 3752 tradi,
1141 3674 1195 3738 sed
1215 3675 1344 3737 scissum
1366 3671 1736 3755 qacadamDivioaeasis
1750 3674 1860 3736 missa-

234 3778 288 3841 tici
320 3776 396 3861 (cfr.
425 3796 523 3859 supra
551 3777 695 3860 descript.
725 3779 876 3863 amasim)
915 3781 1192 3860 prosternationem
1226 3779 1273 3842 vel
1303 3777 1520 3840 allocutionem
1553 3773 1596 3838 ad
1624 3775 1776 3855 papulam
1809 3777 1860 3839 sai

235 3882 388 3946 missatici
411 3879 539 3965 faeere.
576 3883 662 3963 Quae
688 3888 793 3947 tamea
817 3885 861 3946 ita
884 3885 1050 3963 composita
1073 3888 1126 3960 est,
1149 3885 1185 3945 at
1205 3883 1320 3945 missas
1342 3879 1483 3960 capitula
1504 3879 1587 3960 repis
1609 3883 1666 3942 aut
1687 3883 1861 3959 eeccrperel

235 3988 292 4047 aut
312 3983 356 4047 ad
376 3983 501 4048 verbam
516 3985 692 4048 bominibus
706 3986 915 4050 denuntiaret.
952 3985 1139 4066 Exemplum
1155 3989 1200 4046 est
1214 3988 1309 4064 eaput
1323 3983 1456 4058 tertiam,
1480 3983 1515 4045 ia
1536 3983 1626 4046 arias
1642 3983 1750 4062 priore
1769 3987 1861 4062 peric

236 4105 332 4168 sasque
354 4087 397 4149 od
417 4087 527 4150 verba:
555 4108 596 4151 ex
624 4087 675 4153 his
698 4088 830 4153 mandat
853 4090 960 4153 senior
987 4097 1127 4152 noster
1149 4089 1263 4150 aiassae
1277 4087 1416 4167 loquitar
1437 4087 1466 4148 ei
1488 4085 1523 4147 ia
1538 4085 1628 4148 caiae
1641 4085 1742 4149 altera
1764 4104 1861 4166 usqae

193 4221 218 4260 ro
236 4191 279 4254 ad
299 4190 410 4254 verbm
440 4198 473 4255 et
496 4193 627 4276 insuper
649 4193 790 4258 bannum
815 4200 1006 4269 nostrum,
1038 4192 1069 4257 id
1100 4200 1151 4257 est
1183 4190 1303 4256 solidos
1332 4188 1409 4269 LX,
1442 4195 1636 4273 componant
1658 4189 1740 4268 repis
1762 4189 1862 4252 oratio

234 4293 402 4378 repetitam·
423 4292 484 4379 cfr.
507 4295 601 4359 eiiam
623 4316 647 4361 c.
666 4303 695 4361 4.
1383 4293 1441 4376 (B.
1458 4292 1505 4368 Il,
1529 4296 1587 4371 95;
1611 4292 1646 4358 Ρ.
1664 4295 1754 4375 454.)

347 4507 384 4618 P
385 4561 496 4640 ropter
519 4555 666 4640 cognitas
690 4555 782 4620 vobis
806 4556 1022 4619 necessitates
1058 4561 1091 4620 et
1121 4555 1236 4618 nimias
1265 4553 1548 4639 perturbationes,
1582 4573 1666 4638 quae
1698 4553 1730 4617 in
1760 4574 1860 4638 regno

235 4660 297 4724 isto
322 4666 518 4736 evenerunt,
552 4659 636 4723 sicut
659 4660 767 4732 scitis,
802 4661 910 4722 senior
937 4671 1048 4722 noster
1071 4657 1214 4722 Karalus
1245 4658 1403 4742 plurimos
1432 4656 1546 4721 fideles
1577 4657 1667 4740 regni
1697 4657 1763 4736 sui,
1795 4665 1859 4719 tarn

181 4839 185 4848 .
235 4764 420 4848 episcopos,
457 4783 554 4847 quam
590 4761 727 4826 abbates
770 4771 803 4825 et
839 4763 975 4826 comites
1010 4771 1108 4847 atque
1144 4763 1286 4847 reliquos
1306 4761 1413 4845 regni
1454 4761 1502 4825 sui
1543 4759 1658 4825 fideles
1698 4759 1861 4824 mediante

191 4887 216 4926 a
235 4864 414 4930 Februario
444 4886 556 4929 mense
591 4864 678 4950 apud
716 4863 916 4928 Curisiacum
951 4885 1154 4950 congregans
1191 4865 1272 4929 haec
1309 4864 1451 4951 capitula
1486 4863 1528 4928 ab
1562 4849 1650 4948 ipsis
1675 4862 1862 4927 confirmata
1957 4917 1959 4922 ,

234 4969 330 5035 nobis
354 4969 543 5048 transmisit,
567 4976 603 5033 ut
627 4990 667 5034 ea
687 4969 778 5034 vobis
800 4968 1080 5048 denuntiaremus,
1104 4976 1139 5032 ut
1161 4975 1195 5032 et
1211 4989 1269 5032 vos
1295 4989 1367 5032 cum
1392 4967 1478 5032 omni
1495 4967 1611 5031 timore
1628 4965 1690 5030 Dei
1714 4974 1747 5030 et
1764 4967 1859 5050 legali

234 5073 369 5160 imperio
394 5074 569 5138 observare
594 5093 665 5137 cum
691 5074 815 5139 iustitia
838 5072 998 5138 studeatis
1020 5095 1199 5160 carnesque
1223 5073 1402 5153 christiani,
1426 5073 1479 5158 qui
1503 5073 1536 5136 in
1552 5080 1662 5136 nostro
1680 5071 1862 5135 consistunt

235 5178 413 5242 missatico.

347 5286 374 5345 l.
410 5279 520 5344 Primo
545 5281 688 5366 capitulo
713 5282 906 5362 continetur,
930 5290 966 5347 ut
988 5305 1046 5346 vos
1069 5304 1261 5348 moneamus
1285 5282 1325 5346 de
1351 5281 1473 5346 honore
1498 5287 1630 5344 sanctae
1648 5278 1708 5342 Dei
1733 5280 1860 5343 aeccle·

189 5378 333 5465 sosiae¹,
370 5385 425 5469 qui
459 5405 518 5470 per
554 5386 664 5448 omnia
694 5386 734 5451 ab
769 5388 918 5453 omnibus
948 5387 1100 5452 fidelibus
1135 5388 1318 5451 christianis
1350 5384 1573 5449 observandus
1605 5391 1667 5458 est,
1702 5391 1738 5447 ut
1770 5383 1862 5448 eius·

334 5574 361 5639 a)
380 5575 417 5624 ila
435 5575 721 5644 maurimontis
739 5577 865 5628 Balesium
871 5595 880 5638 ,·
898 5595 986 5630 corum
1005 5596 1025 5629 o.

339 5746 364 5810 l)
385 5743 439 5810 Osa.
460 5745 524 5812 (lap.
545 5745 640 5800 Silrac.
659 5749 719 5816 853,
738 5763 827 5815 aspra
841 5765 870 5816 p.
884 5749 944 5812 alu,
960 5763 980 5799 c.
995 5751 1019 5800 ⁸2.
