4568 6420
438 437 500 498 500
679 428 920 484 wansralous
940 428 985 482 DE
1004 429 1174 483 uxonnus
1194 428 1241 483 ΕΤ
1261 428 1514 483 Iucunditatis
1534 428 1615 484 ΗΕΒ.
1636 428 1730 484 Ecce.
1751 448 1773 484 e.
1786 429 1829 486 23.

438 605 654 668 deiectionem
679 593 834 667 Felicis⁴⁵
862 602 999 667 heretici
1031 602 1090 666 sub
1122 604 1358 687 gloriosissimo
1382 602 1505 666 Karolo
1537 603 1732 666 Francorum
1764 610 1891 668 rectore
1921 603 2068 667 damnati

438 706 524 772 idem
553 707 732 792 symbolum
765 705 879 770 latiusl
913 712 946 770 et
981 706 1128 770 crebrius
1157 706 1190 768 iu
1225 707 1400 770 missarum
1431 706 1565 791 coepitm
1600 705 1715 770 officiis
1743 707 1864 772 iterari.
1918 706 2067 771 Concilio

438 831 565 896 quoque
589 810 750 876 Toletano
779 815 938 874 statutum
967 817 1017 873 est
1046 809 1132 872 omni
1160 809 1323 874 dominica
1351 809 1436 874 idem
1466 810 1647 894 symbolum
1683 800 1912 874 ‘seeundumffi
1941 831 2067 874 morem

439 915 645 979 orientalium
670 914 885 979 ecelesiarum
916 913 1057 991 recitari,
1090 920 1135 991 nt,
1171 913 1358 997 priusquam
1390 912 1554 976 dominica
1584 912 1711 977 dicatur
1734 915 1848 993 oratio,
1879 913 1960 978 fides
1985 934 2066 978 vera

435 1018 638 1083 manifestius
671 1017 890 1081 testimonium
922 1015 1043 1079 habeat
1074 1021 1106 1080 et
1136 1015 1178 1079 ad
1207 1036 1324 1100 corpus
1356 1014 1477 1079 Christi
1509 1037 1547 1080 ao
1575 1016 1768 1101 sanguinem
1796 1015 2066 1102 praelibandumn
2108 1035 2121 1072 ⁵

437 1130 572 1207 pectora
595 1121 787 1207 populorum
812 1120 984 1206 purificata
1007 1115 1188 1182 aecedent’
1234 1117 1273 1181 Iu
1298 1118 1444 1182 eiusdem
1468 1118 1530 1181 loci
1562 1119 1697 1182 concilio
1722 1107 1888 1183 statutum
1903 1110 2000 1200 est47,
2028 1126 2067 1184 ut

436 1226 533 1288 etiam
563 1244 679 1308 ymnus
710 1224 807 1286 trium
840 1211 1050 1307 puerorum4⁸
1083 1219 1124 1284 ad
1153 1220 1285 1284 missam
1322 1223 1409 1285 omni
1439 1220 1603 1284 dominica
1637 1223 1672 1285 in
1705 1223 1830 1308 pulpito
1867 1230 2065 1306 cantaretur,

436 1327 522 1411 quod
537 1327 678 1392 Romani
702 1331 835 1412 propter
853 1324 1130 1408 multiplicitatem
1153 1323 1332 1388 officiorum
1356 1344 1420 1387 non
1442 1323 1577 1405 faciunt,
1601 1325 1663 1388 nisi
1686 1332 1839 1410 quattuor
1861 1347 1919 1412 per
1943 1347 2065 1392 annum

437 1431 564 1514 diebus,
589 1431 705 1517 quibus
730 1429 907 1494 lectionum
930 1426 998 1490 XII
1021 1447 1176 1491 numerus
1200 1427 1404 1512 adimpletur.

544 1534 785 1615 Offertorium0,
814 1531 900 1616 quod
932 1531 1018 1595 inter
1044 1527 1247 1594 offerendum
1276 1536 1441 1610 cantatur,
1472 1532 1619 1614 quamvis
1648 1552 1668 1594 a
1697 1533 1812 1618 prioris
1841 1534 1953 1620 populi
1986 1555 2064 1597 oon·
2095 1562 2120 1601 ro

438 1638 611 1704 suetudine
642 1640 675 1702 in
705 1657 800 1700 usum
829 1635 1078 1699 christianorum
1101 1633 1231 1697 venisse
1262 1632 1401 1710 dicatur,
1431 1639 1540 1697 tamen
1564 1635 1657 1718 quise
1688 1637 1874 1721 specialiter
1902 1637 2066 1702 addiderit

437 1742 551 1806 officiis
574 1743 710 1821 nostris,
740 1747 853 1824 aperte
877 1759 942 1801 non
968 1737 1122 1822 legimus,
1153 1736 1237 1800 sicut
1265 1742 1299 1800 et
1329 1735 1369 1799 de
1398 1736 1591 1821 antiphona,
1620 1759 1703 1822 quae
1733 1739 1774 1804 ad
1804 1742 2064 1806 communionem

437 1847 566 1927 dieitur,
589 1865 764 1931 possumus
787 1842 893 1922 fateri,
917 1862 989 1905 oum
1007 1861 1083 1904 vere
1108 1839 1279 1903 credamus
1303 1839 1420 1924 priscis
1436 1841 1635 1926 temporibus
1658 1849 1768 1927 patres
1785 1853 1913 1908 sanctos
1931 1846 2064 1909 silentio

438 1949 596 2014 obtulisse
621 1947 673 2012 rel
697 1947 964 2025 communicasse,
996 1943 1082 2029 quod
1105 1945 1204 2008 etiam
1226 1943 1387 2007 haetenus
1410 1944 1443 2007 in
1466 1944 1603 2009 sabbato
1628 1947 1754 2010 sanctiq
1781 1948 1925 2032 paschae
1950 1950 2062 2013 obser-

437 2075 562 2118 vamus.
602 2052 679 2133 Sed,
705 2052 789 2114 siout
811 2071 910 2135 supra
932 2048 1054 2112 dictum
1080 2037 1175 2126 est⁴⁹,
1199 2046 1336 2110 diversis
1361 2046 1464 2112 modis
1489 2055 1522 2111 et
1544 2048 1691 2133 partibus
1716 2071 1775 2135 per
1798 2059 1946 2138 tempora
1962 2054 2063 2117 deous

436 2157 600 2242 processit
624 2155 785 2220 ecelesiae
815 2160 848 2217 et
869 2173 974 2237 usque
998 2151 1031 2214 in
1054 2150 1151 2215 finem
1176 2151 1289 2236 augeri
1312 2172 1378 2214 uon
1402 2151 1541 2216 desinet.
1587 2152 1740 2217 Traditur
1762 2153 1902 2240 denique
1930 2157 2063 2222 beatum

436 2261 648 2346 Gregorinm,
679 2260 764 2322 siout
795 2257 1031 2322 ordinationem
1060 2257 1231 2319 missarum
1264 2262 1296 2319 et
1325 2255 1623 2336 consecrationum,
1657 2257 1703 2320 ita
1733 2259 1849 2322 etiam¹
1878 2259 2063 2324 cantilenae

436 2364 642 2450 disciplinam
668 2364 809 2427 maxima
826 2383 869 2426 ex
890 2366 984 2447 parte
1008 2361 1040 2423 in
1064 2369 1165 2441 eam⁸,
1190 2379 1273 2444 qnae
1297 2359 1456 2423 haetenus
1479 2361 1573 2444 quasi
1597 2360 1842 2426 decentissima‘
1859 2364 2061 2443 observatur,

435 2467 696 2552 dispositionem·
720 2465 926 2551 perduxisse,
951 2463 1035 2526 sicut
1051 2469 1084 2526 et
1098 2463 1131 2526 iu
1149 2463 1257 2548 capite
1274 2461 1513 2546 antiphonariiu
1535 2458 1850 2531 commemoratur50.
1886 2466 2063 2532 Sciendum

435 2579 545 2638 autern
562 2571 722 2656 quosdam
745 2568 927 2634 inordinate
951 2567 1079 2646 offerre,
1104 2567 1158 2651 qui
1182 2565 1390 2631 attendentes
1407 2587 1577 2631 numerum
1594 2569 1795 2634 oblationum
1820 2572 1939 2656 potius,
1965 2592 2062 2656 quam

434 2676 587 2739 virtutem
609 2680 886 2738 sacramentorum
902 2691 1001 2757 saepe
1025 2673 1057 2734 in
1081 2671 1146 2735 illis
1170 2676 1397 2734 transeunterv
1421 2671 1561 2735 offerunt
1576 2671 1696 2753 missis,
1720 2672 1859 2757 adquae
1883 2675 2062 2760 persistere

435 2781 558 2845 nolunt.
605 2769 844 2842 Rationabilius
869 2775 1028 2861 siquidem
1057 2783 1108 2840 est
1130 2775 1174 2839 ibi
1198 2775 1327 2856 offerre,
1357 2775 1414 2839 ubi
1438 2775 1544 2840 nelisw
1566 2779 1753 2862 persistero,
1786 2785 1833 2860 ut,
1858 2779 1913 2864 qui
1942 2799 2063 2844 munus

434 2881 575 2947 Domino
611 2881 770 2969 optulisti,
811 2880 928 2944 offeras
962 2880 1085 2965 pariter
1119 2900 1176 2965 pro
1212 2879 1328 2943 eodem
1368 2891 1524 2943 munere‘
1562 2881 1768 2965 suscipiendo
1806 2883 2062 2967 postulationem

433 2986 596 3052 devomm.
636 2983 711 3049 Non
735 2985 821 3049 euim
846 2984 965 3047 frustra
988 2983 1021 3046 in
1045 2982 1193 3045 rectioney
1216 2981 1348 3045 dicitur:
1373 2980 1448 3054 ‘Qui
1471 2982 1530 3046 tibi
1554 2982 1716 3064 offerunt’,
1741 3005 1803 3049 non
1828 2985 1963 3050 dicitur:
1987 2984 2063 3058 ‘Qui

434 3087 644 3176 optulerunt’,
668 3095 704 3152 ut
726 3087 956 3172 intellegamus
988 3104 1044 3148 eos
1066 3084 1243 3168 persistere
1275 3083 1397 3148 debere
1421 3084 1453 3148 in
1477 3085 1653 3166 offerendo,
1678 3086 1783 3152 donec
1806 3088 1916 3152 oblata
1940 3089 1981 3153 ad
2001 3089 2064 3154 hoc
2092 3121 2117 3161 2⁵

435 3193 644 3279 perveniant,
679 3189 719 3255 ad
744 3190 830 3275 quod
855 3190 965 3254 oblata
988 3194 1072 3252 sunt.
1120 3186 1184 3251 Sed
1208 3193 1261 3252 et¹
1283 3188 1316 3251 in
1341 3188 1402 3253 hoo
1426 3209 1516 3254 error
1538 3210 1603 3253 non
1631 3189 1778 3256 modicus
1803 3192 1944 3271 ridetur,
1976 3192 2063 3277 quod

433 3296 563 3382 quidam
590 3301 724 3381 putant·
756 3315 792 3358 se
823 3314 888 3356 non
918 3312 1015 3377 posse
1045 3290 1141 3354 aliter
1169 3290 1300 3376 plenam
1331 3294 1672 3357 commemorationem
1702 3315 1814 3358 eorum
1846 3295 1969 3377 facere,
2004 3316 2062 3382 pro

434 3399 550 3484 quibus
587 3399 744 3475 offerunt,
779 3397 840 3459 nisi
877 3394 1021 3480 singulas
1054 3393 1237 3457 oblationes
1273 3415 1330 3479 pro
1366 3395 1501 3480 singulis
1537 3395 1691 3476 offerant,
1727 3399 1779 3462 vel
1814 3420 1871 3484 pro
1906 3400 1989 3462 vivis
2029 3405 2063 3463 et

432 3502 592 3567 defunctis
620 3521 686 3565 non
716 3500 811 3564 simul
838 3499 1013 3563 aestimant
1042 3497 1290 3578 immolandum,
1323 3520 1396 3563 cum
1425 3520 1503 3564 vere
1527 3500 1666 3564 sciamus
1695 3523 1794 3566 unum
1822 3523 1879 3589 pro
1912 3504 2062 3569 omnibus

432 3612 596 3668 mortuum
632 3609 665 3668 et
695 3624 794 3668 unum
826 3622 944 3688 panem
973 3600 1065 3665 esso*
1099 3622 1137 3666 ac
1167 3603 1377 3687 sanguinem,
1408 3623 1505 3688 quem
1534 3605 1729 3670 universalis
1760 3605 1873 3672 offert⁰
1908 3606 2061 3672 eeclesia.
2090 3641 2116 3680 ,ο

433 3706 556 3782 Quodsi
581 3709 632 3772 cui
656 3707 765 3792 placet
788 3727 846 3792 pro
873 3707 1008 3791 singulis
1034 3705 1226 3790 singillatim
1243 3707 1359 3771 offerre
1383 3729 1441 3792 pro
1467 3707 1567 3771 solius
1586 3706 1767 3773 devotionis
1791 3710 2003 3796 amplitudine
2027 3719 2062 3776 et

432 3811 615 3876 orationum
638 3810 862 3897 augendarum
877 3808 1105 3888 delectatione,
1129 3806 1161 3871 id
1184 3808 1294 3890 iaciat,
1318 3829 1383 3872 non
1405 3809 1537 3874 autem<¹
1560 3832 1618 3896 pro
1642 3814 1743 3877 stulta
1758 3815 1954 3898 opinatione,
1978 3824 2064 3898 qua⁰

430 3925 524 4005 putet
555 3939 655 3982 unum
694 3916 759 3980 Dei
789 3920 1025 3978 sacramentum
1055 3933 1121 3976 non
1157 3934 1231 3977 esse
1255 3913 1425 3997 generales
1445 3914 1728 3980 medicamentum.
1782 3915 1931 3990 Quodam
1965 3917 2063 3982 modo

432 4023 574 4087 enimin
598 4017 898 4104 fidoimperfectus
922 4021 986 4094 est,
1018 4015 1071 4100 qui
1102 4020 1196 4101 putat
1218 4016 1346 4080 Deumss
1368 4037 1431 4079 non
1455 4016 1654 4100 discernere,
1687 4018 1781 4082 cumh
1810 4040 1875 4085 una
1902 4021 2062 4105 petitione

431 4147 489 4212 pro
525 4124 635 4190 multis
665 4130 812 4208 rogatur,
844 4119 940 4205 quid¹
971 4120 1022 4183 cui
1053 4120 1095 4182 sit
1122 4139 1275 4199 necesse,
1306 4121 1358 4184 vel
1388 4120 1534 4184 fastidire
1564 4143 1638 4186 eum
1666 4123 1809 4204 estimat,
1841 4145 1915 4187 oum
1945 4123 2061 4188 eadem
2089 4158 2115 4198 ,ᾗ

430 4229 552 4293 oblatio
575 4248 662 4291 nune
685 4247 743 4313 pro
768 4245 842 4306 uno,
877 4242 963 4286 nunc
986 4242 1044 4307 pro
1068 4221 1133 4285 alio
1164 4222 1346 4287 exhibetur.
1392 4222 1657 4290 Praelatiouenr¹¹
1680 4227 1826 4306 audonis,
1859 4248 1924 4312 qua
1947 4228 2062 4313 populi

430 4332 569 4398 affectus
599 4329 639 4394 ad
672 4329 850 4414 gratiarum
880 4326 1025 4390 actiones
1053 4324 1222 4390 incitatur¹
1252 4346 1291 4388 ae
1319 4324 1436 4391 deinde
1464 4327 1625 4392 humanae
1653 4327 1836 4394 devotionis
1864 4330 2060 4416 supplicatio

535 4487 554 4552 1)
574 4487 682 4539 latinum
700 4487 817 4538 crebrius
834 4481 858 4535 4.
929 4483 965 4551 m)
979 4484 1072 4534 officiis
1084 4483 1181 4550 cepisse
1199 4480 1223 4534 7.
1293 4483 1321 4548 n)
1340 4493 1398 4551 post
1412 4484 1547 4538 libandum
1565 4485 1595 4548 2;
1614 4495 1671 4554 post
1688 4489 1822 4540 libandum
1840 4497 1866 4541 ot
1883 4491 2061 4557 accipiendum

429 4581 495 4643 poet.
517 4572 546 4635 4;
570 4580 642 4641 potas
664 4573 746 4639 accipi
769 4571 902 4624 libandum
926 4569 950 4621 b.
1043 4569 1069 4633 o)
1089 4570 1121 4620 X.
1139 4568 1271 4634 panim.
1289 4566 1313 4621 l.
1402 4567 1429 4638 p)
1452 4573 1496 4637 qui
1519 4571 1544 4624 5.
1643 4573 1670 4639 ql
1695 4582 1800 4627 sanetas
1818 4573 1850 4634 33
1875 4581 1965 4626 sancto
1982 4573 2059 4626 6-8.

429 4659 450 4726 r)
473 4667 498 4711 et
520 4659 582 4712 aad.
601 4657 625 4710 7.
721 4658 744 4722 a)
763 4673 794 4709 ea
817 4697 822 4708 .
843 4697 875 4710 ..
900 4657 1065 4724 dispositione
1086 4654 1108 4707 6.
1125 4653 1152 4721 73
1182 4673 1240 4708 earn
1264 4695 1269 4707 .
1289 4694 1319 4707 ..
1343 4659 1507 4725 dispositione
1529 4679 1542 4711 e
1566 4662 1759 4730 dispositionem
1783 4680 1849 4714 corr.
1873 4679 1943 4713 maa.
1962 4663 2007 4713 alt
2034 4661 2059 4714 5.
2088 4682 2117 4722 40

429 4745 449 4809 tl
462 4763 529 4798 coir.
542 4763 611 4796 man.
624 4746 787 4797 olt.dooante
800 4744 824 4796 5.
890 4745 918 4808 u)
932 4743 1168 4810 antiphonariorum
1181 4741 1210 4808 4;
1223 4744 1420 4810 antiphonarum
1433 4744 1456 4796 7.
1528 4745 1556 4812 v)
1569 4747 1806 4802 nemausensis.
1876 4746 2021 4812 wlvslitb'.
2037 4747 2061 4799 7.

429 4833 456 4896 x)
476 4849 583 4885 munera
600 4831 624 4883 2.
709 4829 738 4898 y)
757 4833 870 4882 orations
888 4829 912 4882 6.
998 4830 1022 4895 a)
1042 4847 1168 4896 superior.
1181 4827 1211 4895 43
1230 4847 1279 4881 ora.
1297 4829 1326 4894 53
1345 4831 1372 4882 in
1391 4832 1454 4883 add.
1467 4850 1536 4884 marr.
1550 4834 1595 4885 alt.
1607 4835 1632 4886 5.
1711 4837 1735 4899 a)
1754 4853 1802 4887 om.
1815 4833 1839 4888 3.
1922 4837 1949 4895 b)
1968 4853 2016 4887 ons.
2029 4835 2060 4900 6;

429 4926 455 4970 ot
471 4917 497 4970 3.
584 4917 610 4984 e)
628 4918 738 4971 ecelesia
756 4919 830 4970 offert
847 4916 871 4970 3.
956 4914 983 4981 d)
1001 4933 1128 4982 repertor.
1146 4934 1216 4968 man.
1235 4917 1279 4969 alt.
1298 4915 1322 4968 4.
1409 4920 1434 4985 o)
1453 4921 1514 4985 qnia
1530 4937 1612 4971 unum
1630 4929 1703 4988 putot
1720 4919 1743 4972 2.
1827 4921 1852 4985 t)
1871 4927 2060 4972 sacramentum

429 5005 491 5057 aaa.
504 5003 528 5057 2.
611 5002 640 5070 g)
659 5005 799 5056 Dominum
816 5003 892 5056 3-5.
970 5002 998 5066 h)
1017 5003 1119 5067 quando
1136 5002 1159 5053 3.
1242 5001 1262 5066 i)
1280 5005 1349 5070 quod
1367 5003 1391 5056 5.
1475 5003 1754 5072 k)X1.praeniu.7.
1836 5007 1855 5071 Ι)
1874 5007 2016 5058 incitantur
2035 5004 2060 5058 7.

530 5141 574 5206 45)
594 5140 725 5210 Episcopi
749 5140 896 5208 Urqelitaai
915 5145 1028 5210 propter
1050 5139 1242 5209 adoptiaamni
1264 5139 1372 5194 bassim
1394 5140 1425 5193 ia
1445 5139 1547 5210 synodo
1565 5141 1779 5208 Blammsosrat.
1796 5160 1823 5197 a.
1842 5143 1900 5196 794.
1920 5141 2062 5208 manati,
2087 5167 2115 5206 45

426 5244 475 5310 cfr.
494 5241 608 5312 Simeon,
628 5243 703 5298 Karl
719 5243 744 5297 cl.
763 5243 810 5298 Gr.
824 5244 866 5312 ΙΙ,
880 5261 909 5312 p.
923 5245 1030 5312 67oqq.,·
1048 5243 1150 5312 Hescle,
1173 5243 1392 5314 &adlenqescla
1412 5243 1487 5311 111¹,
1501 5260 1532 5311 p.
1545 5244 1655 5313 tiraq.
1743 5247 1789 5313 46)
1809 5243 1889 5300 coac.
1905 5243 1982 5298 Τοῖά.
2002 5244 2060 5314 ΙΙΙ,

426 5346 485 5414 at,
510 5346 606 5399 Manet
624 5345 680 5413 IX,
701 5347 818 5401 coleos.
918 5347 964 5416 47)
984 5345 1062 5402 Oeae.
1086 5347 1164 5402 Τοῖα.
1182 5347 1235 5416 IV,
1257 5364 1277 5401 c.
1291 5349 1332 5415 14,
1356 5347 1450 5402 blansi
1469 5347 1506 5415 X,
1530 5349 1653 5403 eol.623:
1681 5350 1719 5403 Ut
1742 5366 1792 5419 per
1815 5365 1909 5404 omnes
1929 5349 2061 5404 ecclesias

426 5449 580 5520 Hispaniae
607 5451 650 5505 rel
686 5450 794 5505 Galliae
829 5450 859 5504 in
893 5450 1017 5506 omnium
1049 5451 1195 5506 missarum
1227 5451 1405 5506 solemnitate
1431 5451 1505 5505 idem
1532 5451 1652 5518 hymnus
1683 5451 1713 5504 in
1743 5451 1855 5522 pulpito
1886 5452 2058 5507 decantetur.

425 5554 471 5623 48)
491 5553 543 5620 tlt.
562 5555 637 5609 Dan.
656 5555 681 5621 3,
692 5556 805 5624 52⁸4&
823 5553 962 5623 Kndpllcr
979 5555 995 5610 l.
1008 5570 1030 5609 c.
1046 5572 1075 5622 p.
1087 5557 1130 5623 62,
1147 5561 1203 5610 aot.
1216 5556 1240 5610 5.
1332 5556 1377 5624 49)
1397 5555 1493 5624 Supra
1506 5571 1537 5624 p.
1548 5556 1608 5623 477,
1626 5572 1647 5610 c.
1660 5555 1685 5610 3.
1773 5558 1818 5624 50)
1837 5557 1875 5610 Ia
1893 5557 1960 5611 libro
1977 5557 2060 5612 Anti·

421 5657 559 5726 phoaarie
581 5657 708 5728 Gregorii
730 5657 763 5712 cle
784 5657 836 5712 hac
857 5674 885 5711 ra
908 5657 978 5711 nibil
998 5664 1231 5723 wmmoaoratum
1252 5660 1299 5726 cfr.
1319 5664 1409 5714 autem
1427 5657 1492 5713 Vita
1513 5657 1636 5728 Gregorii
1656 5665 1766 5714 amore
1788 5659 1909 5714 Iollam
1933 5658 2059 5730 Dracone
2087 5686 2115 5726 ω

425 5761 468 5815 lab.
484 5760 525 5826 II,
542 5777 563 5814 c.
577 5760 602 5826 6,
622 5758 710 5828 Opera
731 5759 850 5828 Gregorii
868 5760 922 5828 IV,
942 5761 989 5815 col.
1006 5763 1047 5816 47.
