4568 6420
440 443 682 498 wannrnlnus
702 444 749 497 DE
766 443 938 500 exorturis
958 448 1004 502 nl*
1024 448 1274 504 INCRDMDNTIS
1293 453 1375 508 aaa.
1393 453 1488 508 noch.
1508 472 1529 508 c.
1546 455 1585 509 18.
1606 457 1647 508 19.
1789 461 1849 522 491

227 625 337 684 menta
366 640 386 683 a
414 618 668 684 sanctificatione
692 621 745 685 vel
774 628 903 686 secreta
926 624 1044 687 virtute
1075 624 1240 706 dicuntur,
1271 624 1356 690 unde
1380 627 1476 690 etiam
1501 629 1669 693 eriminum
1692 629 1851 694 foeditate

227 825 471 913 suspenduntur
486 825 611 890 iuditio.
650 825 713 900 Qui
737 827 823 892 enim
841 850 957 915 corpus
982 838 1015 896 et
1032 834 1221 917 sanguinem
1239 833 1371 899 Domini
1396 835 1493 920 digne
1511 837 1686 902 manducat
1710 843 1743 903 et
1759 837 1851 914 bibit,

227 930 378 1015 designat
406 951 441 994 se
471 950 546 993 esse
570 930 602 992 in
626 929 698 994 Dec
722 937 755 994 et
778 931 884 996 Deum
907 935 940 997 in
964 955 1022 1008 e0;
1053 937 1106 1020 qui
1130 957 1206 1001 vero
1231 938 1424 1002 medicinam
1448 941 1499 1002 vel
1523 961 1587 1004 ncn
1613 941 1712 1006 habet
1736 942 1786 1006 vel
1811 963 1852 1006 ea

186 1059 198 1098 e
227 1033 358 1118 indigne
387 1033 501 1112 utitur,
533 1033 628 1116 longe
658 1055 694 1097 se
725 1034 892 1100 amedico
916 1058 988 1102 esee
1018 1039 1202 1122 languendo
1227 1047 1379 1112 testatur:
1409 1045 1585 1107 nonenim
1606 1045 1771 1126 mentitur,
1797 1046 1851 1128 qui

227 1137 317 1202 dicit:
349 1129 468 1201 ‘Nisill
491 1136 764 1201 manducaveritis
794 1160 924 1204 carnem
955 1141 1012 1204 filii
1035 1142 1173 1208 hominis
1209 1151 1241 1209 et
1269 1144 1415 1209 biberitis
1448 1147 1519 1210 eius
1548 1149 1758 1232 sanguinem,
1788 1169 1852 1211 non

226 1242 391 1307 habebitis
414 1241 512 1305 vitam
535 1241 568 1303 in
591 1239 704 1320 vobis’,
729 1243 920 1328 etreliqua.
965 1244 1139 1310 Sciendum
1165 1259 1264 1311 vero²¹
1287 1271 1306 1312 a
1330 1250 1450 1312 sanctis
1479 1250 1625 1335 patribus
1649 1251 1689 1314 ob
1712 1251 1775 1315 hoc
1799 1251 1852 1315 vel

226 1347 369 1411 maxime
394 1337 653 1424 constitutumll,
677 1351 712 1408 ut
734 1347 916 1411 mortaliter
938 1356 1112 1433 peccantes
1136 1373 1155 1414 a
1179 1355 1392 1416 sacramentis
1409 1352 1581 1418 dominicis
1605 1361 1785 1436 arceantur,
1810 1376 1851 1418 ne

226 1449 359 1534 indigne
384 1470 423 1514 ea
445 1449 664 1534 percipientes
681 1450 732 1511 vel
755 1450 869 1513 maiori
895 1458 988 1515 reatu
1013 1453 1216 1518 involvantur
1241 1493 1282 1501 -—
1304 1463 1340 1518 nt
1362 1455 1493 1534 lunser,
1517 1476 1612 1540 quem
1637 1464 1852 1543 postponam

175 1579 200 1617 rc
227 1561 351 1618 temere
375 1576 394 1617 a
417 1554 574 1637 magistro
591 1560 780 1638 susceptum
803 1552 951 1619 diabolus
973 1554 1091 1622 dicitur
1106 1558 1233 1643 plenius
1249 1559 1420 1636 invasisse,
1443 1566 1478 1623 ut
1495 1561 1628 1639 crimen,
1652 1559 1738 1645 quod
1760 1561 1851 1645 prius

226 1657 388 1722 scelerata
409 1656 719 1742 praemeditatione¹
742 1667 948 1742 conceperat,
972 1660 1036 1724 iam
1061 1661 1313 1725 sceleratissimo
1338 1671 1579 1727 consummaret
1603 1663 1722 1728 effectu
1739 1666 1849 1728 -vel

226 1783 281 1840 ne,
322 1760 407 1846 quod
438 1759 607 1846 apostolus
639 1758 680 1824 de
715 1759 893 1825 Corinthiis
927 1755 1050 1842 dicit79,
1084 1764 1324 1829 infirmitatem·
1359 1767 1504 1852 corporis
1536 1773 1569 1830 et
1605 1767 1851 1831 inbecillitatem

225 1866 395 1950 ipsamque
426 1871 561 1927 mortem
590 1870 855 1949 praesumptores
883 1865 1084 1940 incurrantl;
1115 1874 1148 1930 et
1170 1875 1206 1930 ut
1229 1878 1267 1932 a⁰
1290 1869 1516 1932 communione
1546 1870 1696 1954 suspensi
1726 1876 1850 1934 terrore

227 1965 395 2033 eiusdem‘l
419 1967 619 2031 exclusionis
651 1973 684 2029 et
711 1967 850 2051 quodam
878 1967 1159 2034 condemnationis
1189 1972 1397 2036 anathemate
1422 1973 1650 2059 conpellantur
1672 1972 1850 2036 studiosius

174 2105 197 2144 u
226 2072 452 2157 poenitentiae¹
490 2069 763 2134 medicamentum
802 2078 957 2157 appetere
1002 2080 1035 2137 et
1074 2074 1199 2138 avidius
1243 2078 1486 2162 recuperandae
1530 2077 1644 2142 salutis
1683 2076 1852 2141 desideriis

226 2176 362 2244 inhiare.

336 2283 403 2344 190.
439 2279 596 2354 Quamvis
620 2285 730 2344 autem
756 2279 932 2344 eorundem
958 2289 1234 2346 sacramentorum
1266 2302 1345 2346 usus
1376 2281 1416 2345 ab
1448 2283 1518 2367 ipso
1542 2280 1682 2345 Domino
1714 2281 1851 2346 traditus

226 2392 259 2450 et
281 2384 323 2449 ab
345 2384 503 2469 apostolis
527 2382 779 2468 apostolicisque
796 2384 873 2447 viris
897 2384 929 2446 iu
954 2390 1054 2448 totam
1080 2384 1237 2449 ecelesiae
1255 2384 1432 2448 catholicae
1449 2383 1655 2448 latitudinem
1679 2385 1722 2448 sit
1745 2391 1851 2449 trane·

224 2489 358 2566 missus,
389 2494 499 2551 tamen
528 2487 639 2572 primis
670 2486 868 2570 temporibus
897 2487 1055 2572 quosdam
1083 2487 1146 2550 alia
1174 2486 1334 2571 quaedam
1357 2508 1480 2572 genera
1504 2487 1706 2551 oblationum
1730 2487 1848 2551 offerre

172 2619 198 2659 ιο
226 2592 341 2656 solitos
365 2590 585 2672 intellegimus
609 2610 652 2652 ex
676 2588 852 2652 canonibus
876 2597 910 2653 et
932 2591 1074 2654 maxime
1098 2591 1337 2674 apostolorum,
1365 2592 1398 2653 in
1422 2610 1559 2674 quorum
1581 2591 1677 2653 tertio
1709 2590 1850 2676 capitulo

224 2699 269 2762 ita
299 2695 463 2760 scribitur:
494 2684 577 2757 ιΒὶῧο
604 2693 676 2777 quis
705 2695 878 2778 episcopus
909 2699 965 2758 aut
995 2693 1166 2778 presbyter
1199 2702 1330 2778 praeter
1363 2693 1599 2756 ordinationem
1622 2692 1755 2756 Domini
1786 2693 1851 2756 alia

225 2799 385 2886 quaedam
420 2799 452 2861 in
485 2795 643 2860 sacrificio
672 2795 804 2859 offerat‘
832 2817 930 2882 super
959 2796 1075 2874 altare,
1113 2796 1146 2859 id
1178 2803 1229 2861 est
1258 2803 1314 2861 aut
1344 2796 1407 2860 mel
1436 2802 1492 2860 aut
1518 2796 1569 2859 lec
1597 2803 1654 2860 ant
1684 2817 1742 2881 pro
1773 2797 1849 2858 vino

224 2905 362 2967 siceram
387 2907 419 2966 et
443 2899 613 2965 confectas
636 2897 796 2981 quaedam
820 2908 876 2963 aut
900 2900 1045 2963 volatilia
1068 2909 1123 2964 aut
1146 2900 1299 2964 animalia
1322 2901 1431 2984 aliqua
1455 2906 1511 2962 aut
1534 2899 1707 2983 legumina,
1736 2903 1850 2962 contra

225 3004 489 3070 constitutionem
513 3003 646 3066 Domini
669 3002 805 3078 faciens,
830 3023 974 3085 congruo
998 3009 1144 3088 tempore
1169 3001 1378 3086 deponatur';
1404 3009 1436 3066 et
1458 3003 1491 3065 in
1515 3007 1645 3086 quarto:
1680 2993 1852 3066 ‘Oll'erri80

173 3137 198 3177 ιι
226 3131 288 3174 non
318 3110 415 3174 liceat
442 3106 585 3192 aliquid¹¹
608 3105 649 3170 ad
672 3105 774 3168 altare
788 3113 931 3190 ¹praeter
952 3125 1053 3170 novas
1078 3107 1185 3192 spicas
1209 3112 1243 3169 et
1265 3126 1346 3170 uvas
1371 3113 1403 3170 et
1426 3107 1535 3170 oleum
1558 3104 1599 3168 ad
1619 3105 1792 3169 luminaria
1816 3111 1849 3168 et

224 3213 400 3292 thimiama,
424 3211 525 3275 idest
547 3210 728 3288 incensum,
753 3217 910 3295 tempore,
934 3230 997 3294 quo
1019 3219 1132 3274 sancta
1149 3209 1334 3274 celebratur
1350 3207 1495 3274 oblatio'
1534 3209 1620 3273 Dum
1644 3229 1722 3294 ergo
1748 3229 1848 3295 quae·

223 3317 298 3380 dam
320 3315 533 3401 prohibentur
548 3313 667 3393 offerri,
692 3313 874 3382 ostenditur
897 3334 936 3377 ea
959 3314 1199 3399 aquibusdam,
1224 3313 1301 3377 licet
1318 3312 1574 3378 extraordinarie
1584 3311 1602 3392 ¹,
1626 3311 1848 3376 oblationibus

223 3420 381 3494 adhibita;
411 3417 498 3482 unde
533 3416 930 3502 Duticianusyicesimus
966 3409 1135 3481 octavue⁸¹
1172 3416 1258 3481 sedis
1278 3409 1462 3480 'Romanae
1497 3417 1630 3501 praesul
1665 3416 1846 3480 constituit:

225 3512 397 3606 ‘Frugee³²
421 3541 520 3606 super
543 3520 647 3584 altare
671 3525 796 3582 tantum
819 3518 914 3582 fabae
938 3526 972 3583 et
993 3539 1077 3583 uvae
1102 3517 1273 3594 benediei',
1301 3527 1333 3583 et
1356 3520 1438 3584 haec
1463 3518 1581 3583 idcirco
1596 3519 1746 3599 fortasse,
1771 3519 1848 3603 qnia

173 3653 198 3692 so
223 3628 299 3690 vino
335 3626 503 3709 sanguinis
538 3622 691 3686 dominici
720 3622 911 3706 mysterium
941 3622 1139 3702 celebratur,
1175 3620 1251 3686 faba
1281 3644 1357 3687 vero
1387 3623 1622 3687 abstinentium
1657 3623 1749 3686 cibus
1789 3627 1848 3685 est.

223 3731 316 3794 Alias
339 3735 448 3793 autem
472 3729 675 3792 diversarum
699 3729 825 3811 species
848 3747 956 3789 rerum
981 3731 1147 3789 statutum·
1164 3734 1214 3790 est
1236 3726 1373 3791 ubilibet
1397 3726 1547 3790 benedici
1571 3747 1590 3789 a
1611 3724 1847 3804 sacerdotibus,

224 3836 291 3915 vel,
316 3832 407 3898 eiad
431 3834 534 3896 altare
557 3829 783 3894 benedicenda
806 3829 974 3912 quaelibet
999 3829 1196 3910 deferantur,
1221 3831 1357 3915 speciali
1380 3829 1607 3894 benedictione
1631 3849 1650 3891 a
1673 3849 1847 3893 consecra-

224 3939 311 4003 tione
340 3936 577 4002 dominicorum
605 3941 881 3998 sacramentorum
906 3934 1100 3998 omnimodis
1124 3933 1354 4012 discernenda,
1386 3940 1437 4015 ut,
1469 3935 1553 3996 sicut
1583 3953 1640 4018 pro
1671 3932 1850 3996 innumeris

225 4043 307 4127 legis
335 4041 496 4105 mandatis
520 4027 750 4103 ‘breviatum83
781 4037 943 4122 evangelii
974 4037 1110 4102 verbum
1139 4037 1297 4102 Dominus
1327 4038 1405 4101 lecit
1426 4057 1527 4122 super
1548 4033 1694 4114 terram’,
1723 4035 1768 4099 ita
1791 4055 1850 4119 pro

172 4179 197 4218 a
225 4146 361 4212 diversis
386 4145 615 4210 sacrificiorum
644 4141 759 4205 ritibus
784 4142 924 4226 simplex
948 4142 1068 4206 oblatio
1092 4141 1185 4227 panis
1209 4141 1330 4206 etvini
1353 4139 1507 4205 fidelibus
1532 4139 1681 4219 sufficiat,
1705 4139 1760 4222 qui
1784 4158 1849 4201 non

224 4252 258 4314 in
281 4247 487 4314 multitudine
511 4247 698 4311 umbrarum
723 4246 942 4330 apparituram
964 4228 1127 4329 quaerunt
1150 4245 1329 4322 veritatem,
1354 4244 1411 4308 sed
1435 4263 1506 4306 earn
1531 4243 1564 4306 in
1587 4240 1850 4305 manifestatione

182 4430 186 4437 Ι
224 4354 385 4418 factorum
409 4358 523 4417 tenent
536 4350 754 4435 perspicuam.
793 4347 888 4410 Unde
905 4347 1105 4433 quorundam
1122 4343 1317 4432 simplicium
1342 4367 1431 4410 error
1454 4346 1495 4410 de
1510 4345 1718 4409 Iudaicarum
1735 4363 1848 4427 super-

217 4458 393 4526 stitionum
422 4454 596 4519 seminario
626 4459 722 4517 natus
751 4458 784 4514 et
806 4450 847 4514 ad
870 4457 981 4514 nostra
1002 4470 1106 4535 usque
1130 4457 1281 4536 tempora
1304 4448 1464 4535 quaedam
1487 4447 1660 4512 vetustatis
1684 4445 1851 4530 vestigia¹¹

226 4558 408 4626 extendens
431 4559 494 4622 iam
520 4578 563 4621 ex
586 4575 705 4639 magna
728 4559 820 4639 parte
844 4554 1038 4639 sapientium
1063 4552 1170 4617 studio
1194 4573 1388 4637 conpressus
1413 4550 1505 4630 esth,
1535 4557 1584 4630 et,
1614 4548 1718 4614 sicubi
1742 4549 1849 4613 adhue

171 4691 205 4736 ιι
225 4664 437 4750 pernitiosum
465 4661 562 4724 huius
590 4660 692 4744 pestis
725 4677 859 4742 germen
882 4655 1095 4721 revirescere¹
1119 4656 1218 4720 luerit
1241 4654 1503 4742 comprobatum,
1534 4673 1689 4717 mucrone
1714 4653 1851 4737 spiritali

225 4765 378 4831 radicitus
403 4772 454 4829 est
477 4761 729 4849 amputandum,
754 4760 844 4823 illum
867 4759 940 4824 dico
966 4780 1118 4839 errorem,
1143 4781 1206 4845 quo
1230 4757 1389 4843 quidamm
1412 4759 1487 4841 agni
1512 4765 1648 4822 earnes¹¹
1672 4758 1705 4818 in
1728 4756 1850 4841 paseha

327 4965 355 5030 v)
374 4965 494 5017 membris
511 4963 570 5014 Chr.
590 4963 723 5013 deviantes
741 4959 765 5012 3.
858 4958 892 5023 w)
912 4961 1034 5012 societate
1053 4978 1065 5011 e
1084 4977 1150 5010 corr.
1170 4977 1240 5011 man.
1259 4961 1303 5010 cll.
1322 4957 1346 5010 5.
1434 4957 1464 5021 ιι)
1482 4957 1549 5009 eninr
1569 4954 1644 5007 3-5.
1733 4954 1761 5021 y)
1781 4972 1850 5007 corr.

223 5072 293 5104 mars.
306 5055 350 5103 alt.
368 5053 458 5103 Iudam
471 5051 495 5116 5,
514 5067 561 5101 cra.
574 5066 659 5114 quem.
733 5048 757 5110 a)
776 5047 965 5112 pmcditatione
986 5046 1008 5097 l.
1083 5047 1108 5109 ιι)
1128 5047 1301 5097 infirmitatem
1315 5039 1596 5110 ...praesumptioprel
1616 5041 1654 5106 (p.
1667 5039 1727 5102 495,
1746 5041 1791 5091 lin.
1806 5039 1850 5104 18)

223 5141 274 5192 dea.
293 5139 321 5190 irs
338 5136 362 5202 2,
374 5139 452 5206 soliis
469 5137 566 5190 ercinia.
657 5133 686 5200 b)
704 5152 770 5184 corr.
790 5151 860 5183 nrcrr.
880 5133 925 5182 alt.
945 5134 1081 5184 incurrunt
1104 5132 1128 5183 b.
1226 5133 1250 5197 c)
1268 5133 1300 5181 ad
1319 5131 1522 5181 communionem
1541 5129 1565 5180 5.
1653 5128 1678 5188 d)
1700 5127 1756 5178 eius
1774 5124 1850 5177 3-o.

171 5246 197 5283 rs
223 5224 247 5291 e)
264 5226 359 5276 XVlll.
378 5223 403 5276 3.
500 5224 524 5286 f)
543 5238 670 5287 saper-scr.
688 5237 757 5271 raca.
776 5220 822 5270 alt.
840 5219 866 5272 4.
964 5221 993 5286 g)
1011 5222 1177 5286 confectaque
1202 5216 1227 5270 3.
1324 5217 1351 5282 Ιι)
1370 5235 1419 5268 om.
1437 5215 1462 5268 5.
1557 5213 1577 5282 i)
1601 5223 1673 5266 extre
1690 5214 1806 5266 ordinem
1825 5211 1848 5263 4.

223 5310 252 5376 ln)
271 5311 411 5362 extendens
429 5310 539 5376 vestigia
557 5306 581 5360 3.
669 5305 689 5371 l)
708 5323 721 5356 e
738 5307 892 5358 reviviscere
909 5323 975 5356 corr.
995 5304 1020 5357 4.
1109 5304 1145 5368 ιιι)
1163 5305 1266 5371 quidem
1285 5301 1309 5353 3.
1397 5302 1425 5365 ιι)
1444 5319 1545 5354 carnem
1564 5299 1589 5352 5.

327 5488 371 5558 ιι)
389 5488 446 5543 roa.
465 5489 494 5554 a·
508 5487 550 5544 er.
604 5489 609 5498 ·
642 5485 686 5551 rs)
706 5483 759 5549 cfr.
777 5498 816 5538 a.
832 5498 872 5550 ιι.
893 5481 974 5538 cone.
993 5482 1137 5551 nvem,
1158 5479 1485 5547 Maae11,col.5sqq.,·
1511 5477 1609 5545 nesse,
1632 5475 1850 5546 caeremon.

132 5581 134 5586 ¹
223 5592 264 5660 1²,
280 5608 310 5660 p.
325 5593 383 5647 155.
465 5592 509 5656 79)
529 5586 850 5655 tomolatense.
932 5588 977 5652 80)
998 5586 1064 5640 Coa.
1083 5591 1166 5653 apost.
1179 5601 1200 5639 c.
1213 5587 1237 5639 3.
1250 5584 1275 5650 4,
1295 5581 1591 5650 MonsiLcolblleq.
1674 5582 1719 5646 81)
1740 5579 1851 5634 Raetias

222 5697 358 5752 υἰαιιὶιιιιιι
369 5697 510 5765 septimam,-
526 5697 571 5762 qb.
585 5693 723 5759 Karbrslcr
740 5693 756 5745 l.
768 5707 789 5744 c.
804 5709 833 5759 p.
845 5692 888 5757 43,
906 5696 960 5745 aot.
974 5693 995 5744 l.
1070 5691 1114 5756 82)
1129 5691 1189 5744 Irilr.
1205 5687 1304 5758 pontis.
1318 5688 1343 5754 I,
1362 5702 1387 5754 p.
1401 5685 1462 5752 159,
1481 5685 1552 5753 528.
1627 5686 1672 5750 83)
1686 5685 1763 5740 Rom.
1777 5685 1850 5751 9,‘28.
