4568 6420
420 442 665 498 ueneramus
685 443 731 497 DE
750 444 919 500 EXORDIIS
938 445 983 500 ΕΤ
1003 447 1251 502 INGREMEN'I'IS
1269 447 1354 504 BER.
1372 448 1470 505 ECOL.
1489 466 1511 504 c.
1525 449 1635 504 14-16.
1779 455 1841 517 489

215 616 348 682 Domini
381 618 559 683 incurrisse
587 618 764 698 offensam,
794 619 880 685 unde
910 626 943 686 et
972 623 1065 706 regni
1100 629 1236 688 eatenus
1263 624 1345 688 uniti
1371 625 1519 710 potentia
1548 635 1586 688 a¹
1615 625 1738 689 semine
1771 622 1842 689 aius

217 721 352 787 discissa
374 722 407 785 in
431 722 529 786 aliam
552 722 671 787 tribum
694 723 873 808 pernitiosa
895 724 1053 790 divisione
1076 729 1193 811 partim
1225 729 1400 808 concessit,
1435 728 1656 814 intellegimus
1691 735 1724 793 et
1756 727 1842 793 omni

216 825 400 912 postposita
424 825 591 890 dubietate
615 824 755 890 fatemur
783 827 828 892 ita
851 829 1126 893 constructionem
1150 850 1314 894 sacrarum
1338 830 1468 896 aedium
1501 851 1542 895 ex
1566 832 1720 917 religiosa
1742 830 1841 894 devo-

216 931 304 994 tione
327 929 538 1008 laudandam,
561 937 597 993 ut
619 935 728 996 tamen
752 931 903 1010 virtutes,
927 951 1011 1016 quae
1035 939 1110 996 sunt
1133 913 1296 1018 spiritales
1319 941 1503 1000 structurae
1527 941 1560 998 et
1582 935 1772 1010 animamm,
1807 933 1840 997 in

177 1051 188 1090 ι
217 1033 334 1117 quibus
349 1033 442 1098 Deus
465 1033 622 1114 habitat⁸,
646 1035 857 1100 omamentab
880 1037 1046 1120 perennia,
1070 1037 1121 1102 his
1143 1038 1280 1102 multum
1296 1037 1468 1123 praelatas,
1492 1038 1567 1122 quia
1589 1040 1726 1102 terrena'
1744 1056 1842 1100 orna-

217 1142 337 1218 menta,
360 1135 561 1222 quantalibet
584 1137 787 1203 formositate
810 1138 982 1223 fingantur,
1007 1140 1077 1204 sine
1098 1140 1271 1205 virtutibus
1286 1140 1360 1205 Deo
1378 1141 1547 1206 vilescunt.
1585 1140 1734 1216 Virtutes
1751 1160 1842 1219 vero,

217 1260 298 1325 quas
322 1247 355 1305 et
377 1241 408 1303 in
425 1241 554 1325 angelis
570 1241 659 1304 suis⁰
681 1240 799 1326 diligit,
823 1241 921 1306 ctiam
938 1242 1008 1305 sine
1030 1242 1193 1306 materiali
1210 1244 1444 1329 compositione
1461 1263 1589 1329 semper
1604 1243 1686 1310 sibil
1711 1245 1842 1331 placere

217 1344 427 1424 demonstrat,
443 1343 555 1408 dicens
571 1365 631 1430 per
646 1342 831 1408 Michaeam
848 1345 1054 1430 prophetam:
1081 1339 1284 1411 ‘Indicabat
1301 1347 1371 1426 tibi,
1389 1369 1408 1412 o
1424 1348 1532 1427 homo,
1555 1348 1632 1434 quid
1649 1349 1692 1412 sit
1707 1347 1840 1428 bonum,

217 1453 250 1512 et
272 1448 351 1534 quid
373 1447 533 1512 Dominus
564 1453 720 1533 quaerat⁰
745 1447 780 1512 a‘
801 1455 848 1513 te:
881 1450 1014 1534 utiquess
1036 1449 1145 1514 facere
1175 1450 1322 1514 iuditium
1355 1458 1388 1516 et
1420 1450 1556 1534 diligere
1586 1450 1842 1515 misericordiam

163 1568 188 1607 ¹⁰
217 1557 250 1616 et
274 1551 448 1617 sollicitum
471 1552 639 1616 ambulare
663 1573 734 1616 cum
759 1552 832 1616 Deo
857 1551 935 1616 tuo.’
979 1552 1075 1618 Unde
1100 1553 1243 1618 mult0s¹¹
1267 1563 1451 1619 sanctorum
1480 1562 1513 1619 et
1540 1561 1616 1620 ants
1639 1576 1735 1619 usum
1758 1561 1841 1619 tem-

216 1657 344 1742 plorum
367 1675 531 1720 sacrorum
546 1654 633 1720 Deo¹
655 1655 827 1742 placuisse,
851 1656 933 1720 alios
950 1675 1037 1736 vero,
1060 1664 1233 1742 postquam
1252 1657 1324 1724 Deo
1348 1679 1407 1744 per
1422 1658 1494 1722 loca
1509 1657 1639 1723 diversa
1654 1657 1843 1723 sanctuaria

216 1766 292 1824 sunt
320 1759 510 1839 constituta,
545 1759 578 1823 in
602 1758 741 1823 desertis
772 1766 807 1826 et
834 1760 1061 1844 squalentibus
1096 1760 1175 1825 locis
1208 1767 1448 1825 commorantes
1479 1762 1599 1825 scimus
1628 1760 1841 1847 omnipotenti

215 1862 357 1927 Domino
380 1862 456 1925 solis
479 1861 652 1926 virtutibus
676 1862 846 1926 militasse.

326 1964 395 2032 15¹.
430 1964 523 2030 Haec
546 1964 587 2030 de
610 1986 773 2030 sacrorum
798 1964 930 2030 fabricis
955 1972 987 2029 et
1009 1965 1124 2030 usibus
1148 1966 1293 2031 locorum
1316 1987 1375 2030 nos
1399 1987 1457 2053 pro
1475 1965 1604 2031 modulo
1621 1966 1785 2032 tarditatis
1809 1972 1842 2030 et

164 2089 188 2128 1⁵
214 2072 363 2157 ignaviae
391 2077 820 2136 nostrae.commemorasse
844 2069 997 2144 sufficiat;
1022 2090 1106 2133 nunc
1131 2068 1171 2134 de
1197 2069 1364 2134 sacrificiis
1388 2077 1421 2134 et
1444 2069 1676 2146 oblationibus,
1701 2090 1784 2155 quae
1808 2071 1841 2133 in

215 2175 263 2240 eis
285 2173 359 2239 Deo
383 2172 595 2252 exhibentur,
628 2172 713 2257 quod
746 2173 816 2257 ipse
843 2171 989 2248 dederit,
1021 2173 1247 2258 adiungamus.
1292 2173 1377 2239 Abel
1406 2180 1440 2238 et
1463 2173 1545 2238 Cain
1576 2175 1672 2260 primi
1701 2173 1840 2239 Domino

214 2299 350 2343 munera
366 2276 522 2341 obtulisse
547 2267 756 2361 legunturssss:
780 2276 835 2339 ille
858 2274 990 2362 quidem
1013 2275 1053 2342 ds
1077 2278 1278 2342 naturalibus
1302 2279 1422 2357 ovium,
1446 2297 1526 2362 quas
1550 2277 1719 2362 pascebat,
1743 2277 1839 2344 faeti-

215 2383 287 2461 bus,
309 2379 384 2445 iste¹
408 2378 448 2444 de
471 2380 625 2460 terrenis,
650 2400 732 2465 quas
755 2387 826 2443 arte
850 2381 880 2444 ei
903 2379 1014 2446 labore
1037 2380 1226 2466 adquisivit,
1258 2381 1415 2466 frugibus.
1461 2381 1527 2446 Sed
1560 2381 1645 2446 dona
1672 2380 1839 2447 amborum

215 2506 279 2550 non
310 2505 376 2549 una
406 2483 593 2567 dignatione
618 2488 789 2568 suscepta,
819 2484 896 2568 quia
926 2482 1048 2570 dispari
1079 2484 1208 2548 fuerant
1231 2484 1357 2550 ratione
1380 2484 1508 2566 oblata,
1540 2487 1634 2550 testis
1666 2491 1716 2550 est
1738 2485 1840 2549 divini

161 2611 187 2652 ιι
214 2609 353 2656 censura
374 2593 542 2673 respectus
573 2591 606 2649 et
628 2585 801 2650 invidentis
824 2587 988 2652 fraternae
1021 2588 1170 2654 felicitati
1195 2587 1276 2652 Oain
1304 2607 1410 2672 usque
1442 2586 1483 2651 ad
1515 2588 1679 2652 homicidii
1710 2596 1839 2656 reatum

213 2694 368 2779 prolapsa
403 2690 576 2755 dementia.
628 2681 736 2753 Νοιιδῖ
771 2711 901 2775 quoque
937 2698 1010 2777 post
1043 2690 1200 2756 diluvium
1233 2691 1274 2756 de
1308 2690 1438 2755 mundis
1472 2691 1691 2756 animantibus
1721 2693 1841 2778 optulit

212 2795 352 2860 Domino
385 2795 418 2859 in
454 2793 585 2858 odorem
621 2793 802 2858 suavitatis.
853 2785 1058 2858 Abraham⁶⁸
1089 2794 1188 2858 etiam
1222 2799 1256 2858 ct
1293 2784 1429 2857 Iacob69
1464 2799 1498 2858 et
1531 2795 1711 2879 patientiae
1739 2785 1841 2859 Ιοὶι70

214 2899 384 2986 exemplar
413 2897 574 2962 sacrificia
606 2903 639 2961 et
667 2897 861 2961 holocausta
888 2897 1029 2963 Domino
1063 2899 1249 2962 immolasse
1282 2897 1444 2981 leguntur.
1496 2895 1568 2961 Iam
1598 2918 1676 2962 vero
1705 2899 1738 2961 in
1766 2898 1839 2982 lege

213 3026 310 3090 quam
343 3001 535 3088 multiplicia
566 3001 657 3065 sint¹¹¹
686 3000 886 3066 oblationum
918 3009 1110 3088 praecepta,
1147 3022 1189 3066 ex
1223 3001 1303 3088 ipsis
1337 3001 1428 3065 libris
1461 2999 1652 3066 discendum
1679 3009 1746 3082 est,
1783 3002 1840 3067 ubi

161 3125 186 3163 ιι
213 3105 458 3192 quadrupedum
482 3111 515 3169 et
535 3105 704 3168 volucrum
728 3124 844 3168 carnes
868 3112 902 3169 et
914 3106 1058 3189 sanguis,
1081 3111 1187 3169 terrae
1203 3105 1314 3189 fruges
1338 3110 1372 3169 et
1388 3106 1513 3168 fructus
1530 3105 1682 3170 arborum
1699 3104 1837 3171 diversis

212 3209 315 3276 modis
347 3209 456 3274 otlerri
486 3206 648 3272 iubentur.
705 3206 797 3280 Quae
816 3199 939 3272 'omnia
969 3229 1042 3272 cum
1075 3209 1231 3292 legalium
1261 3208 1550 3273 observationumln
1581 3209 1723 3290 umbris,
1761 3211 1840 3276 licet

213 3313 375 3398 evangelii
397 3313 570 3377 veritatem
593 3332 654 3376 sua
675 3311 968 3397 praefiguraverint
991 3312 1213 3393 exhibitione,
1242 3317 1352 3376 tamen
1375 3311 1502 3375 infirmo
1531 3317 1564 3375 et
1592 3314 1684 3397 quasi
1707 3334 1837 3378 carnem

213 3424 246 3482 et
266 3417 458 3502 sanguinem
475 3416 615 3502 sapienti
631 3415 751 3502 populo
766 3416 919 3500 imposita
941 3421 1017 3479 sunt
1033 3422 1170 3480 eatenus
1188 3413 1405 3494 observanda,
1428 3414 1532 3479 donec
1548 3416 1674 3480 veniret
1689 3414 1839 3481 dominus

212 3521 295 3605 legis
318 3527 351 3584 et
372 3519 606 3607 prophetarum
630 3524 663 3584 st
686 3519 804 3596 omnia,
828 3539 912 3604 quae
936 3518 978 3582 de
1002 3539 1038 3584 se
1061 3518 1190 3583 fuerant
1220 3519 1343 3604 apertis
1365 3519 1420 3582 vel
1442 3517 1588 3603 mysticis
1618 3518 1713 3584 dictis
1741 3540 1836 3604 prae-

159 3647 186 3687 ιο
212 3625 365 3689 nunciata
381 3623 433 3688 vel
453 3623 654 3707 imaginariis
669 3622 886 3698 victimarum,
910 3622 1142 3687 sacrificiorum
1166 3629 1199 3686 st
1214 3623 1468 3688 sollemnitatum
1484 3622 1600 3686 ritibus
1615 3624 1839 3709 praesignata,

212 3727 407 3814 compleret;
432 3727 478 3790 ita
502 3747 596 3804 sane,
620 3731 656 3788 ut
679 3725 900 3790 inlucescente
930 3726 1093 3810 evangelii
1116 3727 1255 3790 veritate
1285 3745 1346 3788 nec
1374 3725 1546 3790 credentes
1582 3746 1624 3789 ex
1655 3725 1766 3792 Iudeis
1797 3727 1838 3792 ab

211 3830 274 3893 illis
297 3828 507 3894 observandis
531 3829 625 3915 quasi
647 3827 746 3892 rebus
771 3828 940 3912 sacrilegis
964 3832 997 3892 et
1019 3828 1165 3913 profanis
1188 3827 1436 3913 prohiberentur
1464 3849 1524 3892 nec
1554 3828 1594 3892 de
1618 3831 1771 3913 gentibus
1796 3830 1837 3893 ad

211 3931 309 3997 tidem
331 3933 502 3998 venientes
526 3933 567 3998 sd
596 3953 636 3996 ea
667 3925 872 4017 suscipienda
899 3933 989 4016 quasi
1021 3933 1120 3996 saluti
1143 3932 1392 3996 christianorum
1421 3932 1609 3997 neccssaria
1631 3940 1837 4017 cogerentur.

324 4040 393 4102 16⁰.
427 4036 543 4122 Itaque
567 4036 733 4115 Christus,
764 4029 1398 4121 quicredentibus‘finis71estlegis’,
1431 4036 1536 4100 carnis
1558 4033 1837 4122 dispensationem

158 4163 183 4203 ιι
211 4141 344 4207 subiens
372 4142 454 4226 legis
487 4145 611 4204 statuta
639 4146 754 4224 utpote
783 4151 822 4202 ap
851 4139 923 4204 Deo
951 4141 1207 4205 institutarum
1238 4141 1377 4225 respuit,
1412 4141 1489 4225 quin
1519 4140 1626 4224 potius
1657 4142 1690 4204 in
1720 4162 1770 4222 se,
1802 4148 1838 4206 ut

211 4245 413 4325 terminaret,
448 4245 609 4330 explevit;
643 4243 718 4307 novi
750 4264 826 4307 vero
862 4246 1051 4309 testamenti
1079 4265 1165 4309 nova
1198 4245 1355 4328 mysteria
1388 4243 1428 4308 ad
1461 4243 1685 4308 instruendum
1719 4265 1835 4308 novum

211 4349 372 4414 hominem
397 4348 542 4428 tradidit,
578 4353 611 4412 et
639 4353 743 4411 morte
775 4368 834 4411 sua
866 4353 979 4412 vetera
1009 4347 1183 4434 perficiens
1212 4347 1449 4411 resurrectione
1480 4368 1539 4411 sua
1570 4367 1655 4412 nova
1684 4346 1836 4413 firmavit.

210 4452 250 4517 In
274 4474 378 4519 caena
400 4451 569 4538 siquidem,
596 4472 692 4536 quam
717 4457 793 4516 ante
816 4451 1026 4516 traditionem
1049 4472 1141 4516 suam
1166 4452 1314 4515 ultimam
1338 4471 1412 4514 cunr
1427 4449 1596 4537 discipulis
1613 4449 1737 4530 habuit,
1761 4457 1838 4536 post

211 4558 359 4642 paschae
377 4557 497 4622 veteris
520 4555 693 4621 sollemnia
715 4555 857 4641 corporis
886 4561 919 4618 et
942 4555 1109 4640 sanguinis
1137 4556 1187 4618 sui
1212 4560 1414 4619 sacramenta
1436 4555 1468 4618 in
1493 4555 1587 4640 panis
1612 4561 1646 4619 et
1668 4553 1736 4618 vini
1759 4553 1835 4619 sub-

158 4688 184 4728 ro
211 4660 332 4724 stantia
355 4659 480 4725 eisdem
503 4658 671 4745 discipulis
693 4656 837 4734 tradidit,
863 4665 896 4723 et
918 4679 959 4722 ea
982 4659 1015 4721 in
1039 4659 1381 4722 commemorationem
1404 4658 1632 4723 sanctissimae
1657 4679 1736 4722 suae
1760 4677 1834 4742 pas-

211 4763 311 4827 sionis
336 4763 506 4827 celebrare
530 4762 709 4847 perdocuit.
753 4760 842 4825 Nihil
874 4783 952 4846 ergo
976 4763 1208 4846 congruentius
1236 4761 1287 4825 his
1311 4760 1486 4848 speciebus
1517 4761 1558 4826 sd
1588 4759 1837 4846 significandam

211 4867 326 4951 capitis
355 4872 453 4950 atque
484 4864 703 4930 membrorum
731 4856 893 4929 unitatem
923 4865 1027 4952 potuit
1055 4865 1207 4946 inveniri,
1239 4866 1316 4951 quia
1345 4864 1514 4929 videlicetr
1537 4864 1631 4950 panis
1661 4863 1702 4929 de
1725 4865 1836 4929 multis

210 4970 320 5052 granis
344 4989 448 5052 aquae
472 4969 610 5052 coagulo
635 4969 667 5032 in
691 4989 790 5031 unum
808 4989 923 5052 corpus
940 4970 1096 5052 redigitur
1119 4976 1152 5030 et
1168 4969 1278 5032 vinum
1303 4989 1345 5031 cx
1369 4968 1477 5031 multis
1501 4968 1604 5031 acinis
1629 4969 1833 5052 exprimitur,

311 5178 335 5241 ι)
353 5185 379 5227 et
395 5174 421 5227 2.
491 5175 518 5240 a)
536 5177 660 5238 habitant,
679 5194 728 5227 orn.
746 5178 825 5242 Deus,
843 5175 867 5228 2.
939 5177 965 5242 b)
984 5194 1051 5228 corr.
1069 5195 1138 5228 man.
1157 5177 1202 5228 alt.
1221 5177 1380 5228 omamsntis
1399 5176 1423 5227 5.
1494 5175 1519 5240 c)
1538 5191 1586 5226 om.
1600 5175 1624 5227 b.
1694 5173 1721 5232 d)
1735 5173 1836 5240 placere

157 5281 182 5319 ιι
210 5263 259 5314 sibi
276 5261 300 5314 4.
400 5260 425 5328 e)
445 5263 556 5330 requirat
573 5260 598 5328 2,
618 5262 684 5314 Bibl.
785 5265 808 5327 f)
826 5263 859 5314 ad
877 5280 944 5313 corr.
963 5279 980 5314 a
997 5261 1022 5313 4.
1042 5262 1066 5313 5.
1165 5263 1193 5328 g)
1213 5263 1300 5326 itaque
1319 5260 1349 5324 43
1373 5263 1500 5326 itaqucrst
1517 5259 1541 5312 b.
1642 5259 1670 5324 h)
1689 5260 1835 5311 invenimus

210 5366 335 5416 nopsrcca
353 5366 423 5402 man.
441 5349 484 5400 att.
504 5346 527 5400 4.
626 5351 645 5414 i)
663 5350 728 5417 plac.
748 5351 804 5400 Deo
821 5345 846 5400 3.
944 5347 972 5410 k)
991 5349 1075 5398 XIIII.
1093 5346 1117 5398 2.
1212 5347 1233 5406 1)
1252 5362 1300 5398 mn.
1319 5349 1351 5406 5;
1370 5347 1401 5397 de
1419 5355 1478 5400 terr.
1498 5345 1545 5396 ists
1563 5341 1588 5396 3,
1690 5341 1726 5410 m)
1743 5362 1757 5395 c
1774 5354 1837 5396 sunt

210 5453 277 5487 corr.
297 5435 320 5487 l.
407 5434 436 5502 n)
454 5437 646 5488 observantium
664 5436 688 5488 5.
776 5435 801 5500 ο)
820 5436 875 5485 XV.
893 5432 919 5486 2.
1007 5435 1034 5500 p)
1054 5436 1080 5484 in
1098 5431 1123 5485 2.
1211 5431 1238 5500 q)
1257 5451 1306 5484 om.
1324 5431 1401 5484 3-5.
1476 5431 1519 5494 ¹r)
1537 5431 1605 5482 sicut
1623 5431 1686 5482 add.
1706 5429 1731 5482 3.

310 5590 566 5659 seimonaus.
670 5590 716 5655 aa)
740 5587 832 5643 aaa.
858 5589 885 5656 ι,
911 5589 989 5656 seqq.
1099 5587 1143 5652 cr)
1171 5583 1244 5640 rus.
1274 5587 1300 5650 s,
1321 5585 1359 5639 ιο
1370 5601 1406 5653 sq.
1512 5584 1556 5649 cs)
1586 5583 1658 5638 rosa.
1685 5583 1728 5648 es,
1756 5583 1835 5652 aas.

208 5693 252 5762 ec)
272 5690 342 5745 ιιιι.
359 5692 401 5758 ss,
422 5695 462 5747 ιι.
550 5693 595 5761 ιο)
615 5692 661 5745 no
680 5693 702 5756 1,
720 5695 745 5747 a.
834 5692 877 5757 ιι)
899 5691 975 5746 mm.
996 5691 1037 5755 10,
1057 5691 1081 5744 ι.

1576 5782 1630 5836 m·
