4568 6420
460 439 702 496 WALAFRIDUS
722 441 768 494 DE
786 440 959 499 EXORDIIS
978 444 1024 498 ΕΤ
1043 443 1295 500 transmutaris
1313 445 1395 500 RER.
1414 443 1512 501 ECCL.
1532 446 1604 500 cdl.
1785 451 1842 510 511

225 618 300 675 sunt
323 611 558 698 baptismatisq,
589 614 621 677 id
646 625 696 680 est
720 617 843 702 paseha
866 625 899 681 et
928 625 1152 703 pentecostes,
1181 640 1317 703 quorum
1347 640 1411 682 uno
1431 603 1546 705 ¹passio
1571 625 1623 684 etr
1653 621 1846 684 resurrectio

223 713 368 794 Domini,
396 716 499 780 altero
523 716 680 782 adventus
711 721 897 786 celebratur
920 721 1062 808 Spiritus
1091 723 1205 787 sancti.
1249 722 1317 786 Alii
1347 725 1464 788 trinam
1494 726 1703 788 mersionem⁸
1735 726 1848 789 velunt

225 818 258 882 in
283 818 543 897 similitudinem
565 822 734 886 triduanae
751 825 950 909 sepulturae,
975 831 1034 888 ut¹¹
1056 825 1284 908 incanonibus
1308 828 1528 912 apostolerum
1545 833 1722 892 statutum*
1745 828 1846 892 habe·

225 912 311 986 ιιιι·54
329 928 362 986 et
379 922 601 989 Romanorum
618 926 819 990 consuetudo
844 928 1013 1002 observat;
1037 929 1091 992 alii
1114 949 1211 992 uuam
1236 937 1369 1015 propter
1385 929 1563 994 divinitatis
1587 930 1747 994 unitatem
1771 950 1847 993 eon·

185 1045 197 1084 ι
225 1024 372 1104 tendunt,
396 1027 487 1089 utin
510 1029 646 1092 coneilio
662 1029 822 1094 Toletano
846 1031 1036 1116 plenissime
1060 1023 1245 1112 babetur⁵⁵‚
1268 1033 1323 1097 ubi
1341 1034 1438 1098 etiarn
1457 1039 1737 1106 commemoratur,
1761 1032 1846 1118 quod

224 1129 342 1193 beatus
364 1128 542 1214 Gregorius
565 1133 781 1216 interroganti
805 1156 904 1220 super
928 1136 988 1200 hoc
1010 1135 1188 1200 Leandrow
1210 1137 1295 1200 inter
1318 1144 1428 1202 cetera
1453 1138 1498 1202 ita
1521 1137 1737 1223 responderit,
1762 1139 1848 1222 ‘quia

225 1233 257 1296 iu
274 1254 339 1296 una
354 1232 419 1298 fide
436 1234 516 1299 nihil
533 1236 633 1299 officit
648 1237 807 1302 ecclesiae
826 1240 1027 1304 consuetudo
1045 1240 1184 1304 diverse.
1217 1240 1285 1304 Nos
1302 1248 1420 1316 autern,
1446 1241 1529 1326 quod
1546 1242 1643 1306 tertio
1660 1241 1847 1325 mergimus,

225 1335 396 1401 triduanae
420 1338 608 1422 sepulturae
637 1347 841 1404 sacramenta
864 1341 1041 1426 signamus,
1071 1349 1116 1422 nt,
1145 1342 1221 1406 dum
1245 1345 1340 1407 tertio
1364 1343 1406 1408 ab
1430 1345 1522 1428 aquis
1551 1344 1658 1407 inians
1688 1341 1847 1420 educitur,

225 1442 419 1505 resurrectio
452 1441 593 1506 triduani
623 1445 779 1530 temporis
808 1447 1039 1531 exprimatur¹.
1092 1445 1216 1519 Quodsi
1246 1447 1317 1532 quie
1346 1446 1428 1510 forte
1463 1447 1561 1510 etiam
1593 1457 1669 1532 prol
1702 1466 1847 1510 summae

173 1566 198 1604 ro
225 1544 380 1610 trinitatis
417 1547 628 1611 veneratione
661 1548 828 1612 existimet
858 1547 943 1622 fieri,
973 1570 1079 1633 neque
1109 1548 1168 1612 (rb¹
1205 1549 1265 1612 hoc
1301 1549 1423 1635 aliquid
1454 1549 1582 1613 obsistit
1616 1549 1847 1635 baptizandum
1897 1577 1902 1582 ·

226 1648 329 1712 semel
345 1649 378 1711 in
395 1651 487 1734 aquis
505 1671 662 1735 mergere,
679 1652 763 1734 quia,
780 1651 856 1714 dum
872 1652 904 1715 in
922 1652 1026 1715 tribus
1044 1652 1287 1716 subsistentiis·
1309 1674 1375 1717 una
1391 1653 1575 1717 substantia
1592 1660 1652 1734 est,
1670 1651 1847 1738 reprehen-

226 1751 319 1816 sibile
344 1773 417 1817 esse
441 1753 626 1819 nullatenus
650 1755 769 1840 poterit
792 1755 947 1820 infantem
972 1756 1168 1841 baptismate
1198 1761 1249 1820 ter
1272 1756 1326 1821 vel
1349 1757 1451 1822 semel
1475 1777 1633 1842 mergere,
1662 1755 1791 1842 quando
1816 1761 1849 1820 et

225 1857 258 1920 in
281 1857 385 1921 tribus
416 1858 634 1924 mersionibus
658 1880 870 1945 personarum
900 1861 1027 1924 trinitas
1056 1867 1090 1924 et
1119 1863 1151 1924 in
1180 1881 1246 1924 una
1273 1862 1401 1945 potestb
1430 1861 1610 1925 divinitatis
1639 1860 1848 1946 singularitas

225 1959 411 2046 designari’
457 1959 548 2033 Quae
573 1963 745 2047 singularis
777 1965 894 2028 mersio
918 1964 1066 2049 quamvis
1089 1970 1166 2027 tunc
1190 1965 1236 2026 ita
1259 1963 1414 2050 Hispanis
1443 1966 1640 2050 complacuit
1663 1963 1848 2027 dicentibus

174 2093 197 2131 n
225 2065 343 2129 trinam
366 2067 562 2130 mersionem
586 2066 660 2131 ideo
685 2067 861 2145 vitandam,
893 2068 968 2151 quia
994 2067 1129 2131 heretici
1160 2067 1291 2152 quidam
1321 2066 1494 2132 dissimiles
1523 2068 1555 2131 in
1579 2068 1741 2132 ιιίιιὶιιιιιιο
1771 2065 1848 2129 sub-

228 2169 363 2232 stantias
388 2168 667 2253 dogmatizantee‘l
696 2192 736 2234 ea
758 2172 809 2234 usi
832 2172 898 2234 sint
921 2171 961 2235 ad
986 2170 1361 2239 consubstantialitatem
1385 2179 1518 2236 sanctae
1547 2171 1702 2236 trinitatis
1726 2189 1847 2254 negan-

226 2271 310 2352 dam,
335 2279 444 2338 tamen
463 2274 625 2358 antiquior
647 2294 726 2338 usus
747 2275 930 2361 praevaluit
951 2281 986 2338 et
1009 2275 1091 2338 ratio
1115 2273 1313 2359 supradicta.
1352 2275 1385 2338 Si
1410 2275 1496 2339 eninr
1521 2273 1632 2338 omnia
1654 2272 1848 2350 deserimus,

226 2367 310 2460 quae
334 2377 469 2441 heretici
493 2379 525 2441 in
550 2399 641 2442 suam
665 2379 914 2464 perversitatem
939 2385 1121 2460 traxerunt,
1145 2378 1244 2441 nihil⁶
1268 2380 1360 2444 nobis
1385 2380 1532 2458 restabit,
1557 2399 1629 2444 curn
1652 2378 1699 2441 illi
1722 2377 1755 2441 in
1779 2377 1850 2462 ipso

228 2479 302 2546 Deo
326 2489 474 2546 errantes
499 2484 615 2562 omnia,
647 2504 731 2567 quae
755 2482 796 2547 ad
827 2485 896 2548 eius
921 2484 1043 2549 cultum
1074 2485 1240 2569 pertinere
1264 2485 1333 2547 visa
1358 2490 1443 2562 sunt,
1472 2483 1539 2546 suis
1567 2481 1732 2546 erroribus
1756 2480 1848 2565 quasi

174 2612 199 2652 ιι
225 2584 372 2670 propriaf
399 2585 600 2671 applicarint.
645 2585 832 2650 Notandum
864 2595 973 2652 autem
1003 2608 1067 2652 non
1097 2590 1199 2651 solum
1224 2587 1413 2672 mergendo,
1444 2607 1554 2651 verum
1586 2586 1684 2650 etiarn
1707 2583 1850 2669 desuper

227 2687 393 2751 fundendo
418 2689 535 2753 multos
553 2689 737 2776 baptizatos
755 2690 856 2754 inisse
881 2698 914 2754 et
930 2691 1035 2754 adhuc
1058 2710 1156 2776 posse
1178 2692 1225 2756 ita
1241 2691 1411 2776 baptizari,
1436 2692 1462 2754 si
1485 2691 1665 2754 necessitas
1689 2688 1744 2760 sit;
1768 2687 1850 2749 sicut

228 2791 261 2855 in
286 2793 438 2877 passione
462 2792 550 2857 beati
573 2793 745 2858 Laurentii
769 2793 930 2878 quendam
955 2815 1052 2859 urceo
1075 2796 1176 2860 allato
1199 2788 1374 2880 ιιιςίιιιιιε56
1399 2795 1608 2881 baptizatum.
1653 2791 1727 2855 Hoc
1751 2791 1849 2853 etiam

229 2897 313 2960 solet
344 2897 490 2978 evenire,
522 2918 593 2962 oum
627 2897 864 2983 provectiorum
897 2899 1064 2982 granditas
1097 2919 1266 2984 corporum
1296 2899 1328 2962 in
1360 2897 1538 2962 minoribus
1568 2897 1655 2961 vasis
1685 2893 1850 2959 hominem

229 3000 354 3084 tingui⁸
377 3021 441 3063 non
458 3001 588 3087 patitur.
624 3001 807 3065 Notandum
826 3001 943 3067 deinde
967 3004 1077 3088 primis
1101 2994 1338 3089 temporibus⁵7
1363 3001 1448 3065 illieh
1472 2998 1673 3065 solummodo
1697 2997 1849 3083 baptismi

176 3128 201 3168 ιι
230 3104 366 3188 gratiam
392 3103 461 3167 dari
485 3105 625 3183 solitam,
655 3107 709 3189 qui
733 3113 766 3169 et
790 3108 931 3191 corporis
964 3113 997 3170 et
1020 3107 1136 3170 mentis
1159 3107 1347 3191 integritate
1372 3105 1436 3168 iam
1460 3103 1514 3167 adi
1538 3103 1600 3167 hoc
1623 3105 1849 3186 pervenerant,

228 3214 264 3269 ut
287 3207 370 3270 scire
395 3215 428 3272 et
452 3207 643 3293 intellegere
667 3211 810 3295 possent,
843 3207 920 3298 quid
943 3210 1174 3274 aemolumenti
1201 3210 1234 3272 in
1258 3208 1419 3294 baptismo
1444 3206 1720 3292 consequendum,
1751 3201 1850 3289 quidk

229 3310 468 3398 confitendumk
491 3319 588 3398 atque
620 3312 828 3391 credendum,
858 3313 948 3398 quid¹
972 3319 1135 3398 postremo
1159 3313 1281 3376 renatis
1309 3313 1342 3376 in
1367 3311 1496 3375 Christo
1529 3317 1618 3374 esset
1642 3306 1849 3373 servandum.

226 3411 343 3477 Refert
375 3415 533 3500 siquidem
570 3415 766 3481 venerabilis
802 3423 896 3502 pater
923 3415 1130 3501 Augustinus
1163 3415 1202 3481 de
1233 3437 1268 3479 se
1303 3417 1372 3500 ipso
1406 3416 1439 3478 in
1472 3414 1563 3478 libris
1597 3412 1848 3477 Confessionum

227 3511 403 3598 suarumlss,
428 3520 511 3604 quod
528 3541 632 3606 paene
649 3543 753 3607 usque
771 3522 811 3586 ad
829 3520 928 3585 XXX
944 3541 1102 3584 annorum
1119 3527 1260 3585 aetatem
1278 3519 1551 3583 cathecuminusm
1569 3515 1785 3601 perdurarit¹¹,
1810 3535 1850 3577 ea

174 3647 200 3686 ao
228 3623 381 3687 videlicet
403 3624 595 3705 intentione,
624 3634 660 3690 ut
689 3627 853 3712 perhanc
877 3627 1033 3711 temporis
1056 3647 1179 3691 moram
1210 3626 1250 3689 de
1274 3625 1410 3708 singulis
1434 3623 1568 3687 edoctus
1597 3620 1638 3684 ad
1662 3619 1849 3703 eligendum

229 3727 397 3811 quodlibet
412 3728 516 3792 libero
533 3729 708 3794 duceretur
724 3729 857 3792 arbitrio
883 3735 915 3792 et
929 3726 1231 3793 defervescentibus
1253 3727 1399 3791 lubricae
1416 3727 1533 3790 aetatis
1548 3725 1706 3789 incendiis
1722 3723 1848 3800 melius,

228 3829 313 3914 quod
338 3831 541 3916 sequendum
565 3839 644 3910 erat,
669 3852 800 3896 servare
823 3833 994 3918 potuisset.
1034 3830 1099 3897 Sed
1123 3836 1321 3916 augescente
1339 3830 1468 3894 divinae
1493 3830 1657 3913 religionis
1682 3827 1851 3912 diligentia

226 3934 457 4019 intellegentes
481 3936 649 4000 christiani
672 3935 833 4020 dogmatis
857 3944 1021 4000 amatores
1053 3942 1223 4022 peecatum
1249 3934 1342 3998 Adae
1367 3933 1545 4017 originale⁰
1573 3954 1637 3996 non
1661 3932 1747 3995 solos
1771 3940 1850 3994 eosl’

228 4041 340 4102 tenere
372 4037 546 4120 obnoxios,
578 4041 631 4125 qui
662 4041 728 4104 suis
752 4039 904 4125 operibus
937 4039 1249 4125 praevaricationem
1278 4043 1454 4115 auxerunt,
1486 4036 1543 4101 sed
1574 4037 1670 4100 etiam
1694 4054 1766 4112 eos,
1795 4033 1850 4117 qui

173 4163 199 4203 ss
226 4142 296 4205 sine
318 4143 384 4206 suis
401 4144 580 4207 commissis
597 4182 637 4190 -
655 4143 751 4228 quia‘l
776 4142 952 4207 secundum
970 4142 1172 4228 psalmistam
1196 4133 1276 4206 ‘inii’
1299 4141 1525 4227 iniquitatibus
1542 4136 1700 4224 concepti‘
1725 4144 1759 4202 et
1782 4135 1849 4200 nati

226 4252 302 4308 sunt
317 4245 529 4312 -immunes
546 4269 566 4310 a
582 4253 717 4333 peccato
732 4269 805 4311 esse
823 4267 887 4310 non
902 4251 1045 4331 possunt,
1061 4245 1137 4309 dum
1151 4245 1191 4309 de
1208 4245 1331 4331 polluta
1348 4244 1458 4309 radice
1474 4243 1665 4330 procedunt,
1682 4248 1718 4307 ut
1733 4241 1849 4306 merito

226 4349 265 4414 de
283 4350 430 4413 erunibus
454 4351 579 4416 dicatur
604 4373 660 4437 per
677 4351 876 4436 apostolum:
901 4341 1066 4414 ‘Omnes60
1090 4349 1193 4414 enim¹
1216 4357 1436 4434 peceaverunt
1459 4355 1492 4412 et
1516 4353 1614 4432 egent
1637 4347 1758 4432 gloria·
1774 4345 1848 4409 Dei.

328 4585 354 4651 q)
374 4585 509 4652 baptisatis
521 4584 597 4637 3-5.
677 4586 701 4648 r)
720 4587 823 4638 Domini
836 4593 862 4637 et
873 4585 1024 4656 resurrectio
1038 4582 1063 4635 3.
1142 4582 1164 4647 s)
1182 4583 1369 4634 immersionem
1382 4579 1410 4641 3;
1429 4581 1624 4632 trinamersione
1642 4597 1708 4631 corr.
1721 4597 1791 4632 mon.
1804 4582 1850 4632 alt.

225 4673 318 4723 trinam
336 4672 488 4722 mersionem
500 4670 525 4722 4.
595 4671 616 4734 t)
635 4672 802 4724 similitudine
814 4673 838 4725 5.
909 4669 938 4736 u)
956 4688 987 4721 ex
1005 4679 1108 4722 ateorr.
1123 4687 1192 4720 maa.
1206 4670 1250 4720 alt.
1265 4666 1288 4720 4.
1360 4665 1387 4732 v)
1406 4673 1506 4720 tanturn
1519 4663 1542 4716 4.
1556 4666 1580 4719 5.
1651 4665 1685 4729 w)
1705 4668 1851 4720 Heleandrc

172 4765 199 4804 sc
223 4756 247 4808 4.
261 4757 286 4823 5,
304 4775 370 4808 corr.
384 4775 454 4809 ιιιαιι.
467 4759 511 4809 alt.
530 4760 648 4810 Leandro
665 4756 690 4809 4.
761 4759 789 4823 x)
809 4759 1016 4811 commeauit.
1035 4757 1188 4824 exprimitur
1205 4755 1230 4807 5.
1300 4753 1328 4821 y)
1348 4771 1407 4820 prae
1425 4753 1450 4804 2.
1520 4753 1544 4817 n)
1564 4753 1613 4804 del.
1627 4751 1656 4815 43
1675 4754 1708 4805 ed
1723 4753 1797 4805 Coae.
1812 4757 1850 4806 cit

224 4842 251 4910 a)
270 4844 429 4908 substantiis,
448 4863 497 4897 om.
515 4863 574 4910 uua,
594 4843 624 4908 53
643 4847 670 4896 in
689 4864 756 4897 corr.
776 4864 844 4896 maa.
864 4846 908 4895 alt.
929 4861 982 4896 una
1000 4841 1024 4894 4.
1105 4843 1133 4907 b)
1151 4842 1294 4894 divinitatis
1311 4847 1393 4908 potest
1412 4839 1436 4891 2.
1512 4840 1536 4902 c)
1556 4840 1676 4890 trinitatis
1694 4837 1719 4902 (e
1737 4840 1851 4892 trinitate

224 4947 291 4981 corr.
311 4947 380 4981 orca.
400 4931 460 4996 alr.)
478 4931 625 4984 substantia
643 4932 667 4983 5.
763 4931 789 4998 d)
808 4932 981 4998 dogmatizare
999 4931 1056 4981 ausi
1076 4931 1128 4981 sint
1145 4928 1169 4980 3.
1265 4928 1290 4992 e)
1311 4945 1358 4978 ons.
1377 4927 1401 4979 4.
1421 4925 1450 4990 55
1472 4928 1510 4977 nil
1528 4943 1654 4992 aspernor.
1672 4943 1743 4977 man.
1762 4928 1806 4978 alt.
1825 4927 1850 4980 l.

225 5015 247 5080 s)
265 5016 351 5069 σπι-5.
422 5019 449 5084 gl
469 5019 534 5086 tingi
554 5015 579 5070 3.
597 5016 622 5082 5,
640 5036 653 5069 e
672 5019 755 5084 tingui
774 5035 839 5068 corr.
856 5015 879 5068 5.
955 5017 983 5076 h)
1003 5017 1040 5066 illi
1058 5015 1082 5068 4.
1158 5013 1178 5080 i)
1197 5017 1231 5067 ab
1250 5013 1274 5065 2.
1350 5013 1378 5079 k)
1395 5031 1444 5064 om.
1457 5011 1481 5064 4.
1495 5013 1519 5076 5,
1537 5028 1665 5076 ruperam.
1679 5029 1748 5062 marc.
1762 5013 1806 5064 alt.
1826 5011 1850 5064 4.

223 5102 243 5168 1)
262 5105 330 5170 quod
348 5101 372 5155 2.
391 5104 414 5156 5.
514 5105 551 5166 m)
569 5106 738 5157 catecuminis
757 5103 781 5155 4.
799 5105 823 5168 5,
848 5122 913 5155 corr.
935 5105 1112 5160 catecuminus
1130 5101 1154 5154 4.
1259 5101 1287 5162 n)
1307 5101 1439 5168 perdurari
1457 5099 1485 5160 53
1504 5106 1530 5149 et
1547 5097 1609 5148 aaa.
1628 5093 1653 5148 3.
1759 5097 1784 5158 ο)
1803 5099 1851 5150 ori·

171 5209 196 5248 4⁵
223 5191 324 5257 ginalas
342 5189 367 5241 4.
384 5189 409 5242 5.
498 5191 523 5259 p)
541 5209 597 5243 esse
614 5191 638 5242 5.
727 5190 754 5256 q)
772 5207 838 5242 erar.
857 5189 880 5240 5.
968 5188 991 5252 ι)
1010 5207 1058 5241 om.
1078 5187 1102 5240 3.
1193 5188 1215 5251 s)
1235 5187 1343 5254 gloriam
1361 5186 1384 5237 5.

326 5403 370 5470 54)
392 5403 664 5473 cassaneam,
691 5404 828 5472 ΜαιιιιΙ,
852 5404 897 5458 col.
916 5405 958 5458 56.
1063 5404 1108 5470 55)
1132 5401 1210 5456 Gonc.
1233 5401 1314 5455 Tolet.
1334 5401 1354 5454 Ι
1356 5399 1386 5466 V,
1411 5416 1431 5453 c.
1450 5402 1480 5464 6,
1506 5399 1601 5452 Menai
1621 5397 1664 5466 X,
1688 5398 1735 5452 col.
1754 5397 1804 5453 618
1814 5413 1851 5465 sq.

222 5507 402 5578 (Gregoriil.
424 5507 537 5576 Reqistr.
553 5508 575 5576 I,
593 5525 632 5576 ep.
645 5509 687 5568 41,
707 5508 772 5562 ΕΕ.
787 5508 811 5575 Ι,
827 5525 856 5576 p.
869 5509 911 5575 57,
930 5507 1003 5573 Joffe'
1020 5508 1037 5561 l.
1052 5523 1074 5560 c.
1087 5507 1128 5572 1²,
1145 5521 1188 5558 ar.-
1203 5506 1287 5573 llll).
1371 5504 1415 5568 56)
1435 5501 1517 5557 Gesta
1531 5501 1675 5556 Laurastii
1693 5500 1730 5556 ed.
1745 5500 1850 5568 Sorrina

228 5610 304 5665 Vitae
324 5611 445 5665 Senator.
459 5611 510 5678 IV,
526 5628 556 5680 p,
570 5612 630 5666 588.
708 5612 752 5680 57)
771 5612 910 5680 Kndpflcr
928 5613 943 5666 l.
956 5629 977 5666 c.
992 5629 1021 5681 p.
1032 5613 1074 5680 91,
1093 5616 1150 5665 not.
1159 5612 1183 5664 2.
1259 5611 1303 5677 58)
1323 5606 1675 5677 caesareensem.
1694 5605 1777 5659 Vm
1797 5605 1851 5672 IX,

227 5715 317 5786 Opera
337 5716 361 5784 Ι,
379 5718 427 5771 cel.
447 5719 560 5786 llbsqq.
648 5719 693 5786 59)
716 5717 814 5772 Pealm.
833 5720 875 5778 50,
895 5718 918 5772 7.
1006 5717 1050 5784 60)
1071 5716 1148 5770 lions.
1168 5717 1193 5778 3,
1211 5717 1253 5768 23.
1272 5714 1313 5768 24.

328 5837 366 5876 ιι.
386 5836 555 5874 csrrronrau
574 5838 598 5875 ιι.
1611 5814 1645 5868 65
