4568 6420
423 437 485 498 476
669 431 912 487 wenceslaus
930 431 977 485 DE
995 431 1166 488 EXORDIIS
1185 432 1233 488 ΕΤ
1252 431 1505 487 luuuuuuuvls
1524 433 1606 487 auu.
1627 432 1721 488 EOOL.
1742 391 1802 488 cd.

424 609 602 668 structum⁰
625 604 783 669 videatur.
827 603 978 690 Peganos
1009 606 1108 669 etiam
1138 606 1260 692 templa
1290 606 1411 671 fecisse
1439 605 1501 669 diis
1531 605 1597 670 suis
1621 605 1672 668 vel
1701 605 1809 690 potius
1833 603 2046 668 daemonibus

424 705 649 772 seductoribus
674 709 740 771 suis
763 728 829 771 non
850 708 955 771 solum
981 710 1190 795 exipsorum
1214 709 1314 788 libris,
1338 709 1395 774 sed
1419 708 1517 773 etiam
1541 730 1583 774 ex
1605 709 1734 773 divinae
1757 709 1936 794 scripturae
1952 708 2047 772 testi-

425 811 543 874 moniis
566 813 791 897 agnoscimus,
814 810 891 895 quia
914 817 947 875 et
970 813 1127 897 templum
1156 811 1276 896 Dagon
1307 811 1341 875 in
1365 812 1519 875 Samuele
1542 803 1703 902 legimus7
1727 817 1760 874 et
1784 831 1895 896 regern
1919 811 2047 874 Senna-

424 911 557 978 cherib<l
580 915 613 977 in
636 913 758 998 templo
781 913 950 979 Neaerach
972 907 1204 996 trucidatumss,
1228 914 1425 980 Danihelam
1449 934 1577 999 quoque
1601 915 1634 978 iu
1658 914 1779 1001 templo
1804 913 1913 978 Belis⁶
1937 934 2046 978 sacer-

423 1014 536 1080 dotum
555 1016 624 1081 eius
646 1016 796 1101 strophas
813 1009 1092 1102 deprehendisse9
1110 1023 1142 1082 et
1156 1018 1351 1081 Antiochum
1367 1018 1576 1101 reliquiarum
1593 1017 1705 1103 populi
1718 1017 1782 1080 Dei
1798 1023 2045 1102 persecutorem
2089 1044 2101 1080 s

424 1119 649 1202 gravissimum
674 1124 707 1183 et
731 1118 853 1204 templi,
877 1118 960 1203 quod
984 1125 1059 1204 post
1082 1120 1304 1184 reversionem
1327 1118 1368 1183 de
1385 1119 1573 1204 captivitate
1590 1119 1832 1184 reaedificatum
1857 1125 1918 1201 est,
1942 1120 2047 1184 viola-

423 1227 527 1286 torem
558 1222 736 1307 intemplo
760 1222 885 1286 Noniae
909 1224 1069 1287 corruisse
1094 1215 1368 1308 cognoscimusffl,
1399 1228 1432 1288 et
1453 1223 1557 1287 multa
1581 1223 1659 1303 alia,
1689 1223 1805 1308 quibus
1838 1222 2047 1308 approbatur,

425 1324 512 1409 quod
535 1324 682 1392 dicimus.
726 1325 887 1390 Nolumus
912 1333 1022 1390 sutem
1051 1326 1090 1391 de
1121 1328 1212 1392 libris
1235 1320 1438 1412 p'agsnorum
1462 1325 1609 1392 eiusdem
1635 1327 1683 1392 rei
1707 1333 1810 1391 testes
1835 1325 2046 1405 adscisceref,

424 1449 465 1492 ne
475 1429 560 1492 inter
572 1430 812 1494 ecclesiasticae
823 1429 1058 1495 aedificationis
1072 1431 1203 1516 eloquia
1214 1431 1364 1495 lectorisss
1374 1431 1517 1494 animum
1528 1430 1697 1495 inutilibus
1709 1429 1828 1494 fabulis
1841 1449 2046 1514 occupemus.

533 1534 563 1594 2.
599 1530 664 1595 Elth
680 1531 792 1617 primis
807 1530 938 1615 quidem
954 1533 1156 1617 temporibus
1178 1541 1245 1596 tam
1262 1554 1356 1597 veros
1372 1531 1436 1597 Dei
1451 1533 1601 1614 cultores,
1626 1553 1722 1619 quem
1740 1533 1838 1596 etiam
1855 1532 2049 1596 daemonum
2077 1565 2102 1604 ιι

425 1642 635 1700 veneratores
657 1635 689 1699 iu
712 1635 793 1699 locis
817 1635 970 1719 congruis
995 1656 1073 1700 suae
1096 1636 1262 1715 religionis
1287 1635 1424 1700 cultum¹
1447 1636 1506 1700 sub
1530 1634 1617 1699 divo¹
1640 1634 1825 1700 celebrasse
1851 1633 2048 1700 credendum

426 1745 486 1802 est.
525 1737 591 1803 Sed
615 1739 690 1825 quia
713 1737 889 1804 daemones
910 1738 1093 1803 hominibus
1114 1747 1350 1825 persuaserunt
1371 1741 1404 1803 in
1425 1739 1655 1804 contumeliam
1679 1737 1856 1803 creatoris¹¹
1873 1739 2049 1822 imaginem

425 1834 737 1928 ‘incorruptibilis111
766 1841 847 1923 Dei,
881 1843 912 1906 in
937 1843 1180 1908 similitudinem
1215 1843 1433 1928 corruptibilis
1464 1842 1605 1906 hominis
1636 1848 1669 1906 et
1702 1843 1868 1907 volucrum
1904 1848 1938 1906 et
1968 1862 2047 1926 qua-

425 1941 605 2029 drupedum
634 1948 667 2008 et
705 1950 923 2029 serpentumm
951 1952 1150 2009 commutare
1187 1952 1219 2010 ct
1258 1945 1379 2010 servire
1413 1952 1582 2009 creaturae
1618 1946 1724 2030 potius
1758 1964 1853 2029 quarn
1888 1942 2049 2024 creatori',

427 2053 687 2131 consequenter¹1
710 2048 808 2112 etiam
832 2047 1093 2112 aedificationem
1116 2048 1312 2133 templorum
1336 2054 1370 2112 et
1393 2049 1561 2132 sanguinis
1585 2068 1649 2112 non
1674 2048 1777 2112 solum
1802 2047 1967 2127 animalis,
1991 2045 2048 2112 sed
2079 2070 2103 2108 ιι

428 2150 527 2214 etiam
550 2151 684 2214 humani
706 2151 961 2216 immolationem
988 2152 1028 2215 ed
1052 2151 1210 2215 maiorem
1235 2151 1380 2235 persuasi
1410 2152 1529 2214 erroris
1553 2150 1728 2214 vindictam
1752 2151 1812 2215 sibi
1845 2151 1913 2214 lieri
1946 2170 2049 2235 expo-

427 2253 571 2321 scebant.
616 2252 760 2338 Ideoque
783 2253 989 2340 omnipotens
1013 2260 1047 2318 et
1074 2254 1203 2338 patiens
1232 2260 1359 2318 creator
1386 2253 1532 2319 facturae
1562 2274 1640 2318 suae
1663 2254 1777 2318 volens
1811 2253 2050 2338 undecunque⁰

430 2357 613 2436 consulere,
639 2358 735 2442 quiae
757 2363 891 2443 propter
914 2358 1125 2443 fragilitatem
1149 2358 1326 2422 carnalium
1349 2378 1463 2422 omnes
1480 2357 1732 2422 consuetudines
1755 2358 1878 2441 pariter
1900 2356 1970 2420 tolli
1985 2375 2050 2419 non

428 2479 525 2545 posse
554 2460 693 2538 sciebat,
727 2461 875 2545 permisit
909 2467 943 2525 et
970 2462 1066 2526 iussit
1094 2461 1253 2546 quaedam
1287 2462 1349 2526 eibi
1378 2461 1591 2526 oboedienter
1623 2461 1737 2546 apiis
1767 2459 1932 2541 exhiberi,
1967 2480 2050 2545 quae

427 2564 641 2630 daemonibus
664 2564 893 2629 damnabiliter
916 2564 956 2629 ab
979 2567 1089 2652 impiis
1113 2566 1334 2648 solvebantur,
1359 2567 1478 2630 sicuti⁴l
1501 2570 1577 2629 suut
1592 2564 1721 2629 aedium
1736 2565 1991 2628 constructiones
2015 2568 2049 2627 et
2071 2579 2105 2652 1ιιι

427 2665 629 2733 diversorum
653 2689 777 2752 genera
800 2667 1039 2734 sacrificiorum.
1086 2668 1129 2732 llt
1150 2669 1274 2733 iactum
1297 2677 1365 2749 est,
1394 2676 1446 2750 ut,
1470 2689 1554 2753 quae
1577 2668 1740 2753 prioribus
1764 2673 1897 2753 propter
1919 2667 2052 2730 intirmi-

428 2776 529 2835 tatem
552 2791 711 2836 ooncessa
734 2777 809 2835 suut
831 2771 872 2835 ad
888 2772 1110 2836 exclusionem
1136 2773 1264 2851 erroris,
1288 2772 1383 2836 nobis
1408 2772 1620 2856 sequentibus
1645 2791 1703 2855 per
1720 2769 1840 2833 Christi
1864 2771 2051 2855 passionem

428 2873 598 2959 patefacta
619 2873 816 2959 proficerent
838 2873 879 2939 ad
902 2896 1036 2939 causam
1058 2874 1296 2961 perfectionisf,
1326 2873 1401 2938 dum
1425 2881 1459 2939 et
1488 2876 1520 2938 iu
1546 2874 1608 2938 illis
1629 2873 1856 2937 materialibus
1881 2874 2052 2937 structuris

429 2975 611 3040 aedilicium
642 2978 803 3042 ecelesiae
834 2979 979 3063 spiritale
1009 2986 1043 3043 et
1070 2978 1103 3041 in
1127 2979 1312 3042 carnalibus
1337 2979 1476 3042 victimis
1505 2999 1543 3042 ao
1567 2977 1838 3042 sollemnitatibus
1866 2978 2051 3062 passionem

431 3077 551 3142 Christi
582 3086 615 3144 et
636 3079 791 3144 virtutum
819 3080 1016 3146 documenta
1044 3083 1212 3146 sentimus.
1260 3080 1353 3145 Sicut
1382 3087 1492 3145 autem
1521 3079 1683 3165 quaedam
1713 3085 1887 3165 praecepte
1918 3079 2053 3144 moralis
2080 3093 2107 3132 2⁵

432 3183 543 3248 nobis·
566 3191 599 3247 et
622 3185 790 3249 veteribus
814 3185 915 3248 voluit
938 3185 1030 3249 Dens
1054 3205 1127 3251 esse
1150 3186 1350 3267 communia,
1374 3192 1410 3248 ut
1433 3190 1508 3248 sunt
1532 3204 1587 3262 ea,
1611 3202 1695 3268 quae
1725 3181 1767 3246 ad
1794 3203 1920 3246 morum
1951 3183 2053 3246 hone-

430 3292 548 3352 statem
572 3289 619 3352 et‘
641 3288 692 3351 ius
723 3289 810 3353 inter
831 3289 980 3354 homines
1013 3291 1178 3374 pertinent
1200 3287 1472 3369 conservandum,
1500 3290 1545 3352 ita
1578 3286 1739 3372 quaedam
1762 3287 1940 3370 flagitiosa,
1970 3306 2053 3370 quae

430 3387 624 3454 daemonum
654 3390 834 3476 voluptati¹¹
857 3397 932 3455 sunt
959 3392 1127 3471 instituta,
1158 3399 1210 3456 etv
1236 3393 1302 3456 illis
1333 3399 1366 3455 et
1394 3391 1489 3456 nobis
1519 3393 1634 3456 statuit
1663 3389 1855 3453 omnimodis
1885 3389 2052 3474 fugienda,

429 3493 592 3557 maleficia
608 3493 761 3559 videlicet
786 3515 824 3558 ae
840 3495 1022 3574 mendacia,
1047 3503 1161 3580 stupra
1183 3497 1476 3581 et-superstitiosos
1500 3515 1626 3558 errores
1651 3499 1684 3557 et
1700 3491 1828 3556 similia.
1867 3492 1961 3557 Haeo
1980 3513 2053 3556 cum

429 3597 476 3660 ita
504 3597 570 3661 sint
596 3597 792 3678 distincta',
822 3598 989 3663 serendum
1019 3597 1259 3683 estquaedam
1288 3619 1361 3663 esse
1394 3599 1482 3662 omni
1509 3597 1659 3683 religioni
1687 3597 1887 3674 communia,
1923 3601 1959 3658 ut
1988 3602 2052 3658 est:
2080 3607 2107 3647 ³⁰

430 3690 574 3772 ‘Quod12
600 3701 684 3766 tibi¹
712 3723 776 3765 non
807 3703 856 3766 vis
887 3702 973 3781 lieri,
1002 3702 1078 3765 aliiy
1105 3723 1147 3765 ne
1173 3700 1314 3783 fecerie’,
1345 3707 1379 3766 et
1408 3700 1559 3787 quicquid
1593 3721 1635 3764 ex
1666 3699 1806 3763 naturali
1834 3699 1909 3784 lege
1936 3696 2054 3761 divinis

431 3823 608 3889 congruum
631 3804 795 3868 invenitur
818 3803 988 3872 mandatis.
1034 3804 1108 3868 Hoc
1132 3810 1242 3869 tamen
1265 3804 1299 3868 in
1321 3805 1387 3868 illis
1409 3804 1527 3884 distat,
1551 3801 1637 3888 quod
1661 3802 1792 3887 quidam
1821 3802 1896 3866 illa¹
1924 3807 2055 3887 propter

431 3905 646 3986 honestatem,
670 3912 707 3970 ut
722 3907 920 3993 philosophi,
937 3906 1067 3992 quidam
1084 3914 1218 3993 propter
1233 3909 1393 3989 timorem,
1417 3914 1453 3971 ut
1468 3905 1591 3985 Iudaei,
1615 3906 1668 3969 elii
1686 3913 1820 3991 propter
1834 3905 2054 3982 dilectionem,

430 4013 467 4073 ut
490 4007 659 4073 christiani
683 4009 867 4076 observant.
913 4009 960 4074 Ut
982 4018 1092 4076 autem
1115 4011 1156 4074 ad
1173 4012 1341 4097 proposita
1356 4015 1572 4076 revertamur:
1597 4009 1679 4072 sicut
1695 4008 1795 4088 Dens,
1820 4014 1855 4072 ut
1870 4008 2056 4072 destrueret

431 4131 533 4196 opera
557 4110 690 4191 diaboli,
715 4110 874 4194 quaedam
897 4113 961 4178 sibi
984 4113 1156 4180 exhiberi·
1178 4115 1281 4179 voluit
1305 4136 1324 4178 a
1347 4113 1525 4179 cultoribus
1549 4114 1628 4194 suis,
1652 4133 1735 4197 quae
1762 4112 1941 4176 daemones
1964 4111 2055 4196 prius
2082 4123 2108 4164 ³⁶

431 4220 667 4299 persuaserunt
694 4215 891 4297 errantibus,
925 4217 971 4281 ita
999 4218 1119 4282 cultum
1152 4239 1172 4282 a
1200 4216 1272 4283 Deo
1304 4219 1488 4283 institutum
1516 4217 1659 4280 maxime
1694 4218 1727 4279 in
1758 4215 1991 4279 sacrificiorum
2022 4219 2056 4278 et

432 4317 679 4381 cerimoniarum
702 4317 942 4402 multiplicitate
973 4321 1037 4385 sibi
1061 4321 1217 4406 deinceps
1241 4320 1419 4386 daemones
1443 4320 1684 4406 exposcebant,
1716 4320 1800 4383 sicut
1823 4319 1978 4402 scriptum
2004 4324 2055 4381 est

432 4418 473 4484 de
504 4420 596 4484 libris
627 4419 732 4504 legisb
755 4418 833 4502 Dei,
858 4414 952 4486 1‘de13
981 4424 1099 4508 quibus
1129 4424 1359 4488 scrutabantur
1385 4431 1500 4508 gentes
1529 4421 1775 4486 similitudinem
1807 4420 2054 4500 simulacrorum

434 4519 588 4602 suorum’,
611 4529 649 4586 nt
672 4523 808 4602 scilieet,
832 4524 991 4609 quomodo
1017 4527 1071 4590 lex
1096 4525 1236 4590 Domine
1254 4527 1375 4591 servire
1392 4526 1567 4612 praecepit,
1594 4524 1715 4589 eisdem
1732 4523 1847 4587 ritibus
1865 4520 2055 4607 deceptores

432 4646 507 4688 suos
536 4625 712 4690 daemones
748 4625 907 4712 deceptae
937 4635 1053 4712 gentes
1082 4635 1323 4695 venerarentur.
1374 4629 1458 4693 Nam
1480 4637 1519 4710 et
1553 4627 1753 4713 temporibus
1785 4625 1908 4689 Tiberii
1937 4633 1971 4689 et
1994 4624 2056 4688 Gai
2083 4639 2110 4679 ⁴0

536 4778 562 4847 c)
581 4787 753 4847 perstructum
773 4781 796 4833 1.
815 4781 839 4833 2.
909 4781 936 4848 d)
956 4784 1162 4836 Sennacheribus
1183 4784 1205 4838 l.
1276 4785 1300 4849 a)
1319 4785 1410 4852 phebis
1422 4786 1578 4836 sacerdotem
1597 4785 1621 4837 5.
1692 4783 1717 4843 l)
1730 4783 1870 4834 adschsers
1887 4781 1918 4843 4;
1933 4783 2057 4834 admisere

434 4863 588 4932 (miseras.)
603 4869 819 4920 comminiscere
836 4869 861 4920 5.
932 4868 960 4935 g)
973 4870 1113 4923 lectoribus
1124 4869 1149 4923 2.
1219 4869 1510 4936 murcomannus.
1523 4873 1556 4922 Et
1573 4867 1598 4921 4.
1668 4868 1688 4932 ἰ)
1701 4870 1800 4920 cultum
1813 4867 1873 4933 (sub
1885 4867 1964 4934 erar.)
1976 4869 2021 4922 diu
2032 4868 2056 4921 5.

432 4953 461 5016 k)
483 4955 606 5004 creaturis
627 4952 652 5004 4.
673 4952 698 5018 ὃ,
720 4971 787 5005 corr.
807 4971 877 5004 mae
901 4956 946 5005 alt.
969 4957 1091 5007 creatoris
1112 4957 1141 5021 43
1164 4959 1191 5008 in
1203 4972 1328 5022 superacr.
1350 4955 1375 5008 2.
1454 4956 1475 5020 1)
1489 4956 1662 5022 incorruptilis
1674 4955 1697 5006 i).
1774 4955 1810 5019 ιιι)
1824 4956 1981 5020 serpentium
1992 4952 2018 5005 2.
2030 4953 2056 5006 4.

430 5038 462 5103 n)
489 5039 515 5090 id
542 5047 581 5091 est
606 5040 684 5090 simili
710 5040 786 5090 modo
814 5055 1029 5104 supercommune.
1049 5039 1136 5092 ata4.
1242 5042 1267 5104 ο)
1295 5043 1363 5094 unde
1391 5041 1415 5094 2.
1521 5043 1549 5110 p)
1577 5059 1638 5093 vere
1665 5041 1726 5092 add.
1745 5039 1770 5093 3.
1879 5042 1906 5105 ql
1932 5042 2013 5092 secuti
2031 5039 2056 5090 4.

433 5123 457 5192 r)
476 5126 639 5192 profectionis
656 5125 681 5178 ὃ.
768 5125 792 5188 s)
810 5127 884 5178 novis
902 5125 927 5178 4.
945 5128 974 5193 5,
993 5146 1059 5179 corr.
1074 5126 1190 5179 nobis'4.
1278 5128 1300 5192 t)
1319 5131 1350 5180 ad
1369 5129 1477 5193 adc.*3;
1496 5131 1552 5180 eius
1570 5147 1637 5180 corr.
1656 5137 1681 5180 ct
1699 5129 1740 5179 ius
1762 5129 1782 5178 l.
1871 5126 1901 5193 ιι)
1920 5128 2057 5194 voluptati·
2082 5135 2109 5173 ⁴5

435 5212 482 5262 bur
499 5209 524 5262 4.
543 5211 575 5275 ὃς
594 5212 726 5278 voluptate
746 5208 776 5275 35
794 5219 855 5263 sunt
872 5229 922 5263 ocu.
940 5211 1014 5264 3-5.
1110 5214 1137 5278 v)
1156 5231 1222 5265 cras.
1242 5215 1266 5264 h.
1363 5214 1397 5278 w)
1415 5215 1484 5266 dicta
1502 5212 1578 5266 3-5.
1675 5213 1703 5278 x)
1723 5231 1770 5265 cm.
1790 5211 1814 5264 2.
1912 5211 1940 5280 y)
1957 5210 2057 5275 alio·2;

433 5297 490 5348 aliis
507 5296 531 5348 5.
628 5294 652 5360 al
670 5297 768 5348 scilicet
784 5298 892 5348 moralia
909 5306 1046 5365 praecepta
1064 5316 1191 5366 mperscr.
1210 5317 1278 5351 ιιιαιι.
1299 5302 1342 5350 alt.
1363 5300 1392 5364 43
1419 5302 1466 5352 illa
1491 5301 1600 5352 moralia
1624 5308 1726 5367 propter
1744 5301 1872 5368 praecepti
1891 5302 1950 5352 hon.
1970 5299 1999 5364 5;
2030 5301 2056 5350 iu

433 5382 478 5434 illa
494 5379 520 5433 2.
590 5381 616 5446 ιι)
634 5382 756 5433 exhibere
773 5380 797 5432 4.
817 5381 841 5447 5,
860 5400 927 5434 corr.
945 5401 1015 5435 mon.
1034 5385 1080 5436 alt.
1098 5386 1213 5436 exhiberi
1227 5383 1250 5436 4.
1324 5385 1350 5450 b)
1370 5403 1418 5437 oct.
1437 5384 1462 5437 4.
1480 5386 1505 5439 5.

537 5498 564 5566 7)
585 5497 641 5565 Cfr.
661 5502 684 5554 1.
698 5499 765 5570 Ray.
784 5501 809 5568 ὃ,
823 5501 905 5569 2sqq.
984 5503 1011 5569 8)
1030 5500 1086 5568 Cfr.
1105 5503 1130 5557 4.
1145 5503 1207 5571 Ray.
1229 5505 1268 5567 19,
1278 5503 1320 5557 37.
1411 5505 1438 5571 9)
1458 5503 1512 5570 Ost.
1531 5503 1606 5558 Dae.
1622 5505 1662 5559 14.
1756 5505 1799 5572 10)
1818 5505 1875 5571 Cfr.
1893 5505 1917 5558 2.
1931 5503 2057 5558 Mauso.

434 5586 458 5650 l,
472 5585 582 5641 13-16.
653 5588 696 5656 11)
717 5587 773 5654 Ofr.
792 5587 868 5642 Rom.
889 5589 966 5652 1,23.
985 5591 1027 5644 25.
1103 5590 1147 5658 12)
1169 5589 1224 5656 Gsr.
1245 5589 1312 5644 Luc
1331 5591 1356 5654 6,
1369 5590 1415 5644 31:
1435 5591 1522 5644 Prout
1540 5590 1633 5655 vultis,
1652 5593 1684 5644 ut
1701 5591 1808 5645 faciant
1825 5590 1904 5644 vobis
1923 5590 2057 5653 homines,
2084 5607 2110 5646 oo

434 5674 464 5726 et
476 5671 609 5726 vosfucite
628 5671 685 5726 illis
703 5671 841 5726 similiter.
930 5675 973 5744 13)
992 5677 1015 5728 1.
1030 5675 1153 5730 Machala
1173 5676 1198 5741 3,
1212 5676 1254 5730 48.
