4568 6420
394 453 456 512 454
508 445 776 500 Aborrauuu‘ra
795 445 843 498 AD
862 443 976 498 CAPIT.
995 443 1078 498 REG.
1096 443 1279 496 FRANCIAD
1299 441 1489 496 OCCIDDNT.
1509 441 1718 512 (1111101111).
1737 471 1769 479 -
1789 441 1837 495 Nr.
1851 441 1910 495 301.

314 627 375 681 866.
394 627 430 684 ut
453 621 608 705 scriptum
633 626 693 697 est,
717 619 852 681 ‘malitia
874 623 1016 681 mutaret
1040 616 1137 680 corda
1161 615 1301 688 eorum';
1325 606 1509 700 aliquibus⁴
1527 621 1647 694 autem,
1671 614 1755 700 quod
1772 636 1829 678 vos
1847 637 1910 678 non
1928 615 2018 692 latet,

394 746 453 787 suo
477 721 597 786 iudicio
621 723 720 786 talem
744 723 928 806 passionem
953 721 1102 805 permisit
1125 722 1300 796 incurrere,
1325 721 1406 782 sicut
1423 719 1536 783 fideles
1553 721 1640 783 illius
1659 726 1881 803 agnoscuntur
1897 719 2019 783 dolere.

394 827 576 912 Propterea
607 827 688 910 petit
717 825 977 888 benedictionem
1012 823 1232 908 episcopalem
1266 845 1364 907 super
1397 845 1532 886 uxorem
1567 844 1658 886 suam
1691 823 1818 897 venire,
1850 831 1886 885 ut
1920 824 2019 887 talem

394 928 540 993 sobolem
566 930 596 992 ei
613 927 773 993 Dominus
798 927 837 990 dc
861 928 917 990 illa
933 926 1086 1011 dignetur
1101 926 1233 1004 donare,
1258 927 1344 990 unde
1363 933 1476 990 sancta
1493 927 1635 990 ecclesia
1652 927 1803 989 solatium
1829 933 1861 990 et
1884 948 2021 1011 regnum

393 1033 613 1097 neeessariam
637 1031 861 1095 defensionem
887 1038 919 1093 et
943 1030 1055 1094 lideles
1084 1031 1171 1094 illius
1195 1029 1416 1095 desiderabile
1440 1030 1633 1094 adiutorium
1658 1034 1691 1092 et
1714 1030 1776 1094 ista
1800 1031 2021 1094 christianitas
2055 1058 2067 1094 a

393 1136 570 1224 optabilem
592 1136 858 1222 tranquillitatem
875 1143 908 1200 et
923 1135 1030 1219 legem
1047 1142 1144 1219 atque
1160 1137 1317 1199 iustitiam
1334 1156 1406 1197 cum
1424 1135 1499 1212 illis,
1520 1154 1599 1218 quos
1617 1133 1722 1198 adhuc
1739 1133 1837 1198 habet
1854 1141 2018 1224 annuente

396 1250 429 1304 et
458 1248 652 1326 cooperante
684 1239 826 1304 Domino
862 1239 965 1324 possit
995 1237 1128 1302 habere.
1184 1237 1227 1301 Dt
1258 1238 1299 1302 de
1333 1238 1395 1301 boe
1431 1238 1462 1301 in
1500 1237 1621 1300 sanctis
1660 1238 1826 1322 seripturis
1861 1237 2021 1302 habemus

395 1346 638 1418 auctoritatem,
670 1344 761 1428 quia,
786 1343 870 1406 sicut
892 1341 1052 1404 Dominus
1077 1339 1116 1404 ad
1140 1340 1308 1404 Abrabam
1332 1339 1431 1403 dixit:
1463 1332 1533 1403 ‘Iul
1557 1341 1681 1404 semine
1705 1347 1761 1404 tuo
1785 1341 2023 1406 benedicentur

396 1468 508 1512 omnes
532 1444 669 1531 gentes',
701 1447 752 1509 cui
782 1447 845 1508 iam
870 1446 1055 1509 centenario
1085 1444 1124 1508 de
1155 1445 1377 1528 nonagenaria
1405 1465 1509 1508 uxore
1540 1445 1634 1507 Isaac
1657 1445 1760 1508 filium
1783 1442 1888 1520 dedit,
1921 1445 2023 1508 itaet

395 1552 499 1635 ipsum
525 1551 618 1614 Isaac
641 1572 778 1614 uxorem
803 1550 949 1612 sterilem
967 1548 1116 1633 accipere
1141 1548 1230 1626 facit,
1254 1553 1289 1611 ut
1314 1554 1347 1612 et
1369 1549 1401 1611 in
1418 1547 1489 1626 hoe,
1515 1549 1599 1612 sicut
1623 1549 1653 1610 in
1671 1548 1781 1612 multis
1800 1550 1885 1612 solet
1901 1548 2021 1627 lacere,
2043 1581 2069 1618 ιο

397 1654 640 1718 misericordiae
665 1674 743 1718 suae
767 1653 953 1737 largitatem
978 1652 1175 1716 ostenderet.
1229 1652 1272 1715 Et
1295 1651 1370 1716 inde
1394 1652 1471 1715 dicit
1494 1653 1668 1737 scriptura,
1701 1654 1776 1738 qnia
1800 1643 2025 1737 ‘deprecatusl

397 1765 448 1821 est
470 1757 564 1821 lsaac
587 1758 764 1822 Dominum
789 1778 846 1843 pro
870 1779 973 1821 uxore
998 1779 1072 1834 sua,
1103 1779 1142 1821 eo
1165 1757 1250 1843 quod
1283 1763 1370 1821 esset
1395 1754 1536 1836 sterilis’,
1564 1763 1598 1820 et
1621 1756 1782 1840 concepit.
1828 1753 1872 1818 Et
1896 1777 1960 1819 non
1984 1757 2026 1819 sit

397 1861 489 1924 vobis
513 1862 639 1942 mirum,
664 1883 723 1924 cur
746 1873 842 1925 antea
864 1861 926 1924 hoc
951 1883 1015 1926 non
1039 1863 1130 1932 lecit;
1155 1864 1246 1947 quia,
1270 1863 1354 1926 sicut
1377 1883 1469 1924 sacra
1492 1863 1655 1947 scriptura
1678 1860 1771 1938 dicit,
1796 1861 1829 1923 in
1852 1860 2025 1945 primordio

398 1966 633 2028 coniunctionis
664 1965 799 2029 masculi
831 1972 864 2029 et
894 1965 1034 2030 laminae
1067 1966 1150 2029 dixit
1181 1966 1338 2029 Dominus
1373 1965 1413 2028 ad
1447 1965 1566 2028 ilvam:
1600 1957 1684 2028 ‘Ad7
1709 1966 1811 2027 virum
1843 1971 1934 2028 tuum
1965 1965 2027 2026 crit

399 2069 568 2131 conversio
592 2076 662 2148 tua,
693 2076 726 2133 et
755 2071 824 2154 ipse
853 2069 1072 2133 dominabitur
1102 2068 1170 2136 tui'
1230 2069 1273 2132 ut
1302 2092 1374 2133 cum
1405 2071 1470 2133 iarn
1501 2075 1613 2133 essent
1642 2067 1785 2132 moribus
1815 2069 1848 2131 in
1877 2068 2026 2152 legitima
2047 2097 2070 2133 rs

399 2172 626 2236 coniunctione
649 2174 767 2236 maturi
799 2181 832 2236 et
862 2181 1038 2258 provectae
1068 2175 1186 2238 aetatis
1210 2174 1378 2237 Abraham
1414 2181 1447 2237 et
1477 2173 1576 2236 Sarra
1600 2179 1646 2247 ct,
1679 2180 1715 2235 ut
1745 2179 1879 2235 sanctus
1907 2171 2025 2235 Petrus

399 2275 491 2339 dicit:
525 2269 653 2340 ι11111118
676 2276 854 2342 obediebat
873 2278 1025 2341 Abrahae
1050 2276 1216 2341 dominum
1239 2299 1313 2341 eum
1337 2275 1480 2354 vocans’,
1504 2276 1587 2340 dixit
1602 2275 1765 2340 Dominus
1791 2274 1832 2337 ad
1849 2275 2027 2352 Abraham,

399 2379 485 2462 quod
510 2386 606 2443 antea
630 2400 690 2443 nec
718 2380 780 2464 ipsi
809 2401 869 2443 nec
900 2381 963 2444 alio
994 2381 1116 2444 homini
1145 2382 1283 2464 legimus
1313 2381 1403 2444 illum
1434 2379 1571 2444 dixisse:
1603 2369 1764 2456 ι0111111119,
1795 2399 1879 2462 quae
1908 2376 2027 2441 dixerit

400 2482 457 2545 tibi
482 2482 590 2560 Sarra,
614 2481 690 2545 audi
714 2504 827 2547 vocem
854 2481 945 2549 eius‘
991 2484 1060 2547 Iam
1086 2485 1173 2547 enim
1197 2492 1230 2549 et
1252 2485 1420 2548 Abraham
1444 2483 1617 2569 presbyter
1640 2484 1757 2546 merito
1782 2482 1968 2558 vocabatur,
1994 2488 2027 2545 et

401 2585 590 2649 deiecerant
612 2585 796 2664 muliebria,
820 2587 853 2649 id
877 2595 928 2651 est
943 2589 1047 2652 omnis
1064 2590 1230 2652 lascivitas
1248 2587 1377 2666 Sarrae,
1401 2594 1433 2650 ct
1450 2595 1526 2650 tune
1544 2593 1744 2670 acceperunt
1766 2584 2027 2649 benedictionem
2047 2615 2073 2654 20

402 2691 534 2753 seminis
557 2689 720 2753 benedicti
746 2712 765 2753 a
789 2690 939 2769 Domino,
964 2693 996 2754 in
1021 2713 1084 2776 quo
1109 2690 1346 2754 benedicuntur
1369 2712 1482 2754 omnes
1506 2696 1634 2773 gentes.
1680 2689 1797 2752 Amen.

511 2792 572 2856 llis
596 2813 673 2876 ergo
697 2793 768 2856 fulti
795 2793 1042 2858 auctoritatibus
1072 2786 1152 2857 ‘in¹0
1174 2793 1402 2878 dispensandis
1425 2792 1488 2857 Dei
1513 2792 1629 2870 donis',
1661 2795 1716 2878 qui
1744 2794 1865 2857 abillo
1890 2791 2029 2855 ministri

403 2897 472 2959 eius
496 2917 608 2958 sumus
632 2895 671 2959 ad
695 2896 757 2958 boc
782 2898 962 2977 constituti,
985 2906 1021 2961 ut
1045 2898 1113 2962 Loo
1138 2899 1224 2974 dicit,
1249 2905 1325 2962 ‘non
1348 2898 1506 2961 debemus
1534 2919 1605 2961 esse
1622 2895 1780 2961 difficiles'
1805 2887 1901 2960 nec¹¹
1928 2895 2027 2959 devo-

402 3007 508 3062 torum
533 3000 708 3084 petitiones
733 3000 918 3085 negligere,
947 3003 1088 3066 maxime
1119 3005 1145 3065 si
1177 3005 1264 3088 ipsas
1292 3003 1469 3087 petitiones
1499 3001 1706 3065 evidentibus
1736 2999 1863 3063 indiciis
1888 3003 1942 3063 ‘ex
1969 2999 2030 3060 Dei

404 3102 578 3165 viderimus
603 3103 812 3188 inspiratione
837 3102 1038 3190 conceptas’3
1063 3107 1138 3191 quia
1161 3106 1335 3190 multiplex
1356 3104 1582 3168 misericordia
1598 3104 1660 3167 Dei
1685 3105 1730 3167 ita
1754 3104 1852 3167 saluti
1868 3102 2030 3165 humanae
2050 3135 2075 3172 25

403 3206 576 3268 subvenire
602 3204 757 3284 decrerit,
782 3213 818 3270 ut
840 3210 1015 3296 praecipue
1051 3210 1257 3273 sacerdotum
1288 3208 1580 3294 supplicationibus
1612 3208 1684 3293 ipsa
1714 3208 1803 3270 salus
1828 3207 1947 3270 debeat
1971 3205 2029 3268 ob-

404 3310 512 3372 tineri.
559 3308 621 3372 Oui
644 3311 745 3393 operi,
770 3311 859 3372 utin
884 3312 984 3376 sacris
1008 3313 1111 3377 literis
1136 3313 1290 3398 legimus,
1318 3314 1388 3398 ipse
1413 3313 1557 3376 salvator
1580 3311 1773 3386 intervenit,
1804 3329 2031 3393 necunquam

405 3413 446 3475 ab
471 3413 521 3475 bis
545 3413 650 3488 abest,
673 3434 756 3496 quae
780 3415 937 3478 ministris
963 3415 1030 3479 suis
1054 3415 1249 3500 exequenda
1272 3415 1432 3478 commisit
1455 3414 1584 3478 diceus:
1617 3405 1753 3478 ‘Flccc¹2
1778 3435 1842 3497 ego
1864 3413 2032 3476 vobiscum

406 3537 477 3578 sum
507 3516 656 3579 omnibus
687 3514 824 3581 diebus'
876 3517 919 3581 Et
949 3509 1121 3602 ι1110111114
1150 3540 1209 3604 per
1235 3519 1424 3582 servitutem
1448 3526 1593 3581 nostram
1618 3518 1702 3581 bono
1727 3517 1841 3581 ordine
1866 3523 1899 3580 et
1923 3522 2033 3600 gratu-

406 3617 503 3681 lando
527 3619 701 3703 implemus
726 3612 901 3700 affectu¹3',
927 3627 962 3684 ut
984 3621 1052 3685 Leo
1079 3621 1165 3701 dicit,
1189 3626 1264 3685 ‘nou
1291 3622 1493 3706 ambigamus
1516 3642 1575 3707 per
1592 3621 1748 3705 Spiritum
1766 3628 1914 3683 sanetum
1941 3618 2035 3683 nobis
2055 3649 2080 3687 so

408 3721 510 3785 luisse
535 3720 710 3786 donatum)
758 3721 800 3786 Et
823 3723 906 3803 ideo,
931 3723 1059 3804 fratres,
1084 3724 1237 3809 quoniam
1261 3726 1307 3788 ita
1330 3731 1380 3788 est
1403 3732 1437 3788 et
1460 3731 1572 3788 nostra
1596 3743 1654 3809 pro
1673 3723 1765 3787 vobis
1782 3723 1976 3786 ministratio
2003 3730 2037 3786 et

409 3832 514 3888 vestra
538 3847 617 3909 erga
641 3847 698 3889 nos
722 3827 893 3890 coniuncta
917 3826 1058 3906 devotio,
1083 3834 1119 3891 ut
1141 3850 1208 3893 una
1229 3828 1285 3891 fiat
1308 3827 1395 3913 apud
1413 3827 1589 3891 Dominum
1613 3827 1818 3911 supplicatio,
1844 3826 1927 3888 sieut
1952 3826 2034 3909 legi-

408 3919 526 4007 mus¹⁴,
556 3930 631 4013 quia
660 3928 700 3992 ad
724 3930 786 3993 hoc
811 3931 980 3993 constituti
1003 3936 1078 3993 sunt
1102 3930 1306 4004 sacerdotes,
1335 3938 1371 3993 ut
1394 3931 1483 4015 prius
1506 3951 1564 4015 pro
1588 3930 1670 4005 suis,
1701 3928 1817 3992 deinde
1841 3950 1898 4014 pro
1925 3927 2034 4014 populi

410 4036 502 4094 orent
525 4033 682 4116 peccatis,
708 4039 740 4096 ct
764 4026 914 4097 ‘oratio15
937 4033 1038 4098 fiebat
1060 4034 1131 4097 sine
1154 4035 1393 4098 intermissione
1417 4033 1458 4096 ad
1482 4032 1589 4096 Deum
1614 4054 1672 4117 pro
1696 4029 1817 4110 Petro’,
1848 4031 1878 4094 id
1904 4039 1953 4093 cst
1977 4052 2035 4115 pro

409 4135 495 4196 omni
519 4135 744 4221 episcoporum
769 4136 877 4214 choro,
901 4137 1070 4201 orantibus
1094 4136 1186 4200 nobis
1210 4159 1269 4223 pro
1287 4138 1448 4200 communi
1466 4143 1586 4213 nostra,
1615 4137 1711 4198 immo
1735 4156 1792 4218 pro
1809 4136 1908 4197 totius
1926 4136 2032 4197 eccle·
2055 4158 2080 4196 aa

411 4239 479 4300 siae
511 4257 548 4298 ae
579 4241 693 4324 populi
724 4240 921 4303 necessitate
950 4246 1049 4324 atque
1080 4241 1199 4320 salute,
1238 4260 1409 4303 commune
1445 4246 1552 4302 votum
1591 4240 1688 4302 etiam
1721 4245 1827 4301 vostra
1858 4237 2037 4300 communis

411 4346 628 4423 prosequatur
649 4343 753 4405 oratio
784 4342 870 4428 apud
898 4364 989 4425 eum,
1019 4336 1120 4429 ‘quiffi
1151 4344 1229 4408 lacit
1256 4343 1427 4407 unanimes
1460 4343 1607 4406 babitare
1639 4343 1671 4405 in
1699 4338 1804 4406 domo’
1836 4347 1868 4404 et
1896 4341 1974 4403 vivit
2006 4346 2040 4404 et

410 4448 527 4526 regnat
551 4443 582 4505 in
606 4445 718 4508 secula
741 4446 936 4511 seculorum.
982 4447 1098 4511 Amen.

521 4545 684 4611 Oratio:
718 4548 858 4613 Domine
875 4558 999 4628 sancte,
1023 4557 1117 4635 pater
1133 4551 1348 4636 omnipotens,
1372 4558 1506 4614 aeterne
1530 4548 1632 4630 Deus,
1657 4550 1710 4634 qui
1729 4555 1893 4634 potestate
1911 4547 2039 4610 virtutis

412 4657 488 4714 tuae
512 4649 552 4713 de
575 4651 677 4714 nihilo
702 4661 819 4716 cuncta
843 4653 951 4718 fecisti
977 4661 1009 4718 ct
1033 4654 1199 4739 dispositis
1223 4655 1443 4718 universitatis
1477 4653 1621 4716 exordiis
1644 4653 1766 4716 homini
1797 4652 1838 4715 ad
1863 4653 2038 4736 imaginem
2056 4677 2083 4713 ro

413 4761 502 4816 tuam
526 4753 610 4817 lacto
639 4755 858 4840 inseparabile
889 4757 1033 4821 mulieris
1064 4756 1260 4821 adiutorium
1291 4755 1461 4820 condidisti
1493 4777 1530 4820 ac
1560 4757 1702 4820 feminco
1734 4757 1862 4840 corpori
1891 4756 1931 4818 de
1956 4755 2040 4817 virili

414 4856 530 4919 dedisti
554 4878 651 4920 carne
674 4859 868 4944 principium
891 4860 1026 4940 docens,
1050 4861 1135 4946 quia,
1160 4860 1246 4946 quod
1270 4882 1312 4924 ex
1335 4881 1400 4924 uno
1424 4860 1548 4945 placuit
1570 4861 1629 4924 tibi
1653 4861 1794 4938 institui,
1820 4851 1919 4921 11011Π
1944 4860 2041 4921 liccat

414 4959 455 5022 ab
484 4961 614 5024 homine
646 4962 806 5046 separari,
839 4964 964 5049 respice
999 4966 1156 5050 propitius
1188 4987 1286 5051 super
1309 4965 1392 5028 hanc
1424 4964 1579 5028 famulam
1607 4973 1695 5028 tuam
1727 4964 1863 5027 maritali
1897 4964 2041 5042 iunctam
2103 4971 2107 4978 ’

415 5067 596 5142 consortio,
631 5087 715 5149 quae
740 5073 796 5130 tua
819 5089 854 5131 se
879 5069 1006 5154 expetit
1036 5071 1239 5156 protectione
1269 5071 1396 5134 muniri.
1448 5069 1497 5132 Sit
1524 5070 1556 5131 in
1589 5089 1629 5132 ca
1657 5069 1768 5152 iugum
1800 5066 1985 5130 dilectionis
2010 5073 2043 5129 et

415 5170 514 5252 pacis.
552 5169 674 5232 Fidelis
697 5177 729 5233 ct
751 5180 841 5234 easta
858 5173 960 5236 nubat
977 5173 1008 5234 in
1027 5172 1156 5236 Christo
1182 5175 1403 5259 imitatrixque
1423 5179 1609 5236 sanctarum
1627 5178 1818 5256 permaneat
1835 5171 2040 5233 feminarum.
2060 5194 2084 5232 a

527 5393 555 5457 4)
579 5389 740 5445 Hludoroieo
765 5394 818 5460 rapi
849 5393 993 5448 Neustriac
1026 5399 1050 5447 et
1078 5394 1181 5448 Karolo
1213 5397 1270 5464 rapi
1295 5396 1474 5464 Aquitaniae,¹
1504 5396 1554 5462 cfr.
1583 5395 1720 5448 Drlmmler
1743 5396 1760 5448 l.
1778 5410 1799 5447 c.
1818 5394 1874 5460 11²,
1902 5409 1931 5462 p.
1951 5395 1985 5448 38
2006 5409 2044 5461 sq.

416 5497 443 5560 5)
466 5494 559 5548 essa.
578 5496 672 5562 rara.
777 5499 804 5564 a)
825 5497 894 5552 raia.
917 5499 1011 5565 saar
1118 5501 1143 5566 1)
1163 5499 1235 5554 rsa.
1262 5502 1336 5566 3,]11.
1440 5503 1467 5566 s)
1494 5500 1515 5553 1.
1536 5499 1606 5552 Par.
1625 5501 1684 5566 aa
1790 5499 1816 5564 a)
1836 5497 1929 5551 aena.
1948 5499 2047 5564 arra

418 5599 461 5660 10)
482 5598 574 5665 Supra
591 5615 620 5666 p.
634 5600 700 5666 445,
721 5605 775 5654 act.
789 5602 829 5654 40.
936 5604 978 5668 11)
998 5603 1049 5668 Gsr.
1072 5602 1132 5656 ibid.
1157 5605 1204 5657 lia.
1225 5605 1257 5658 15
1270 5621 1307 5672 sq.
1413 5604 1457 5671 12)
1477 5604 1576 5656 Mattlr.
1597 5605 1691 5669 28,20.
1797 5605 1839 5668 13)
1859 5603 1959 5656 ellectu
1978 5603 2040 5656 Lea

419 5702 462 5766 11)
482 5701 534 5768 cvr.
554 5703 634 5755 Lair.
654 5705 678 5769 9,
689 5706 712 5763 r,
801 5707 844 5773 rs)
864 5707 921 5759 Aa.
939 5713 1022 5774 apos.
1044 5711 1083 5775 12,
1094 5713 1118 5763 5.
1208 5711 1251 5776 111)
1270 5709 1368 5762 uara.
1387 5709 1462 5776 aar.
1553 5710 1594 5774 11)
1614 5707 1670 5775 cfr.
1693 5708 1778 5762 Marc.
1801 5710 1841 5774 ro,
1853 5710 1877 5762 9.
