4590 6428
412 441 452 504 Ὦ
854 438 1064 495 HLUDOWIOI
1083 439 1131 494 PH
1150 438 1404 494 CAPITULARIA.
1425 471 1456 481 -
1476 441 1524 495 Nr.
1539 441 1596 496 194.

329 621 387 676 831.
408 612 573 692 volumus,
605 617 641 675 ut
668 611 730 676 hoc
754 614 958 678 consentiant
985 615 1092 700 patrui
1121 614 1221 700 ipsius
1251 615 1344 700 puori
1369 620 1402 678 et
1425 635 1562 699 regnare
1586 615 1777 700 permittant
1800 615 1901 680 filium
1926 615 2034 681 fratris

406 715 457 779 sui
484 714 516 778 in
545 735 584 780 eo
612 735 732 802 regno,
762 714 847 800 quod
874 723 968 804 pater
996 717 1085 795 eius,
1117 717 1217 781 frater
1241 737 1368 797 eorum,
1401 717 1527 784 habuit.
1573 717 1698 792 Quodsi
1721 720 1822 785 talem
1844 719 1946 785 filium
1969 742 2034 786 non

407 817 576 900 habuerit,
606 825 683 884 tunc
705 819 870 900 volumus,
901 825 938 883 ut
960 819 1016 884 illa
1038 842 1114 906 pars
1136 821 1245 905 regni,
1276 840 1372 905 quem
1395 820 1481 884 idem
1505 822 1664 904 habebat,
1689 822 1851 888 dividatur
1875 825 2035 909 equaliter

407 923 587 987 interillos
611 923 738 1005 fratres,
763 925 816 1009 qui
840 925 1034 1009 superstites
1058 933 1295 990 remanserunt.

515 1028 544 1092 2.
577 1019 724 1091 Placuit3
747 1028 845 1092 etiam
873 1027 958 1092 inter
980 1027 1145 1114 predictos
1169 1028 1253 1092 filios
1278 1034 1424 1094 statuere
1448 1035 1545 1114 atquc
1569 1029 1736 1115 precipere
1760 1036 1895 1116 propter
1917 1052 2034 1116 pacem
2066 1054 2077 1092 ι

408 1136 441 1194 et
469 1129 691 1211 concordiam,
722 1153 818 1217 quam
846 1131 932 1198 inter
962 1117 1018 1198 eos
1048 1139 1208 1219 perpetuo
1237 1154 1429 1220 permanere
1457 1133 1696 1214 desideramus,
1727 1140 1763 1198 ut
1791 1134 1899 1198 nullus
1924 1155 2035 1200 eorum

405 1234 514 1299 fratris
540 1236 591 1299 sui
618 1236 773 1301 terminos
796 1234 849 1299 vel
876 1236 969 1320 regni
995 1237 1115 1301 limites
1138 1236 1293 1301 invadere
1316 1243 1506 1322 praesumat
1529 1257 1636 1321 neque
1659 1237 1884 1303 fraudulenter
1909 1239 2036 1325 ingredi

406 1338 448 1402 ad
471 1338 729 1404 conturbandum
753 1361 891 1426 regnum
914 1341 983 1406 eius
1000 1341 1052 1406 vol
1075 1363 1202 1407 marcas
1226 1341 1431 1420 minuendas,
1455 1341 1511 1406 scd
1536 1342 1644 1427 potius
1662 1340 1793 1405 adiuvet
1809 1345 2035 1429 unusquisque

404 1442 533 1507 illorum
562 1443 696 1508 fratrem
728 1464 838 1522 suum,
870 1449 967 1528 prout
995 1445 1150 1531 temporis
1182 1447 1384 1531 oportunitas
1412 1445 1614 1530 permiserit,
1648 1450 1681 1508 et
1707 1445 1867 1510 auxilium
1891 1448 1923 1512 ei
1952 1446 2036 1512 ferat

363 1565 365 1568 ·
406 1553 519 1612 contra
541 1549 689 1614 inimicos
714 1548 785 1614 eius
810 1549 902 1613 iuxta
925 1551 1085 1615 rationem
1109 1557 1141 1614 et
1164 1551 1430 1637 possibilitatem.
2052 1572 2077 1612 ιο

514 1653 542 1717 3.
575 1643 665 1718 Nec⁴
693 1653 812 1738 aliquis
840 1652 989 1717 illoruml
1012 1654 1177 1718 hominem
1199 1653 1310 1717 fratris
1338 1654 1389 1718 sui
1417 1675 1475 1740 pro
1500 1651 1702 1738 quibuslibet
1725 1653 1833 1717 causis
1857 1653 1910 1718 vel
1932 1653 2036 1739 culpis

404 1753 504 1820 adse
527 1755 769 1840 confugientem
793 1757 952 1842 suscipiat
975 1756 1016 1820 ad
1040 1757 1311 1821 intercessionem
1334 1778 1393 1843 pro
1418 1778 1457 1822 eo
1480 1755 1681 1836 faciendam,
1713 1757 1788 1841 quia
1809 1758 1978 1837 volumus,
2000 1763 2037 1821 ut

404 1859 542 1944 quilibet
572 1859 668 1924 homo
698 1881 840 1946 peccans
870 1865 904 1925 et
931 1860 1201 1926 intercessionem
1232 1859 1381 1945 indigens
1410 1861 1494 1925 intra
1521 1881 1657 1945 regnum
1689 1859 1813 1925 domini
1841 1861 1891 1924 sui
1913 1862 1967 1926 vel
1995 1860 2035 1925 ad

402 1962 477 2028 loca
499 1969 613 2028 sancta
628 1963 681 2029 vel
699 1963 740 2028 ad
757 1962 930 2029 honoratos
947 1964 1096 2030 homines
1114 1965 1282 2049 confugiat
1298 1971 1331 2029 et
1348 1964 1423 2029 inde
1439 1966 1557 2030 iustam
1574 1965 1843 2030 intercessionem
1859 1971 2035 2032 mereatur.

512 2073 542 2132 4.
578 2061 757 2134 Similiter5
786 2069 1002 2156 precipimus,
1035 2077 1071 2134 ut
1098 2071 1280 2156 quemlibet
1308 2071 1481 2150 liberum⁰,
1515 2069 1568 2154 qui
1600 2068 1766 2133 dominum
1797 2090 1891 2133 suum
1923 2075 2035 2134 contra
2054 2089 2078 2130 ιι

403 2173 604 2239 voluntatem
628 2173 698 2237 eius
722 2172 883 2239 dimiserit
906 2179 939 2238 et
961 2172 1002 2239 de
1031 2194 1095 2236 uno
1119 2195 1221 2258 regno
1249 2174 1280 2238 in
1304 2172 1393 2238 aliud
1415 2172 1583 2259 profectus
1607 2172 1723 2252 fuerit,
1751 2191 1858 2258 neque
1881 2173 1951 2258 ipse
1975 2193 2035 2238 rex

404 2277 560 2363 suscipiat
590 2296 697 2361 neque
725 2275 909 2340 hominibus
939 2277 1007 2341 suis
1037 2277 1238 2354 consentiat,
1272 2285 1308 2341 ut
1336 2277 1435 2341 talem
1463 2277 1628 2341 hominem
1657 2277 1817 2362 recipiant
1839 2277 1892 2342 vel
1915 2277 2034 2341 iniuste

402 2379 545 2445 retinere
567 2387 771 2466 presumant;
800 2401 861 2445 nec
885 2401 949 2444 non
972 2381 1076 2445 solum
1098 2381 1138 2444 de
1154 2381 1293 2460 liberis⁰,
1320 2387 1371 2446 set
1395 2382 1493 2446 etiam
1518 2380 1558 2445 de
1576 2381 1680 2445 servis
1697 2381 1843 2466 fugitivis
1862 2381 2034 2446 statuimus

402 2482 651 2565 observandum,
674 2489 710 2547 ut
733 2485 823 2549 nulla
845 2474 1014 2548 discordiis
1037 2484 1240 2571 relinquatur
1260 2484 1415 2552 occasiof.
1460 2477 1524 2548 Etl
1547 2485 1608 2548 hoc
1633 2485 1841 2571 precipimus,
1864 2490 1901 2548 ut
1924 2485 2033 2549 nullus

403 2607 446 2651 ex
478 2587 507 2652 is
540 2586 643 2652 tribus
674 2587 828 2676 fratribus
861 2588 956 2653 nobis
986 2588 1019 2652 in
1048 2609 1183 2674 corpore
1214 2589 1469 2654 consistentibus
1499 2589 1550 2653 vel
1580 2594 1749 2653 nostrum8
1776 2589 1829 2652 vel
1860 2587 2078 2652 cuiuslibetac

402 2690 537 2756 alterius
561 2691 724 2756 hominem
748 2699 988 2757 sacramentum
1013 2692 1181 2759 fidelitatis
1205 2692 1267 2758 sibi
1290 2693 1479 2779 promittere
1503 2693 1604 2758 faciat
1627 2700 1661 2758 et
1683 2715 1742 2780 per
1765 2693 1828 2757 hoc
1852 2714 1926 2758 eum
1943 2691 1993 2756 vel
2015 2713 2035 2756 a

401 2793 496 2859 nobis
519 2795 571 2859 vel
594 2794 636 2860 ab
660 2795 764 2860 altero
788 2794 918 2860 domino
942 2816 1000 2859 suo
1024 2818 1084 2882 per
1106 2796 1270 2860 uiusmodi
1295 2803 1537 2861 sacramentum
1563 2802 1691 2861 avertat
1715 2802 1748 2861 et
1772 2796 1811 2861 ad
1837 2817 1872 2861 se
1895 2795 2034 2861 adtraat.

510 2901 541 2964 5.
576 2892 824 2984 Quapropter-¹¹7
845 2900 1113 2986 praecipiendum
1136 2900 1230 2965 nobis
1250 2901 1388 2981 videtur,
1412 2907 1448 2964 ut
1472 2908 1545 2987 post
1567 2907 1714 2965 nostrum
1739 2922 1782 2967 ex
1805 2900 1866 2965 hac
1889 2900 2034 2965 mortali-

401 3005 470 3066 tate
486 3002 668 3068 discessum
685 3002 836 3067 homines
852 3004 1106 3089 uniuscuiusque
1125 3027 1237 3069 eorum
1259 3006 1423 3090 accipiant
1441 3004 1610 3084 beneficia,
1634 3005 1859 3089 unusquisque
1880 3005 1913 3068 in
1934 3024 2035 3088 regno

398 3103 520 3170 domini
547 3107 597 3172 sui
626 3111 658 3170 et
685 3128 751 3171 non
774 3106 926 3187 alterius,
956 3129 998 3170 ne
1022 3106 1151 3193 quando
1175 3130 1234 3193 per
1256 3107 1335 3189 hoc,
1366 3109 1392 3171 si
1420 3108 1517 3173 aliter
1538 3108 1653 3188 fuerit,
1686 3107 1877 3172 scandalum
1900 3105 2032 3192 aliquod
2052 3131 2077 3174 ιι

397 3209 501 3294 possit
522 3209 681 3275 accidere.
719 3209 924 3276 Ereditatem
948 3217 1058 3275 autem
1083 3232 1175 3275 suam
1199 3210 1320 3276 habeat
1336 3212 1558 3297 unusquisque
1575 3211 1742 3275 hominum
1761 3212 1890 3276 illorum
1906 3210 2030 3297 absque

398 3311 667 3395 contradictione,
690 3313 724 3377 in
748 3336 953 3400 quocumque
977 3313 1094 3400 regnoi
1116 3314 1179 3379 hoc
1203 3335 1278 3379 eum
1302 3315 1448 3400 legitime
1471 3314 1595 3380 habere
1621 3315 1824 3400 contigeritk.

505 3420 536 3482 6.
569 3409 632 3481 Et8
661 3418 887 3503 unusquisque
914 3417 1000 3483 liber
1028 3419 1125 3483 homo
1158 3425 1230 3505 post
1259 3425 1397 3483 mortem
1427 3418 1548 3482 domini
1578 3419 1628 3483 sui
1657 3419 1824 3483 licentiam
1847 3418 1969 3484 habeat
1993 3440 2029 3484 se

397 3521 690 3588 commendandum
713 3523 798 3588 inter
820 3522 902 3588 haec
926 3525 988 3588 tria
1011 3545 1113 3610 regna
1136 3524 1178 3588 ad
1202 3544 1438 3610 quemcumque
1463 3523 1618 3596 voluerit;
1655 3522 1805 3586 similiter
1828 3527 1861 3587 et
1882 3523 1948 3602 ille,
1973 3522 2028 3608 qui

397 3625 542 3691 nondum
565 3626 662 3691 alicui
684 3626 931 3692 commendatus
956 3635 1016 3693 est.
2047 3649 2074 3688 ιο

505 3732 534 3794 7.
567 3722 640 3796 Del
664 3731 894 3796 traditionibus
924 3738 1033 3797 autem
1063 3732 1169 3817 adque
1194 3730 1451 3808 venditionibus,
1482 3751 1545 3816 que
1570 3730 1655 3794 inter
1678 3735 1790 3816 partes
1814 3729 1885 3794 fieri
1910 3729 2028 3808 solent,

396 3834 610 3920 precipimus,
644 3843 681 3900 nt
711 3837 819 3901 nullus
847 3856 890 3899 ex
917 3837 944 3900 is
974 3836 1078 3900 tribus
1105 3835 1261 3899 fratribus
1292 3834 1450 3921 suscipiat
1479 3834 1519 3898 de
1548 3854 1649 3919 regno
1675 3835 1810 3898 alterius
1841 3832 2029 3916 aquolibet

396 3937 527 4002 homine
550 3938 725 4005 traditione
748 3941 801 4004 vel
825 3940 1013 4006 venditione
1037 3939 1085 4004 rei
1108 3939 1300 4018 immobilis,
1335 3937 1396 4002 hoc
1420 3945 1488 4002 ost:
1520 3944 1698 4013 terrarum,
1728 3937 1897 4002 vinearum
1921 3935 2027 4022 adque

397 4041 552 4105 silvarum
575 4061 817 4130 servorumque,
842 4045 896 4130 qui
921 4045 985 4108 iam
1009 4043 1109 4108 casati
1133 4049 1218 4124 sunt,
1247 4042 1316 4107 sive
1341 4048 1524 4107 ceterarum
1548 4062 1666 4121 rerum,
1691 4061 1753 4125 que
1778 4039 1945 4105 ereditatis
1968 4062 2027 4104 no-

395 4144 483 4210 mine
507 4153 691 4228 censentur,
715 4152 834 4233 exepto
859 4169 956 4228 auro,
980 4154 1116 4234 argento
1141 4153 1174 4210 ct
1195 4147 1351 4232 gemmis,
1375 4146 1473 4210 armis
1498 4144 1706 4210 screatibus
1730 4165 1855 4208 necnon
1880 4151 1912 4208 et
1935 4166 2027 4209 man·
2046 4174 2072 4216 ιι

396 4247 488 4334 cipiis
511 4269 576 4313 non
599 4249 720 4315 casatis
744 4257 777 4315 et
801 4251 828 4315 is
853 4251 1037 4336 speciebus,
1061 4272 1123 4337 que
1148 4251 1279 4336 proprie
1303 4249 1344 4312 ad
1367 4248 1628 4334 negotiatoribus
1652 4247 1818 4333 pertinere
1838 4255 2036 4314 noscuntur.¹

396 4349 523 4417 Ceteris
546 4373 624 4418 vero
648 4352 778 4420 liberise
802 4354 987 4420 hominibus
1011 4355 1074 4419 hoc
1097 4337 1229 4418 minime
1253 4351 1513 4418 interdicendum
1537 4351 1728 4417 iudicamus.

504 4459 533 4523 8.
568 4449 639 4522 Si1⁰
661 4463 770 4523 autem
798 4459 935 4540 femine,
968 4461 1052 4524 sicut
1082 4457 1152 4522 fieri
1181 4459 1283 4537 solet,
1314 4455 1399 4521 inter
1423 4463 1533 4542 partes
1558 4461 1591 4521 et
1614 4476 1717 4541 regna
1739 4455 1884 4542 legitime
1907 4456 2029 4520 fuerint

395 4559 438 4624 ad
465 4561 650 4646 coniugium
682 4562 860 4648 postulate,
894 4584 960 4627 non
988 4560 1194 4646 denegentur
1223 4562 1308 4625 iuste
1335 4560 1563 4647 poscentibus,
1599 4565 1650 4624 set
1672 4559 1772 4624 liceat
1802 4581 1858 4625 eas
1882 4559 2026 4623 vicissim

396 4662 474 4729 dare
503 4670 536 4728 et
565 4665 716 4751 accipere
746 4671 780 4730 et
802 4665 1025 4731 adfinitatibus
1049 4666 1187 4751 populos
1211 4668 1354 4728 intense
1377 4664 1514 4729 sociare.
1560 4663 1637 4750 Ipse
1661 4682 1739 4728 vero
1764 4662 1905 4728 feminae
1930 4668 2023 4748 pote·
2041 4691 2068 4730 m

396 4772 514 4831 statem
542 4767 687 4833 habeant
715 4790 824 4834 rerum
855 4791 986 4834 suarum
1016 4770 1050 4835 in
1078 4789 1195 4854 regno,
1227 4766 1313 4832 unde
1338 4766 1495 4846 exierint,
1526 4787 1723 4853 quamquam
1746 4767 1779 4831 in
1803 4767 1866 4831 alio
1891 4772 2025 4853 propter

395 4870 502 4934 mariti
525 4871 715 4936 societatem
738 4870 886 4938 habitare
910 4872 1063 4937 debeant.

502 4976 532 5038 9.
565 4967 652 5040 De¹¹
677 4976 853 5042 obsedibus
878 4983 1004 5056 autem,
1036 4977 1090 5063 qui
1113 4983 1248 5062 propter
1271 4976 1454 5041 credentias
1479 4976 1546 5040 dati
1571 4977 1705 5040 suntet
1731 4995 1751 5037 a
1774 4972 1868 5038 nobis
1891 4994 1951 5058 per
1975 4971 2024 5036 di-

394 5099 489 5144 versa
511 5079 585 5143 loca
607 5079 648 5144 ad
672 5080 920 5146 custodiendum
943 5081 1097 5146 destinati
1122 5087 1206 5162 sunt,
1234 5081 1394 5160 volumus,
1417 5087 1454 5145 ut
1476 5081 1531 5146 ille
1556 5101 1625 5159 rex,
1649 5079 1683 5143 in
1707 5079 1798 5143 cuius
1820 5098 1922 5162 regno
1941 5083 2025 5158 sunt,

498 5285 525 5352 d)
544 5286 580 5337 ito
597 5301 632 5349 e.,·
651 5287 734 5338 ullum
751 5287 872 5339 editiones
890 5287 1039 5340 anteriores.
1144 5287 1169 5353 e)
1195 5288 1250 5339 cod.
1269 5296 1321 5338 tom
1339 5287 1386 5340 boe
1404 5289 1458 5340 loco
1476 5305 1554 5354 quom
1572 5287 1646 5355 infra
1664 5288 1692 5338 im
1710 5287 1757 5338 lvoc
1775 5287 1857 5353 capite
1879 5294 1902 5338 cl
1925 5287 1952 5336 ia
1971 5287 2027 5354 fiae
2045 5309 2070 5350 45

395 5373 486 5440 capitia
498 5370 523 5423 7.·
540 5372 614 5424 illum
626 5380 649 5425 et
660 5373 718 5425 illis.
797 5373 1011 5440 anicquamc.
1087 5373 1116 5442 g)
1135 5381 1255 5427 nostroe.
1333 5371 1362 5442 h)
1380 5376 1490 5441 qualiter
1502 5391 1522 5426 c.
1598 5371 1619 5439 i)
1637 5391 1686 5426 om.
1699 5389 1719 5425 c.
1790 5372 1819 5438 lr)
1838 5373 1987 5440 cognoverit
2004 5390 2024 5423 c.

498 5559 526 5628 3)
545 5559 646 5615 Karoli
661 5558 754 5613 divisio
770 5574 791 5614 e.
802 5560 826 5628 6,
841 5575 871 5629 p.
885 5558 943 5614 128.
1040 5558 1068 5626 4)
1089 5558 1106 5612 1
1111 5557 1192 5612 bilem
1210 5574 1232 5613 e.
1244 5560 1268 5614 7.
1355 5561 1383 5628 b)
1401 5558 1507 5614 Ibidem
1524 5575 1545 5615 c.
1559 5561 1583 5615 8.
1671 5561 1698 5628 6)
1719 5558 1835 5627 Reliqua
1853 5558 1935 5612 tacitis
1952 5558 2025 5627 cepi-

395 5664 448 5719 luli
460 5680 528 5734 pare
544 5681 599 5719 mon
612 5663 741 5719 aarum
753 5661 998 5718 Karolidicisr'ome.
1069 5661 1096 5732 7)
1115 5661 1214 5716 Karoli
1230 5661 1323 5718 dimac
1339 5679 1361 5717 c.
1374 5664 1399 5720 9.
1469 5664 1497 5732 8)
1517 5661 1623 5718 Ibidem
1639 5679 1660 5719 c.
1672 5665 1712 5720 10.
1783 5663 1810 5730 9)
1830 5661 2025 5718 lucaman.

399 5770 441 5840 10)
462 5768 565 5826 Ibidem
582 5785 603 5826 e.
616 5767 656 5838 12,
670 5767 769 5838 μ129.
858 5769 903 5836 ll)
923 5765 1025 5823 Ibidem
1043 5783 1064 5822 c.
1078 5767 1118 5822 13.
