4634 6436
469 424 510 488 88
881 421 1129 478 CAPITULARIA
1147 421 1358 477 Houoowlol
1377 422 1411 475 ll.
1431 449 1463 458 -—
1482 421 1531 474 Nr.
1543 421 1603 474 213.
1621 420 1681 475 214.

388 603 449 660 855.
469 613 567 658 casus
592 592 711 679 exigit,
733 599 771 659 ut
791 615 873 680 pons
896 594 1026 660 noviter
1047 594 1121 674 fiat,
1146 594 1310 674 uolumus,
1340 599 1377 656 ut
1400 593 1562 658 communi
1585 613 1686 679 opera
1709 592 1809 658 totius
1832 592 1947 679 populi
1971 593 2094 657 circum

468 695 647 762 habitantis
670 697 715 762 ibi
739 718 822 783 pons
846 703 1063 763 construatur.

577 816 658 905 Gap.
681 820 711 882 9.
747 817 832 892 Quia
853 817 1097 884 racionabiliter
1118 818 1152 882 in
1171 817 1307 902 singulis
1329 817 1514 881 civitatibus
1531 816 1751 901 cognovimus,
1774 815 1860 881 unde
1876 816 1969 880 missi
1986 820 2092 880 trans-

467 926 583 986 euntes
606 920 659 986 vel
688 921 852 1008 stipendia
874 921 927 986 vel
955 919 1175 1007 paravaredos
1199 921 1397 1004 acciperent,
1431 925 1465 984 ct
1487 939 1574 983 nunc
1598 939 1710 984 eorum
1733 919 1920 984 temeritate
1936 919 2091 984 violatum

470 1028 531 1104 est,
555 1023 673 1110 quibua
697 1024 770 1111 ipsa
794 1025 868 1090 loca
890 1024 1066 1088 commissa
1088 1028 1173 1102 sunt,
1197 1028 1231 1086 et
1253 1021 1294 1086 ab
1312 1021 1425 1086 ordino
1450 1043 1508 1086 suo
1532 1043 1585 1086 res
1608 1021 1649 1086 ad
1672 1022 1735 1086 hoc
1751 1022 1929 1108 deputatae
1951 1021 1992 1086 ad
2011 1022 2093 1087 alios
2125 1046 2137 1085 ι

468 1149 546 1194 usus
570 1133 816 1208 convertuntur,
844 1127 1059 1215 precipimus,
1083 1133 1119 1190 ut
1142 1126 1235 1190 iuxta
1257 1123 1416 1212 priorum¹
1439 1111 1733 1211 dis'positionem17,
1763 1124 1851 1190 unde
1874 1123 2038 1212 stipendia
2061 1132 2095 1190 et

469 1230 689 1319 paravaredos
713 1232 848 1317 exigere
872 1238 1126 1311 consueverant,
1158 1230 1235 1296 indo
1264 1230 1398 1315 exigant
1429 1235 1462 1295 et
1489 1230 1676 1296 nullatenus
1701 1229 1743 1296 ad
1765 1231 1850 1296 alios
1872 1251 1951 1294 usus
1975 1251 2028 1295 res
2051 1228 2093 1294 ad

467 1335 531 1400 hoc
554 1334 731 1421 deputatae
753 1335 822 1400 ullo
845 1333 941 1399 modo
964 1341 1225 1421 retorqueantur.

578 1453 660 1541 Cap.
688 1458 735 1518 10.
770 1453 879 1534 Haeo,
911 1475 995 1541 quae
1025 1455 1176 1541 superius
1207 1460 1319 1518 nostro
1351 1454 1547 1518 auctoritate
1577 1451 1705 1538 agenda
1736 1460 1769 1518 et
1800 1453 2006 1518 observanda
2034 1451 2091 1518 de-

470 1560 640 1642 crevimus,
667 1558 861 1624 omnimodis
885 1559 926 1624 ab
945 1559 1095 1624 omnibus
1119 1559 1239 1625 nostris
1262 1556 1414 1631 fidelibus
1439 1578 1511 1621 oum
1535 1577 1661 1621 summa
1684 1557 1869 1622 reverentia
1889 1554 2093 1620 observanda
2112 1580 2137 1619 ro

469 1662 682 1748 precipimus;
712 1683 819 1749 neque
849 1663 1004 1750 patimur,
1034 1668 1070 1728 ut
1098 1669 1210 1728 nostra
1232 1661 1402 1748 dispositio
1430 1661 1464 1725 in
1487 1661 1596 1746 aliquo
1619 1661 1739 1725 titubet
1761 1667 1818 1725 aut
1845 1679 2092 1745 oquocumque

466 1765 736 1852 parvipendatur,
759 1766 820 1832 hoc
844 1767 994 1834 omnibus
1016 1767 1259 1846 denuntiantes,
1283 1767 1370 1852 quia,
1394 1765 1588 1852 quicumque
1610 1763 1661 1827 bis
1679 1765 1841 1829 contraire
1859 1761 2093 1850 presumpserit

467 1875 524 1934 aut
551 1875 682 1936 nostrae
708 1869 930 1956 dispositionis
959 1868 1105 1936 ordinem
1132 1892 1197 1935 nou
1222 1869 1412 1936 custodierit
1435 1874 1469 1933 et
1492 1891 1511 1932 a
1533 1867 1627 1932 nobis
1652 1868 1828 1933 constituta
1850 1874 2012 1932 temerare
2036 1870 2092 1929 aut

467 1972 644 2058 neglegere
672 1975 923 2060 presumpserit,
954 1975 981 2038 si
1005 1974 1219 2040 ecclesiastici
1251 1980 1300 2040 est
1328 1972 1467 2052 ordinis,
1498 1970 1678 2038 secuudum
1702 1971 1823 2057 proprii
1850 1970 1970 2055 gradus
1994 1969 2090 2034 disci-

468 2075 589 2163 plinam
613 2076 856 2159 cohercebitur,
887 2077 914 2141 si
937 2083 1047 2144 autem
1071 2085 1104 2142 et
1132 2077 1289 2144 secularis
1312 2076 1458 2142 muneris
1481 2074 1723 2140 administrator
1745 2081 1809 2156 est,
1839 2081 1952 2140 nostra
1974 2095 2010 2139 se
2035 2095 2092 2138 no·
2111 2097 2136 2135 ιι

468 2179 551 2244 verit
573 2179 854 2247 animadversione
877 2180 1097 2268 plectendum.

569 2384 591 2452 l)
608 2387 718 2455 priorem
735 2403 802 2439 corr.
820 2388 935 2455 priorum
952 2404 973 2439 c.

572 2571 616 2640 17)
636 2571 742 2627 Ibidem
762 2588 783 2627 a.
801 2574 834 2640 6,·
860 2571 1008 2643 Responsio
1024 2573 1089 2640 826,
1111 2577 1170 2626 tom.
1188 2571 1216 2640 Ι,
1234 2588 1263 2640 p.
1281 2570 1343 2639 315,
1369 2586 1390 2624 c.
1404 2569 1452 2636 10,·
1475 2569 1630 2624 Adamaitio
1646 2571 1797 2640 823-825,
1820 2572 1837 2626 l.
1851 2587 1873 2626 a.
1887 2587 1917 2640 p.
1929 2571 1993 2640 306,
2011 2587 2032 2626 c.
2047 2571 2095 2638 19,Ι

469 2674 537 2745 Gap.
554 2675 625 2730 mas.
638 2675 698 2746 802,
716 2676 733 2730 l.
748 2691 769 2731 c.
784 2693 815 2746 p.
827 2677 869 2746 96,
887 2691 909 2731 a.
921 2676 971 2744 aa·
989 2674 1054 2744 Cap.
1065 2673 1097 2730 de
1108 2675 1176 2730 vittis
1187 2676 1246 2744 800,
1264 2675 1282 2729 l.
1294 2689 1315 2728 c.
1329 2689 1359 2742 p.
1373 2674 1416 2742 85,
1432 2689 1452 2727 c.
1466 2671 1509 2727 27.

467 3222 562 3328 214.
603 3217 1088 3329 HLUDOWICI
1118 3216 1189 3327 Π.
1223 3216 1627 3327 CAPITULA
1658 3216 2138 3327 ΡΑΡΙΕΝΕΙΑ,0

934 3372 1031 3482 IN
1070 3371 1362 3484 LEGEM
1402 3373 1628 3483 DATA.

1141 3552 1240 3636 855.
1266 3561 1335 3636 lul.
1355 3559 1415 3635 10.

575 3726 751 3825 Capena,
782 3763 864 3826 qaae
891 3747 1081 3826 sequantur,
1112 3742 1326 3810 Hiadowiaes
1346 3744 1394 3808 II.
1423 3744 1471 3809 bis
1493 3743 1728 3826 promulgavit:
1755 3744 1864 3825 primo
1890 3765 1921 3810 a.
1946 3748 2020 3812 855.
2042 3745 2094 3810 dea

465 3853 517 3914 20.
541 3847 657 3912 massis
678 3844 774 3924 Iulii,
805 3845 917 3911 deinde
943 3846 1059 3911 maissa
1082 3847 1286 3929 praefatione
1314 3868 1383 3911 aaa
1409 3869 1481 3911 cam
1508 3847 1687 3928 insequenti
1712 3846 1895 3928 capitulari.
1940 3848 2093 3914 Formam

463 3950 644 4034 parainam,
666 3967 731 4030 qao
752 3948 804 4013 bie
819 3948 990 4029 prodeant,
1007 3949 1136 4033 praebet
1162 3949 1194 4032 1)
1217 3950 1282 4014 aad.
1301 3948 1494 4032 Groelserbyt.
1511 3950 1595 4015 later
1608 3949 1843 4033 Blanbeobarq.
1860 3955 1919 4017 130
1933 3951 1988 4033 fol.
2005 3955 2090 4032 131',
2109 3983 2135 4022 ιι

464 4053 521 4135 qai
550 4052 634 4116 ieter
655 4050 892 4133 praefationes
919 4055 949 4115 et
974 4073 1000 4118 c.
1021 4056 1046 4115 l.
1074 4051 1188 4116 inserit
1214 4052 1392 4116 mancam
1430 4051 1515 4117 Item
1540 4059 1665 4118 statuta
1687 4053 1799 4119 domni
1821 4054 2009 4121 Hludowici
2032 4077 2090 4143 pro

467 4157 543 4242 lege
566 4156 686 4242 posita3
709 4154 843 4220 αῐίιναηι
864 4154 899 4242 2)
922 4155 988 4220 cod.
1012 4155 1120 4220 Paris.
1137 4159 1220 4220 4613
1243 4154 1296 4237 fat.
1313 4158 1383 4220 97¹.
1428 4153 1514 4241 (σίν.
1542 4155 1619 4238 cap.
1642 4157 1757 4242 iraseq.)

573 4257 629 4324 Ea
644 4258 850 4340 praefatiaae
871 4263 1005 4341 apparet
1026 4259 1170 4342 capania
1191 4264 1302 4326 nostra
1323 4261 1369 4325 ‘ia
1391 4259 1485 4343 lapan
1506 4260 1592 4326 data’
1614 4282 1688 4326 esse.

1600 4363 1659 4448 (B.
1675 4365 1724 4444 II,
1741 4366 1820 4444 349;
1841 4365 1880 4433 P.
1897 4369 1987 4449 436.)

568 4537 616 4651 Io
643 4587 774 4652 nomine
804 4592 937 4653 sanctae
966 4593 1000 4653 et
1027 4586 1214 4654 individuae
1242 4588 1410 4655 trinitatis.
1455 4587 1667 4653 Hludowicus
1689 4590 1796 4674 gratia
1818 4590 1883 4656 Dei
1913 4592 2135 4679 imperatorio

466 4695 636 4776 augustus.
686 4690 773 4755 Dum
806 4690 891 4756 enim
924 4711 1065 4778 superno
1096 4696 1177 4755 nutu
1207 4712 1281 4756 cum
1310 4691 1462 4757 fidelibus
1495 4693 1612 4757 nostris
1645 4698 1840 4760 conventum
1869 4695 1973 4782 Papia
2000 4697 2093 4782 regia

468 4793 600 4859 civitate
631 4792 878 4874 habuissemus,
912 4794 1062 4880 pervenit
1095 4792 1138 4858 ad
1166 4814 1242 4876 nos,
1276 4794 1431 4879 qualiter,
1468 4793 1545 4858 dum
1575 4793 1674 4880 aliqui
1705 4796 1854 4863 homiues
1884 4819 1977 4863 suam
2008 4799 2093 4863 inira

464 4917 601 4982 rognum
631 4916 770 4983 querere
800 4902 961 4962 conantur
988 4897 1165 4978 iustitiam,
1198 4917 1218 4960 a
1245 4896 1444 4982 quorundam
1475 4917 1650 4983 pravorum
1678 4898 1845 4965 bominum
1874 4901 2001 4967 insidiis
2029 4903 2091 4967 im-

464 4999 649 5085 pediantur,
671 5001 718 5066 ita
739 5005 777 5065 ut
798 5021 859 5086 por
881 5021 918 5065 se
941 5007 998 5066 aut
1020 5020 1080 5086 per
1102 5000 1183 5064 alios
1208 5000 1388 5067 submissos
1413 5020 1469 5065 eos
1489 4999 1531 5065 od
1546 5002 1717 5067 servitium
1733 5010 1900 5088 quaerant,
1924 5006 1993 5070 sive
2016 5005 2091 5071 illos

465 5102 534 5168 sive
564 5122 646 5188 quos
675 5101 717 5168 ad
747 5103 970 5168 testImonium
999 5102 1180 5190 producere
1208 5103 1327 5184 velint,
1358 5110 1396 5169 ut
1422 5103 1484 5168 sub
1513 5103 1571 5168 tali
1600 5106 1771 5172 occasione
1800 5129 1892 5172 suam
1919 5109 2089 5195 percipere
2109 5135 2133 5176 ιι

464 5225 530 5269 uon
552 5205 686 5270 valeant
711 5205 882 5271 iustitiam.
928 5205 1001 5280 Qua
1028 5225 1088 5291 pro
1116 5226 1169 5285 rc,
1200 5211 1236 5269 ut
1259 5205 1359 5270 talem
1385 5226 1608 5272 resecaremus
1631 5209 1826 5293 nequitiam,
1858 5209 1922 5274 duo
1946 5213 2092 5299 capitula

464 5307 549 5373 inira
572 5329 710 5394 regnum
734 5315 881 5374 nostrum
899 5308 1049 5374 Italicum
1071 5309 1191 5395 populo
1215 5309 1427 5373 commoranti
1451 5309 1485 5373 in
1507 5304 1729 5395 legamdare1
1752 5313 1982 5399 praevidimus,
2006 5337 2092 5380 anno

464 5411 592 5498 imperii
620 5411 732 5477 domni
761 5417 794 5476 et
821 5411 977 5497 genitoris
1007 5413 1111 5476 nostri
1138 5411 1303 5477 Hlotharii
1331 5412 1377 5497 pii
1406 5412 1611 5499 imperatoris
1640 5414 1810 5500 trigesimo
1840 5423 1949 5500 sexto,
1980 5425 2091 5483 nostro

464 5516 564 5582 etiam
588 5521 692 5598 sexto,
716 5515 814 5584 XIII.
829 5515 904 5583 Kal.
921 5515 1007 5601 Aug.
1032 5515 1093 5581 sub
1117 5515 1281 5582 indicione
1297 5514 1359 5582 ΠΙ.

567 5705 593 5775 l)
623 5701 677 5770 Gfr.
705 5703 848 5773 Raetias,
875 5704 1002 5775 Baitios
1026 5719 1049 5760 a.
1073 5701 1340 5771 Capitrdariealtritit
1360 5719 1390 5773 p.
1409 5705 1445 5759 30
1461 5719 1532 5774 sqq,
1553 5720 1582 5772 p.
1600 5704 1634 5760 51
1652 5721 1706 5775 sqq.
2108 5721 2135 5762 to
