4568 6420
419 445 482 504 514
623 439 865 494 WALAI'ItlDUS
885 440 931 493 Ill]
949 437 1120 493 EXORDIIS
1139 438 1187 492 ΕΤ
1207 437 1457 493 INGREMEN'I'IS
1476 439 1556 493 ΗΕΒ.
1576 439 1670 494 sech.
1690 441 1833 494 cae-ee.

419 613 550 698 sponsi⁰
583 612 710 697 lugere,
750 612 903 698 quamdiu
937 634 1011 678 cum
1045 612 1111 676 illis
1146 620 1197 676 est
1234 611 1394 698 sponsus',
1432 613 1517 676 inira
1555 613 1857 698 quinquagesimam
1898 615 2041 700 paschae

418 723 610 780 recusantes
626 717 772 780 ieiunare
796 717 957 780 laetanias
974 737 1050 780 suas
1074 721 1148 801 post
1170 722 1385 801 pentecosten
1409 723 1588 800 posuerunt
1602 717 1643 783 V.
1669 723 1701 780 et
1717 716 1776 781 VI.
1801 724 1835 781 et
1851 718 1927 782 Vll.
1944 720 2045 784 feria¹

417 822 563 888 eiusdem
601 822 791 888 ebdomadis
821 833 901 886 eas⁸
932 823 1101 886 facientes.
1162 821 1230 884 Alii
1264 841 1376 885 eorum
1414 819 1527 884 Idibus
1555 818 1816 886 Decembribush
1856 824 2042 889 triduanum

419 926 615 991 statuerunti
646 927 817 1006 ieiunium,
848 927 903 990 alii
928 924 1086 990 Kalendis
1110 922 1384 990 Novembribusl.
1430 921 1616 987 Notandum
1640 931 1750 989 autem
1775 926 1937 992 laetanias
1961 928 2043 992 non¹

417 1037 543 1094 tantum
567 1030 629 1094 dici
654 1031 743 1095 illam
768 1030 1021 1094 recitationemm
1046 1030 1221 1105 nominum,
1246 1049 1309 1113 qua
1332 1029 1435 1092 sancti
1459 1029 1491 1090 in
1515 1027 1708 1092 adiutorium
1724 1037 1883 1095 vocantur
1905 1032 2041 1097 infirmi·
2079 1059 2091 1098 s

417 1134 495 1197 tatis
512 1134 685 1210 humanae,
711 1133 767 1199 sed
785 1133 883 1197 etiam
901 1139 1027 1211 cuncta,
1052 1142 1157 1217 quaen
1175 1133 1208 1195 in
1226 1131 1515 1217 supplicationibus
1536 1131 1627 1210 liunt,
1649 1135 1855 1218 rogationes⁰
1872 1136 2040 1220 appellari.

417 1236 616 1301 Laecaniaer
639 1245 748 1301 autem
773 1243 956 1300 sanctorum
981 1237 1145 1300 nominum
1170 1241 1284 1319 postea
1307 1233 1503 1297 credunturr
1526 1235 1560 1297 iu
1583 1255 1677 1298 usum
1700 1243 1920 1322 assumptam,
1944 1259 2041 1324 quam

418 1340 628 1414 Hieronimus
661 1342 919 1427 martyrilogium
951 1347 1083 1406 secutus
1107 1339 1287 1404 Eusebium
1311 1338 1560 1403 Caesariensem
1590 1359 1649 1424 per
1675 1340 1751 1402 anni
1783 1341 1938 1405 circulum
1965 1364 2040 1407 con-

417 1437 612 1530 scripsitassl,
637 1456 696 1511 ear
718 1446 890 1510 occasione
914 1445 955 1510 ab
980 1444 1140 1529 episcopis
1158 1434 1377 1507 Οἰιιοιιιιῒίο81
1405 1448 1438 1506 et
1460 1432 1677 1506 Ηιιίἰοάοιο82
1700 1442 1780 1506 illud
1804 1464 1884 1528 opus
1906 1454 2041 1531 rogatus

418 1541 662 1635 componerefli,
692 1550 767 1634 quia
791 1547 996 1614 Theodosius
1019 1548 1193 1632 religiosus
1216 1547 1395 1632 imperator
1423 1546 1455 1608 in
1479 1547 1617 1610 coneilio
1648 1547 1874 1631 opiscoporum
1898 1550 2042 1614 laudavit
2071 1584 2096 1622 10

417 1649 613 1736 Gregorium
637 1651 883 1718 Cordubensem
906 1653 1105 1737 episcopum,
1129 1640 1260 1735 ‘quod83
1283 1650 1369 1712 omni
1393 1648 1445 1712 die
1472 1650 1585 1714 missas
1609 1649 1795 1734 explicans·
1819 1672 1931 1716 eorum
1955 1674 2041 1717 mar-

417 1762 523 1838 tyrum
533 1757 552 1834 ⁸,
575 1776 712 1839 quorum
736 1757 891 1820 natalicia
913 1760 1034 1833 essent,
1058 1755 1191 1818 nomina
1214 1754 1352 1838 plurima
1375 1751 1665 1819 commemoraret)

526 1879 599 1940 30¹¹.
634 1868 810 1963 ‘Aqusmsst
834 1877 1012 1963 sparsionis
1030 1897 1103 1940 cum
1126 1877 1193 1940 sale
1217 1872 1377 1939 benedici’
1396 1867 1465 1938 et85
1488 1876 1520 1938 in
1543 1875 1739 1939 habitaculis
1763 1875 1906 1939 fidelium
1931 1880 2041 1963 spargi

417 1979 606 2045 Alexander
627 2001 713 2066 papa
743 1982 919 2045 constituit.
968 1980 1060 2044 Sicut
1082 1981 1166 2044 enim
1198 1981 1336 2065 populus
1359 1981 1446 2066 prior
1474 1979 1636 2062 legalibus
1666 1980 1820 2043 institutis
1851 1980 2041 2046 deserviens

417 2086 573 2169 sanguine
597 2075 841 2164 lustrabaturssi,
864 2084 911 2148 ita
934 2105 1037 2149 novus
1062 2084 1310 2147 christianorum
1335 2084 1475 2169 populus
1502 2084 1655 2168 baptismi
1680 2091 1881 2147 sacramento
1906 2094 2041 2150 renatus
2070 2111 2095 2150 ιι

417 2186 515 2272 digne
539 2209 624 2272 aqua
654 2186 828 2252 benedicta
852 2189 1047 2272 aspergitur,
1077 2193 1122 2265 ut,
1154 2187 1238 2250 sicut
1261 2187 1394 2271 sanguis
1418 2187 1493 2271 agni
1517 2187 1549 2249 in
1573 2186 1722 2270 postibus
1752 2187 1791 2250 ad
1816 2189 2041 2273 repellendum

416 2311 640 2376 percussorem
664 2282 891 2376 ponebaturssl,
923 2292 968 2355 ita
992 2292 1183 2376 mysterium
1213 2311 1317 2376 aquae
1349 2312 1486 2377 corpora
1514 2298 1546 2354 et
1573 2292 1645 2354 loca
1670 2293 1792 2356 muniat
1823 2300 2041 2358 renatomm'.

524 2415 600 2476 31⁸¹.
648 2412 788 2478 Cereum
811 2420 919 2476 autem
946 2413 1094 2478 benedici
1118 2433 1180 2476 non
1205 2413 1307 2477 solum
1332 2414 1386 2476 in¹
1409 2411 1641 2499 principalibus
1667 2411 1832 2490 ecclesiis,
1861 2413 1917 2476 sed
1942 2415 2041 2478 etiam

416 2515 446 2578 in
477 2516 640 2601 parochiis
671 2517 819 2580 Zosimus
849 2539 935 2602 papa
966 2508 1179 2592 constituit⁸⁸;
1211 2515 1297 2602 quod
1326 2517 1432 2602 ipsum
1462 2517 1600 2580 concilio
1630 2514 1789 2579 Toletano
1823 2509 2041 2580 ostenditur⁸⁹

417 2619 576 2703 quosdam
599 2619 820 2704 Hispanorum
844 2621 1051 2698 observasse,
1076 2621 1233 2706 quosdam
1258 2621 1456 2705 neglexisse.
2030 2692 2033 2698 ,
2068 2664 2095 2702 ,0

527 2742 596 2803 321.
644 2739 755 2803 Ciroa²
785 2741 899 2804 harum
930 2741 1051 2805 calcem
1088 2751 1264 2824 nugaruml
1300 2741 1409 2825 placet
1444 2741 1586 2804 inserere
1622 2740 1784 2825 quandam
1820 2743 2038 2806 saecularium

416 2850 513 2928 atque
538 2845 832 2908 ecclesiasticarum
852 2846 1127 2929 comparationem
1146 2845 1349 2929 dignitatum,
1373 2831 1519 2928 quamvis
1543 2865 1606 2907 non
1631 2846 1774 2908 nesciam
1799 2845 2036 2910 ordInatiouesb

414 2952 613 3030 potestatum
637 2955 669 3009 et
693 2947 874 3011 officiorum
898 2954 989 3011 tanta
1012 2948 1201 3011 diversitate
1225 2968 1283 3032 pro
1308 2948 1466 3010 varietate
1489 2949 1645 3032 gentium,
1670 2950 1812 3012 locorum
1836 2957 1886 3013 et⁰
1909 2955 2035 3036 tempo-

374 3079 376 3086 ·
415 3071 484 3112 rum
508 3052 694 3136 perplexas,
719 3059 754 3114 ut
777 3051 818 3115 de
843 3052 890 3116 eis
913 3052 969 3114 vix
993 3051 1116 3136 aliquid
1141 3052 1220 3114 certi
1244 3051 1347 3136 possit
1370 3050 1501 3136 exponi.
1541 3049 1687 3123 Quotusd
1711 3053 1796 3115 enim
1814 3054 1950 3137 quisque
1974 3063 2035 3130 est,

415 3153 468 3236 qui
492 3162 546 3216 se⁰
581 3155 663 3218 seire
687 3155 843 3232 fateatur,
875 3153 991 3238 quibus
1023 3175 1088 3217 non
1116 3153 1187 3216 dico
1209 3153 1437 3238 Assyriorum,
1460 3152 1631 3216 Medorum
1663 3161 1695 3217 et
1718 3154 1945 3232 Macedonum,
1977 3158 2036 3222 sed
2064 3190 2088 3232 2⁵

415 3255 466 3318 vol
490 3254 720 3337 Rornanorum,
745 3256 831 3342 quod
856 3259 964 3320 notius
989 3265 1021 3320 et
1043 3259 1225 3342 proximius
1249 3255 1359 3319 nobisf
1382 3264 1462 3334 estss,
1492 3257 1685 3343 imperiumh
1708 3257 1916 3323 distributum
1938 3260 2039 3326 fuerit

320 3442 324 3448 p
416 3366 448 3422 at
472 3358 655 3424 ordinatum
685 3362 1031 3425 amministrationibus
1063 3368 1095 3424 et
1126 3360 1256 3436 officiis,
1291 3381 1363 3422 oum
1393 3380 1451 3443 per
1478 3359 1714 3444 longitudinem
1746 3368 1927 3446 temporum
1950 3365 2036 3429 aliae

418 3469 597 3546 potestates
629 3464 702 3528 aliis
733 3469 877 3527 mutatae
908 3465 986 3540 sint,
1018 3465 1103 3527 aliae
1134 3462 1288 3542 additael,
1318 3463 1401 3525 aliae
1435 3460 1621 3542 sublatael,
1656 3470 1691 3528 ut
1724 3465 1795 3551 ipsa
1822 3467 2037 3532 instabilitate

416 3566 539 3630 rerum¹
559 3568 735 3631 humanum
761 3587 834 3630 esse
858 3573 891 3629 et
914 3567 1161 3653 temporarium¹
1185 3565 1449 3651 comprobatum,
1481 3567 1565 3651 quod
1593 3567 1734 3653 quadam
1765 3570 1983 3634 inconstantia
2005 3577 2039 3634 et

419 3671 450 3732 ln
475 3672 577 3734 maius
602 3670 809 3735 extenditur¹1
833 3678 865 3734 et
888 3671 920 3733 in
944 3671 1051 3734 minus
1075 3669 1296 3734 contrahitur?
1333 3669 1470 3732 Omissis
1494 3670 1614 3754 igitur⁰
1637 3671 1780 3752 incertis,
1804 3693 1888 3756 quae
1913 3675 2039 3738 notiora
2065 3706 2092 3745 ³0

417 3781 502 3854 sunt,
526 3774 666 3839 invicem
691 3795 924 3861 comparemus,
948 3773 1210 3838 utostendamus
1234 3772 1456 3837 ordinationes
1480 3774 1663 3838 mundanae
1689 3776 1869 3860 sapientiae
1892 3776 1924 3839 in
1942 3778 2037 3863 spiri-

415 3878 513 3941 talem
543 3878 702 3943 eeclesiae
733 3879 926 3943 universalis
950 3877 1183 3965 rempublicam
1215 3879 1316 3942 sacris
1341 3877 1602 3942 distinctionibus
1627 3885 1842 3944 commutatas
1865 3881 1898 3943 in
1924 3880 2036 3945 simili-

416 3981 560 4046 tudinem
585 3983 739 4067 antiquae
763 3982 938 4068 hystoriae,
970 3994 1053 4066 quat
1078 3984 1150 4046 vele
1174 3983 1332 4068 pecuniae
1356 3981 1596 4067 Aegyptiorum
1624 3983 1656 4045 in
1681 4004 1774 4047 usum
1798 3975 2039 4048 tabernaculi9⁰

518 4216 542 4280 a)
562 4217 596 4266 In
614 4205 704 4268 litteris
722 4213 832 4285 spon[si]
851 4217 954 4282 explicit
971 4215 996 4267 6.
1078 4215 1102 4280 I)
1122 4217 1191 4268 teriia
1209 4215 1234 4268 3.
1321 4218 1349 4282 g)
1369 4234 1415 4267 om.
1435 4216 1459 4268 5.
1542 4215 1570 4280 h)
1590 4218 1738 4269 Decembris
1756 4217 1780 4270 4.
1864 4219 1883 4283 i)
1901 4222 2040 4272 constitue-

414 4311 475 4354 runt
493 4301 516 4354 I.
535 4302 560 4354 8.
627 4287 659 4366 lx)
679 4303 864 4354 Decembribus
881 4301 958 4354 3-5.
1027 4304 1047 4365 l)
1065 4320 1134 4354 nunc
1151 4302 1176 4354 2.
1247 4303 1283 4367 m)
1303 4305 1481 4356 recitationum
1500 4301 1524 4355 2.
1595 4305 1624 4369 ιι)
1643 4323 1708 4371 quae
1727 4306 1753 4354 in
1772 4305 1834 4356 add.
1853 4322 1924 4358 man.
1943 4309 1987 4358 alt.
2007 4305 2039 4372 4;
2068 4324 2093 4364 ss

413 4406 479 4454 quae
496 4406 622 4456 superscr.
641 4389 671 4449 5;
689 4391 716 4438 in
735 4407 783 4440 ons.
797 4387 820 4441 3.
834 4387 857 4439 5.
934 4390 960 4452 o)
978 4390 1106 4440 orationes
1123 4387 1147 4440 3.
1225 4387 1252 4455 p)
1271 4390 1360 4440 litauIa
1443 4390 1554 4440 ereditur
1639 4398 1770 4457 assumpta
1787 4389 1812 4444 3.
1893 4392 1920 4458 q)
1939 4394 2041 4460 scripsit

415 4475 438 4527 4.
458 4475 482 4528 5.
570 4476 593 4541 r)
616 4483 642 4527 et
664 4477 816 4528 hoccasione
838 4495 905 4529 corr.
929 4493 997 4526 mun.
1022 4476 1067 4526 atr.
1092 4483 1117 4526 et
1139 4476 1187 4526 hac
1210 4477 1343 4527 occasione
1361 4473 1386 4526 ι’).
1473 4474 1497 4540 s)
1520 4477 1663 4542 amplieans
1682 4478 1706 4530 5.
1799 4480 1820 4540 t)
1846 4481 1997 4546 martyrium
2016 4479 2040 4532 5.

415 4559 444 4626 ιι)
463 4562 559 4612 XXIX.
578 4561 663 4628 3—5,
691 4581 758 4616 corr.
777 4565 860 4614 XXX.
878 4561 907 4627 45
936 4564 1033 4614 XXIII.
1052 4560 1080 4623 7;
1109 4581 1156 4613 om.
1176 4560 1200 4614 8.
1300 4562 1328 4627 v)
1348 4561 1457 4614 ttnionr
1482 4561 1505 4613 7.
1524 4561 1549 4614 8.
1648 4564 1682 4629 w)
1706 4566 1789 4615 XXX.
1808 4562 1836 4628 33
1864 4567 1997 4620 XXVIIII.
2017 4565 2041 4620 5.

414 4648 443 4711 x)
464 4666 511 4699 om.
530 4646 554 4699 4.
573 4649 598 4713 5,
617 4666 743 4714 superscr.
762 4668 831 4701 mon.
850 4651 895 4701 alt.
913 4649 938 4701 4.
1017 4650 1045 4716 y)
1064 4667 1111 4700 om.
1132 4650 1158 4710 l;
1177 4651 1272 4700 XXXI.
1292 4648 1320 4710 3;
1340 4651 1423 4700 XXX.
1442 4648 1466 4700 5.
1543 4649 1567 4714 a)
1586 4651 1746 4719 Comparatio
1765 4653 1920 4704 Walahsridi
1938 4653 2041 4705 abbatis

416 4736 554 4802 augiensis
571 4737 686 4786 coenobii
705 4737 735 4786 do
754 4737 890 4787 mundanis
909 4745 934 4787 et
952 4737 1148 4788 aecclesiasticis
1166 4737 1343 4802 dignitatibus.
1372 4737 1491 4787 Feliciter
1509 4753 1582 4788 orsus
1600 4739 1672 4788 rubr.
1691 4739 1725 4788 in.
1744 4736 1768 4802 9,
1787 4756 1836 4790 ons.
1854 4741 1929 4790 Circa
1948 4740 2040 4791 harum
2069 4753 2095 4792 so

476 4828 614 4874 narrantur
631 4818 730 4888 (pole
747 4822 839 4891 tint).
910 4820 1072 4892 a)rerum3.
1149 4821 1177 4886 b)
1195 4824 1341 4875 exordines
1359 4841 1424 4874 corr.
1439 4821 1463 4874 4.
1534 4821 1559 4888 c)
1578 4821 1664 4874 om.2.
1735 4823 1762 4887 d)
1782 4822 1861 4888 Qua.
1932 4829 1958 4888 a)
1977 4827 1999 4876 si
2016 4825 2039 4876 4.

415 4908 440 4973 I)
459 4925 585 4974 repertor.
600 4907 623 4960 1.
693 4906 721 4974 g)
739 4917 765 4959 et
783 4909 845 4961 add.
858 4906 882 4961 4.
896 4909 920 4962 5.
992 4909 1020 4972 hl
1039 4926 1051 4960 e
1070 4911 1234 4961 distributum
1252 4912 1329 4962 fuerit
1344 4912 1478 4977 imperinm
1497 4926 1564 4960 corr.
1577 4908 1602 4961 2.
1680 4911 1699 4974 i)
1719 4911 1836 4962 subditae
1855 4910 1879 4962 3.
1949 4909 1977 4977 k)
1997 4913 2041 4964 ab·

415 4996 484 5047 ditae
502 4994 526 5048 3.
601 4996 621 5060 l)
640 5011 708 5048 corr.
727 5012 797 5047 mon.
817 4997 860 5047 alt.
880 4997 1020 5064 temporale
1038 4995 1062 5048 b.
1139 4994 1175 5062 ιιι)
1194 5013 1207 5046 a
1225 4998 1406 5063 comprobatur
1423 5014 1491 5048 corr.
1509 5013 1578 5047 mon.
1598 4997 1643 5048 alt.
1664 4995 1687 5046 b.
1765 5001 1791 5056 ιι)
1812 5000 1955 5050 ostenditur
1973 4996 1997 5050 4.
2017 4997 2042 5062 5,

415 5099 482 5134 corr.
500 5099 570 5132 nean.
591 5082 635 5132 alt.
655 5084 802 5134 extenditur
820 5081 844 5134 4.
933 5084 957 5147 o)
977 5099 1037 5151 ergo
1055 5079 1078 5131 3.
1167 5083 1193 5147 p)
1211 5082 1300 5147 quales
1319 5083 1452 5134 inraso
1470 5099 1540 5134 marr.
1559 5083 1603 5133 alt.
1622 5081 1647 5134 5.

519 5295 562 5360 30)
584 5294 816 5364 Martyroloyr'nm‚
841 5294 912 5364 qaod
929 5295 1030 5348 diulus·
1047 5294 1291 5364 Hieronyms'anum
1309 5293 1359 5360 (cd.
1381 5293 1578 5361 Florom'aios,
1595 5294 1688 5349 Iatour
1709 5296 1797 5364 1668),
1818 5313 1876 5350 aon
1894 5297 1926 5352 ab
1946 5298 2043 5353 Hiero
2070 5318 2095 5357 rs

413 5414 492 5467 aymo
508 5413 560 5451 ease
576 5399 753 5466 conscriptum
771 5400 836 5452 satie
853 5404 946 5452 notum
964 5403 1009 5452 eet.
1079 5399 1123 5465 81)
1138 5397 1310 5465 Aquileiensi.
1381 5397 1426 5466 82)
1440 5397 1542 5452 Abina.
1613 5400 1658 5466 83)
1673 5399 1859 5470 Murtyroloys'i
1876 5402 1949 5468 optet.
1959 5403 2042 5470 pub.

415 5503 460 5569 84)
480 5500 540 5555 Leo.
549 5503 649 5568 pontif.
662 5502 685 5570 1,
700 5519 729 5570 p.
741 5503 797 5570 127,
817 5502 870 5571 57.
941 5504 984 5569 86)
1004 5503 1034 5556 in
1052 5502 1221 5556 habitaculis
1240 5502 1384 5556 bominum
1399 5519 1472 5570 perp.
1486 5501 1545 5556 Ῑιίὺ.
1556 5504 1657 5572 pontif.
1729 5505 1772 5572 86)
1792 5504 1849 5571 Cfr.
1864 5504 1952 5559 usos.
1966 5507 2008 5572 24,
2018 5508 2042 5560 8.

414 5603 459 5669 87)
479 5601 550 5656 ibid.
566 5605 605 5668 12,
624 5604 664 5656 22.
679 5605 721 5658 23.
797 5606 843 5673 88)
862 5605 922 5659 Lib.
930 5606 1033 5674 peruls.
1048 5606 1072 5672 I,
1087 5623 1116 5674 p.
1126 5607 1185 5675 225,
1204 5605 1273 5674 559.
1352 5606 1396 5671 89)
1419 5604 1495 5661 (hnc.
1512 5606 1593 5662 Tolet.
1607 5607 1659 5672 IV,
1677 5624 1698 5662 o.
1711 5609 1735 5674 9,
1758 5608 1852 5663 Marssi
1867 5609 1904 5676 X,
1924 5609 1971 5662 col.
1984 5609 2043 5663 620.

346 5721 353 5734 ·
415 5707 460 5775 90)
479 5706 571 5761 and.
586 5708 626 5776 11,
645 5710 674 5774 23
694 5711 735 5772 12,
754 5711 796 5765 ³5.
