4590 6420
414 453 475 516 388
520 447 789 505 ADDITAMENTA
808 449 857 503 AD
874 449 953 504 CAP.
973 448 1052 502 REG.
1074 447 1256 501 annualia
1275 446 1464 504 occlusus.
1483 446 1632 518 (KAROLl
1645 447 1793 515 Ill-Na
1805 449 1865 503 292.
1877 448 1937 502 293.

334 632 394 685 815.
414 624 499 710 quod
531 624 605 688 sciri
638 625 759 710 poterit
787 629 820 688 et
848 622 939 688 Deus
969 623 1061 688 vobis
1089 643 1184 709 posse
1213 621 1354 702 dederit,
1389 622 1532 688 nostris⁴¹
1566 622 1876 709 praedecessoribus
1907 643 2039 687 conssr-

413 735 582 793 vaserunt.

521 836 551 896 2.
586 831 680 905 Quod
704 833 735 896 in
761 852 833 896 mea
855 852 999 919 persona
1021 852 1083 895 nec
1106 832 1139 895 in
1163 852 1237 894 mco
1254 830 1366 895 ordine
1390 869 1431 876 —
1455 831 1517 895 nisi
1540 830 1635 913 forte,
1659 830 1746 916 quod
1771 829 1867 912 absit,
1890 829 2040 894 inantea⁰

413 943 526 1000 contra
551 936 658 1001 Deum
683 944 717 1000 ct
739 942 853 1000 contra
876 958 933 1001 vos
958 935 1283 1014 manifestassem,
1311 941 1347 998 ut
1375 935 1545 1022 dampnari
1574 935 1730 999 canonice
1753 934 1894 998 debeam
1916 971 1957 982 -
1981 932 2038 997 ad·

413 1061 543 1104 versum
566 1061 618 1103 mo
643 1049 676 1104 et
699 1060 806 1104 meum
830 1040 978 1105 ordinem
1002 1041 1049 1104 ita
1065 1039 1319 1126 dampnabiliter
1334 1062 1397 1105 non
1421 1038 1567 1105 faciatis‘
1587 1061 1646 1126 pro
1662 1060 1866 1126 quacumque
1883 1039 2040 1124 preterita
2070 1074 2082 1111 ι

413 1164 521 1221 causa,
545 1152 603 1208 utss
626 1145 702 1208 mibi
727 1144 940 1208 dehonoratio
965 1151 1022 1207 aut
1045 1144 1233 1229 dampnatio
1257 1145 1376 1208 veniat.

521 1251 550 1311 3.
584 1239 716 1322 Quoast'
739 1270 791 1312 res
814 1247 855 1311 ad
876 1249 1048 1312 ecclesiam
1072 1249 1149 1312 milri
1167 1249 1373 1313 commissam
1396 1249 1598 1334 pertinentes
1622 1254 1654 1311 et
1677 1255 1822 1335 tempore
1838 1247 2038 1336 principatus

413 1353 511 1414 vestri
545 1351 671 1414 ablatas
700 1353 745 1415 ita
773 1352 1024 1436 praesentaliter
1055 1353 1234 1416 restituatis
1264 1359 1297 1415 ot
1326 1353 1496 1417 restitutas
1528 1353 1746 1431 conservetis,
1779 1352 1863 1416 sicut
1891 1356 2039 1438 tempore

412 1455 462 1516 avi
489 1459 521 1517 et
544 1455 644 1540 patris
668 1456 770 1518 vestri
794 1453 956 1532 fueruntl,
980 1462 1013 1518 et
1036 1464 1175 1542 excepto
1199 1457 1419 1542 superposito,
1450 1453 1535 1540 quod
1564 1456 1595 1519 in
1625 1477 1705 1519 usus
1728 1455 1962 1540 possidentium
1988 1455 2039 1518 rel

413 1579 453 1620 ex
478 1557 635 1621 aedificiis
660 1557 882 1642 absumptum¹
907 1567 968 1639 est,
992 1558 1151 1642 quomodo
1175 1565 1252 1622 tunc
1269 1557 1382 1623 erant*
1406 1559 1576 1644 (quantum
1593 1559 1632 1623 ad
1650 1560 1722 1639 boc,
1746 1557 1832 1645 quod
1849 1581 1902 1623 res
1919 1559 2038 1622 usitato
2060 1585 2084 1622 ιιι

413 1663 543 1724 nomine
568 1662 782 1747 appellamus,
808 1661 959 1745 constat),
984 1661 1113 1745 quando
1136 1683 1193 1725 vas
1216 1662 1306 1726 inde¹
1328 1663 1400 1726 illas
1425 1663 1556 1726 tulistis.

521 1771 550 1829 4.
587 1757 666 1828 Ut¹3
696 1772 875 1850 praecepta
907 1765 1029 1829 inlicita
1062 1764 1102 1829 de
1133 1765 1230 1830 robus
1265 1766 1427 1831 ecclesiae
1458 1767 1536 1830 mibi
1565 1767 1758 1831 commissae
1786 1788 1805 1831 a
1834 1765 1926 1830 vobis
1955 1767 2041 1830 iacta

413 1868 673 1946 rescindentem,
688 1881 733 1933 -et
756 1875 793 1932 nt
815 1869 857 1932 de
881 1877 1000 1946 cetero,
1025 1890 1066 1933 ne
1089 1869 1179 1946 fiant,
1203 1871 1360 1934 caveatis.

521 1979 551 2038 5.
588 1973 633 2037 Ut
656 1975 698 2038 ab
722 1975 861 2038 ecclesia
885 1974 962 2037 mihi
988 1975 1163 2038 commissa
1186 1975 1352 2040 indebitas
1384 1973 1634 2040 consuetudines
1666 1980 1719 2038 ot¹¹
1746 1974 1884 2038 iniustas
1908 1979 2039 2038 exacta-

411 2080 541 2142 tiones⁰
570 2077 610 2142 de
641 2085 772 2142 caetero
802 2089 889 2141 nont
920 2079 1098 2158 exactetis,
1129 2079 1187 2142 sed
1217 2080 1263 2142 sic
1297 2100 1353 2142 eas
1387 2078 1607 2158 conservetis,
1637 2077 1721 2141 sicut
1749 2084 1896 2164 tempore
1926 2076 1978 2140 avi
2006 2081 2040 2141 et
2060 2104 2083 2144 n

413 2183 516 2268 patris
539 2183 640 2246 vestri
665 2187 878 2247 conservatae
902 2182 1044 2246 fuerunt.

521 2289 550 2350 6.
586 2285 631 2349 Ut
654 2292 766 2349 contra
789 2283 1044 2373 depraedatores
1068 2293 1102 2350 et
1125 2307 1337 2373 oppressores
1362 2287 1576 2352 ecclesiarum
1600 2292 1786 2350 nostrarum
1810 2291 1846 2350 et
1868 2306 1975 2350 rernm
1998 2285 2038 2350 ad

413 2390 571 2454 casdem‘l
594 2390 825 2475 pertinentium
853 2389 1079 2456 defensionem
1111 2390 1289 2455 secundum
1319 2391 1533 2456 ministerium
1557 2395 1716 2468 restrum,
1745 2396 1904 2474 quantum
1926 2399 2041 2476 posse*

414 2493 505 2557 vobis
528 2492 620 2557 Deus
644 2493 779 2570 dederit,
801 2493 999 2558 exhibeatis.

522 2601 552 2661 7.
586 2589 667 2660 Ut¹3
690 2603 878 2684 praecepta.
902 2617 986 2683 quae
1010 2617 1090 2661 avus
1115 2605 1148 2661 et
1169 2603 1264 2683 pater
1281 2603 1392 2662 vester
1407 2597 1554 2662 ecclesiis
1571 2596 1665 2660 nobis
1691 2597 1869 2660 commissis
1892 2596 2041 2662 lecerunt
2058 2623 2084 2663 ιι

414 2708 464 2764 et·
478 2701 690 2765 firmaverunt
706 2702 758 2766 etl
775 2701 934 2765 stabilits²
950 2708 1256 2780 conservaverunt⁸‚
1277 2721 1361 2786 quae
1377 2703 1474 2767 etiam
1492 2721 1551 2765 vos
1568 2700 1814 2777 confirmasses,
1831 2699 1872 2764 de
1890 2706 2041 2766 caeterov

414 2812 485 2869 rata
509 2807 722 2873 conservetis.

521 2910 551 2973 8.
586 2908 647 2987 Ut,
671 2910 698 2972 si
722 2929 780 2972 vos
805 2915 918 2974 contra
940 2908 1022 2974 haee
1047 2910 1203 2996 capitula,
1227 2917 1385 2988 saluos,
1409 2909 1494 2996 quod
1519 2910 1620 2988 absit,
1645 2929 1709 2973 non
1733 2909 1857 2974 malitia
1880 2930 1941 2974 nee
1965 2930 2038 2996 per-

415 3033 509 3075 verso
533 3011 649 3093 studio,
674 3013 732 3077 sed
755 3019 811 3078 aut
834 3033 894 3097 per
916 3014 1091 3079 humanam
1117 3014 1329 3098 fragilitatem
1359 3021 1415 3079 sut
1445 3036 1504 3101 per
1531 3013 1749 3098 ignorantiam
1772 3014 1824 3077 rel
1852 3023 1939 3098 perw
1964 3012 2039 3077 sub-

414 3117 595 3201 reptionem
620 3138 685 3181 non
708 3116 962 3202 dampnabiliter
986 3124 1120 3182 contra¹
1142 3138 1201 3181 ros
1227 3118 1407 3202 egerimus,
1436 3125 1547 3182 mutuo
1580 3118 1641 3182 bac
1666 3117 1803 3181 consilio
1829 3117 2040 3201 corrigamus,
2059 3147 2084 3186 a.

415 3227 449 3284 et
471 3220 601 3284 firmata
623 3221 778 3306 deinceps
802 3221 1031 3286 convenientia
1056 3228 1216 3286 mansan.

517 3411 545 3476 d)
569 3419 595 3464 et
617 3412 696 3464 vestri
721 3413 928 3478 praedecessores
946 3410 971 3465 2.
1074 3413 1098 3474 a)
1118 3415 1206 3466 inante
1229 3410 1254 3465 7.
1273 3411 1297 3464 8.
1398 3414 1423 3475 1“)
1442 3430 1494 3464 aon
1516 3413 1579 3464 add.
1603 3411 1628 3464 b.
1648 3410 1671 3464 7.
1690 3411 1714 3464 8.
1817 3413 1845 3480 g)
1862 3419 1908 3464 aut
1930 3409 1955 3462 3.
1974 3407 1998 3464 7.
2016 3408 2041 3461 8.

415 3499 443 3560 1ι)
461 3501 564 3550 fuerant
583 3497 606 3550 ’1.
624 3497 648 3550 8.
748 3501 767 3564 i)
785 3510 947 3566 assumptum
965 3497 989 3551 3.
1008 3498 1033 3551 4.
1052 3497 1077 3552 7.
1095 3497 1120 3552 8.
1220 3497 1249 3564 1ι)
1268 3509 1345 3552 erunt
1362 3497 1386 3550 7.
1405 3496 1429 3550 8.
1530 3499 1551 3564 1)
1570 3501 1597 3549 in
1615 3501 1656 3550 die
1674 3500 1720 3551 illa
1737 3497 1824 3552 3-5.
1921 3495 1957 3560 m)
1976 3497 2041 3549 resci

415 3586 508 3636 dantur
525 3585 550 3637 2.
631 3585 657 3648 ιι)
676 3601 722 3635 seu
741 3583 762 3636 7.
783 3585 806 3636 8.
887 3585 912 3647 ο)
931 3586 1078 3637 exactiones
1095 3584 1178 3638 2-5.
1199 3583 1223 3637 7.
1241 3585 1264 3636 8.
1346 3587 1484 3652 plomb.
1563 3585 1589 3651 q)
1608 3602 1653 3638 eas
1671 3583 1759 3637 3-5.
1779 3583 1802 3638 i.
1821 3583 1846 3637 8.
1925 3584 1948 3649 r)
1968 3601 2042 3650 possa

416 3672 514 3722 dederit
531 3673 601 3722 Deus
620 3670 643 3722 ἲ.
662 3669 686 3722 8.
783 3670 804 3736 sl
823 3681 848 3724 et
868 3681 1152 3724 ...conservaverunt
1164 3681 1255 3737 postea
1279 3673 1363 3736 mppr.
1385 3670 1407 3721 l.
1512 3673 1533 3737 t)
1553 3673 1588 3722 sic
1608 3671 1635 3732 1;
1654 3672 1756 3724 stabilia
1773 3673 1830 3722 rell.
1935 3669 1963 3734 u)
1982 3686 2041 3721 con·
2060 3692 2085 3732 ω

416 3758 524 3808 firmatis
543 3757 571 3820 l;
593 3765 619 3808 et
636 3757 697 3808 aad.
715 3756 801 3808 4-8.
894 3757 921 3824 v)
940 3767 1040 3810 caetera
1057 3759 1082 3811 b.
1170 3758 1205 3822 w)
1224 3775 1271 3808 orn.
1290 3755 1316 3808 3.
1335 3755 1420 3808 5-8.
1508 3756 1537 3821 ιι)
1555 3765 1643 3809 contra
1660 3774 1707 3808 vos
1725 3774 1772 3807 om.
1791 3755 1815 3808 2.
1834 3755 1859 3808 6.
1946 3754 1973 3822 y)
1992 3757 2042 3806 llx-

415 3845 487 3910 plicit
505 3845 623 3910 Synorlns
639 3845 778 3895 bleldensis
797 3845 858 3895 add.
879 3843 903 3896 7.
922 3843 952 3906 83
972 3847 1020 3912 cfr.
1040 3845 1115 3901 iat'ra
1132 3862 1173 3896 nr.
1189 3842 1247 3905 293,
1267 3861 1288 3894 r.
1300 3841 1342 3894 83.
1360 3844 1452 3894 caldata
1470 3853 1539 3896 crota.

522 4015 562 4081 12)
585 4015 640 4080 Gsr.
659 4030 700 4068 ιιι.
714 4014 774 4080 293,
792 4029 813 4068 c.
829 4015 919 4082 lisca.
939 4013 1009 4084 [K]
1097 4015 1141 4081 13)
1161 4013 1215 4080 Osr.
1236 4013 1336 4083 Synod.
1356 4013 1393 4068 ad
1414 4013 1509 4068 Theod.
1527 4014 1588 4082 844,
1606 4029 1690 4082 sama
1705 4029 1733 4082 p.
1746 4014 1805 4080 119,
1823 4028 1843 4067 c.
1857 4014 1881 4066 4.
1899 4012 1967 4083 [K]

917 4597 1018 4702 aaa.
1071 4592 1546 4704 conclarum

734 4747 1722 4859 MELDENSn-PARISIENSE.

921 4928 1019 5010 845.
1046 4939 1126 5011 run.
1151 4929 1354 5011 17-846.
1381 4938 1490 5012 reor.
1511 4939 1543 5010 a.

532 5106 730 5200 Concilium,
767 5121 857 5184 craias
889 5141 1023 5186 macces
1057 5123 1161 5202 peiore
1195 5123 1305 5186 critica
1342 5121 1465 5203 quidem
1502 5123 1625 5187 ratione
1656 5120 1800 5186 adbibita
1831 5119 1881 5185 bic
1915 5121 2044 5200 edimur,

418 5227 586 5292 secandam
606 5227 767 5308 prolcpam
789 5246 820 5290 a.
837 5228 909 5292 845.
939 5225 989 5289 dic
1016 5230 1064 5292 17.
1088 5248 1126 5291 ιιι.
1156 5225 1230 5292 Ιιιιι.
1262 5227 1297 5289 ia
1326 5227 1450 5291 ciuitate
1478 5225 1691 5290 Melitensium
1719 5213 1874 5306 saeptam
1903 5229 1932 5288 ct
1959 5245 2044 5290 ιιιιιιο

419 5325 612 5412 iasseqaeatil
637 5330 686 5393 die
710 5334 740 5396 2.
763 5351 803 5392 ιιι.
820 5328 913 5395 Febr.
930 5331 964 5392 ιἰι
986 5330 1061 5394 urbe
1077 5329 1277 5395 Parisiorum
1297 5330 1341 5394 ad
1359 5333 1455 5412 (taem
1471 5330 1657 5410 perductum
1680 5333 1732 5393 cst.
1779 5328 1822 5392 Ia
1836 5347 1896 5409 pao
1911 5329 2044 5410 episcopi

416 5436 553 5518 primam
570 5434 715 5518 capitale
729 5432 926 5514 synodorum,
949 5453 1029 5512 arrae
1043 5437 1280 5511 rrawoesscraat,
1302 5434 1520 5514 rmrctiveraat
1543 5434 1589 5496 tia
1608 5437 1643 5498 at
1658 5431 1821 5514 ‘quaedma
1836 5452 1899 5513 pro
1914 5436 2044 5514 tempere
2061 5473 2088 5512 ι,

524 5625 549 5688 1)
570 5622 746 5690 Superdraram
768 5621 833 5674 milri
855 5621 966 5687 martra,
990 5620 1062 5687 quod
1086 5621 1192 5687 Helela,
1216 5619 1438 5690 Gracilimpescb.
1451 5620 1498 5674 IV
1502 5623 1521 5688 ²,
1540 5636 1569 5688 p.
1584 5621 1690 5688 lissa,
1713 5619 1745 5674 de
1765 5625 1890 5688 ternpore,
1913 5638 1967 5690 prro
1983 5638 2045 5675 coa·

419 5724 510 5779 οιἹιιιιιι
528 5724 678 5778 Purisiease
695 5723 815 5778 balatum
833 5725 875 5791 sit,
895 5725 982 5790 affert.
1019 5723 1179 5777 [samana
1197 5724 1266 5779 mim
1286 5723 1451 5778 docimesio
1469 5725 1535 5779 aab
1553 5723 1660 5778 conatii
1676 5725 1755 5779 arella
1772 5728 1869 5780 mario
1884 5727 1924 5794 fit.
