4634 6436
728 461 975 518 CAPITULARIA
994 462 1205 521 HLOTHARII.
1224 495 1258 507 -
1275 465 1324 520 Nr.
1337 465 1397 520 204.
1838 470 1875 530 'll

361 634 440 722 (6¹.)
477 598 632 700 Similiter
655 635 751 700 etde
775 636 1017 722 episcopatibus
1041 644 1075 702 et
1098 638 1313 719 monasteriis,
1336 636 1535 724 ubicumque
1559 639 1592 703 in
1615 644 1726 704 nostro
1749 640 1877 704 comuni
1897 645 1955 700 847.

251 758 354 824 regno
378 739 474 803 aliter
498 745 549 803 est
571 739 677 821 modo,
702 760 797 825 quam
819 738 948 817 debeat,
972 740 1123 805 uolumus
1146 762 1212 804 una
1235 762 1307 804 cum
1323 740 1388 805 Dei
1411 741 1572 807 adiutorio
1595 742 1676 806 illud
1692 742 1878 820 emendare,

250 848 289 908 ut
320 843 460 907 ecclesia
483 841 546 906 Dei
578 863 671 906 suum
702 843 856 908 honorem
889 842 1033 908 debitum
1065 844 1187 910 habere
1219 845 1327 947 possit
1354 851 1388 910 et
1418 847 1559 931 populus
1589 865 1680 910 suam
1708 846 1817 930 legem
1846 851 1879 909 et

252 945 410 1011 iustitiam
432 945 565 1012 habeat.

219 1075 232 1114 s
776 1051 854 1115 111⁶.
887 1050 1169 1117 Adnuntietio
1192 1051 1353 1116 Keroli.

361 1171 419 1258 (1.)
455 1172 584 1252 Sciatis,
608 1173 685 1259 quia
708 1171 818 1238 dilecti
842 1172 960 1238 fratres
984 1173 1088 1238 nostri
1111 1180 1144 1237 et
1167 1195 1224 1238 nos
1249 1173 1466 1237 communiter
1486 1173 1644 1258 placitum
1668 1176 1815 1236 nostrum
1838 1169 1879 1236 ed

251 1277 386 1340 missam
409 1277 515 1341 sancti
535 1269 724 1342 Ιοιιιιιιιιιι15
747 1276 835 1363 opud
850 1277 1013 1341 Parisium
1038 1276 1223 1341 condictum
1247 1267 1452 1354 habemusffl,
1476 1275 1532 1340 ubi
1556 1275 1596 1340 de
1619 1276 1700 1354 istis,
1725 1295 1808 1360 quse
1831 1274 1878 1338 illi

252 1378 350 1442 modo
374 1379 499 1460 dixere,
524 1385 558 1445 et
580 1381 708 1461 ceteris,
732 1401 816 1466 quae
839 1379 881 1444 ad
903 1379 968 1444 Dei
991 1380 1190 1444 voluntatem
1216 1384 1249 1443 et
1271 1385 1419 1443 nostrum
1442 1399 1480 1443 ac
1505 1384 1648 1442 vestrum
1673 1397 1878 1442 communem

251 1482 436 1568 proiectum
459 1484 605 1548 invenire
627 1485 848 1569 potuerimus,
877 1481 1123 1546 consideremus
1148 1487 1268 1546 etune
1293 1502 1365 1546 cum
1388 1481 1453 1545 Dei
1475 1481 1633 1547 adiutorio
1660 1480 1702 1545 ad
1725 1481 1877 1546 ellectum

209 1611 235 1650 ro
253 1585 481 1670 perducamus.
525 1585 569 1650 Et
596 1587 763 1664 volumus,
795 1593 831 1650 ut
860 1586 980 1650 abhinc
1010 1587 1139 1667 inante,
1171 1586 1370 1671 ubicumque
1398 1585 1622 1670 unusquisque
1654 1585 1771 1668 fuerit,
1806 1605 1878 1649 cum

252 1710 334 1776 pace
363 1691 521 1754 consistat
550 1697 583 1754 et
612 1690 654 1756 sd
685 1690 765 1754 illud
795 1689 952 1775 placitum
982 1711 1055 1754 cum
1087 1711 1168 1775 paee
1198 1690 1423 1775 unusquisque
1450 1680 1606 1764 veniere
1642 1689 1717 1773 quie
1745 1689 1778 1752 in
1807 1688 1878 1751 istis

252 1794 390 1859 miseriis
422 1800 456 1859 et
484 1795 606 1881 rapinis
634 1813 740 1878 usque
769 1794 865 1859 modo
893 1794 1030 1858 multum
1053 1793 1162 1858 Deum
1191 1793 1402 1870 offendimus;
1435 1793 1522 1858 unde
1546 1792 1640 1858 nobis
1663 1792 1728 1857 Dei
1750 1791 1878 1857 miseri-

253 1897 395 1961 cordiam
418 1896 599 1983 deprecari,
623 1899 703 1962 setis
726 1897 947 1961 necessarium
972 1918 1046 1960 esse
1071 1897 1309 1982 cognoscimus.

362 1999 421 2086 (2.)
444 2000 605 2065 Volumus
622 2001 731 2082 etiam,
754 2007 791 2064 ut
805 2001 1030 2085 unusquisque
1047 2000 1134 2065 liber
1150 2001 1246 2066 homo
1263 2001 1297 2065 ιιι
1314 2008 1424 2066 nostro
1441 2022 1543 2087 regno
1559 2001 1732 2080 seniorem,
1749 1999 1878 2085 quslem

210 2131 235 2171 rs
255 2105 405 2186 voluerit,
428 2106 461 2170 in
484 2106 579 2170 nobis
604 2112 637 2170 et
660 2106 692 2169 in
716 2105 837 2169 nostris
861 2104 1011 2169 fidelibus
1034 2098 1215 2191 accipiatffl.

362 2207 422 2294 (3.)
456 2208 650 2273 Mandemus
673 2210 782 2288 etism,
804 2215 842 2272 ut
865 2209 973 2273 nullus
997 2209 1094 2272 homo
1119 2210 1280 2274 seniorem
1298 2228 1392 2272 suum
1409 2209 1478 2273 sine
1494 2209 1580 2272 iusta
1597 2206 1721 2274 ratione
1738 2204 1880 2270 dimittat

251 2333 314 2378 nec
336 2313 452 2398 aliquis
477 2334 552 2378 eum
575 2313 722 2400 recipiat,
746 2312 808 2376 nisi
830 2312 914 2375 siout
929 2318 1076 2397 ternpore
1093 2318 1340 2376 antecessorum
1356 2317 1540 2376 nostrorum
1556 2309 1758 2376 consuetudo
1774 2300 1879 2373 fuit¹9.

360 2414 421 2501 (4.)
456 2414 499 2478 Et
516 2416 675 2498 volumus,
697 2423 734 2481 ut
757 2416 880 2496 sciatis,
904 2416 980 2500 quia
1003 2437 1062 2480 nos
1085 2415 1233 2480 fidelibus
1249 2416 1370 2480 nostris
1387 2421 1513 2480 rectum
1529 2415 1713 2480 consentire
1729 2414 1878 2478 volumus

252 2526 287 2585 et
318 2525 430 2584 contra
460 2520 621 2585 rationem
649 2522 698 2585 eis
728 2521 837 2586 fecere
866 2541 931 2584 non
957 2520 1119 2583 volumus.
1169 2517 1213 2582 Et
1246 2520 1394 2584 similiter
1424 2540 1481 2583 vos
1514 2541 1551 2584 sc
1584 2524 1734 2583 caeteros
1764 2517 1879 2582 fideles

208 2649 236 2688 eo
253 2622 398 2687 nostros¹
422 2622 644 2704 admonemus,
667 2630 703 2688 ut
719 2645 778 2689 ros
794 2624 911 2690 vestris
936 2622 1119 2688 hominibus
1145 2631 1270 2690 rectum
1293 2625 1506 2690 consentistis
1530 2629 1563 2688 et
1585 2629 1697 2688 contra
1719 2621 1879 2688 rationem

250 2727 317 2793 illis
341 2749 406 2792 non
427 2727 567 2793 facietis.
1091 2715 1093 2720 ’

361 2830 420 2917 (5.)
455 2830 498 2896 llt
520 2831 684 2912 volumus,
715 2838 752 2895 ut
781 2832 1012 2916 cuiuscumque
1041 2837 1187 2895 nostrum
1210 2831 1322 2911 homo,
1353 2830 1386 2895 in
1410 2833 1643 2917 cuiuscumque
1666 2851 1768 2916 regno
1793 2821 1878 2912 sit20,

252 2955 325 3000 cum
349 2935 479 3000 seniore
503 2955 562 3000 suo
586 2935 619 2998 in
643 2934 772 2999 hostem
795 2934 848 2998 vel
872 2933 944 2998 oliis
968 2935 1035 2998 suis
1059 2933 1255 2998 utilitatibus
1279 2940 1410 3020 perget;
1440 2935 1503 2999 nisi
1525 2935 1600 2999 talis
1624 2935 1717 3020 regni
1738 2933 1877 3014 invasio,
1994 2933 1996 2938 ’

253 3060 349 3124 quam
377 3037 523 3102 lantweri
553 3037 679 3118 dicunt,
708 3038 794 3124 quod
822 3039 924 3119 absit,
954 3038 1123 3118 acciderit,
1155 3045 1192 3102 ut
1216 3039 1319 3103 omnis
1345 3040 1485 3126 populus
1509 3039 1597 3103 illius
1621 3038 1714 3124 regni
1742 3036 1782 3104 ad
1806 3059 1877 3104 eam

206 3169 233 3208 as
253 3142 475 3229 repellendam
499 3143 714 3207 communiter
736 3133 919 3229 pergat*²¹.

353 3329 380 3397 *l
404 3329 439 3383 Ire
460 3328 592 3384 codicibus
612 3329 699 3385 Paris.
717 3329 802 3385 10758
825 3335 849 3384 et
870 3330 971 3385 4628A
990 3335 1052 3398 post
1069 3330 1194 3400 Aoseciei
1213 3331 1405 3400 capitrdoricm
1427 3331 1597 3386 collectionem
1621 3335 1644 3385 et
1666 3331 1800 3386 maseth
1823 3331 1879 3385 alia

250 3417 415 3486 capitularia
428 3415 619 3470 mbnectartur
630 3418 749 3485 capitulo
760 3418 899 3485 conplura
910 3415 941 3470 de
952 3417 1031 3470 rebus
1042 3417 1230 3472 mreroitatrbus.
1254 3417 1309 3471 His
1320 3418 1445 3486 capiulre
1457 3417 1519 3471 bace
1529 3422 1594 3472 ricto
1605 3416 1785 3486 cabiarzpitrer,
1798 3433 1879 3486 prom

249 3504 306 3557 iam
318 3503 453 3557 Balaziae
469 3508 494 3556 et
506 3508 568 3571 post
585 3519 645 3557 eum
662 3503 694 3558 G.
705 3504 743 3557 H.
756 3503 835 3557 Perte
853 3504 882 3557 irs
899 3504 970 3557 cotis
987 3503 1035 3558 boc
1053 3505 1107 3558 loco
1123 3504 1217 3558 edidit:
1244 3503 1310 3557 Et²²
1327 3504 1395 3573 quia
1413 3504 1442 3557 in
1460 3505 1569 3559 hostem
1585 3506 1637 3558 aut
1649 3506 1764 3573 propter
1776 3506 1878 3558 terram

251 3589 455 3644 defendendam
476 3592 527 3644 aut
548 3593 663 3660 propter
681 3593 784 3645 terram
803 3590 1005 3660 adquirendam
1023 3591 1093 3654 itur,
1117 3590 1151 3644 de
1169 3589 1311 3655 lantweri,
1336 3590 1365 3644 id
1385 3593 1427 3645 est
1445 3591 1479 3646 de
1497 3589 1607 3660 patriae
1625 3589 1797 3654 defensione.
1822 3608 1878 3647 non

205 3688 235 3728 ιο
252 3675 336 3731 aliter
353 3675 408 3730 nisi
426 3676 577 3731 secundum
596 3677 683 3732 istum
701 3675 813 3732 modum
832 3677 862 3732 in
881 3678 943 3748 lege
961 3679 1013 3732 aut
1034 3677 1064 3731 in
1083 3677 1215 3747 capitulis
1233 3677 1432 3746 imperatorum
1452 3677 1587 3747 scriptum
1605 3677 1751 3741 habemus,
1775 3677 1829 3731 nisi
1848 3677 1877 3730 in

251 3762 438 3818 anterioribus
456 3764 588 3833 capitulis
606 3764 641 3818 de
659 3765 829 3835 pauperibus
849 3765 971 3830 Francis,
989 3765 1046 3834 qui,
1068 3766 1091 3819 ιι
1109 3781 1166 3819 non
1184 3764 1299 3829 habent,
1317 3763 1390 3818 unde
1408 3763 1593 3817 heribannum
1611 3763 1780 3832 persolvant,
1799 3766 1832 3817 ut
1849 3779 1878 3817 se

251 3851 282 3905 in
305 3850 450 3906 servitium
471 3850 545 3920 regis
567 3851 695 3916 tradant,
720 3856 749 3906 et
771 3851 880 3906 tamdiu
904 3851 934 3905 in
957 3851 1053 3906 eodem
1077 3852 1191 3906 servitio
1210 3854 1357 3916 maneant,
1382 3867 1471 3919 usque
1489 3850 1555 3904 dum
1573 3849 1622 3904 ille
1640 3849 1811 3906 heribannus
1829 3849 1879 3904 fiat

252 3939 418 4009 persolutus.
453 3937 530 3991 Etsi
548 3940 675 3992 mortuus
692 3937 778 3993 fuerit
795 3938 826 3992 in
845 3937 941 3993 eodem
960 3938 1082 4006 servitio,
1101 3937 1215 3992 heredes
1235 3937 1294 3992 eius
1312 3955 1390 3994 suam
1409 3937 1594 3992 hereditatem
1613 3937 1761 4006 recipiunt,
1780 3939 1809 3991 et
1827 3953 1878 3992 nec

252 4024 287 4078 de
311 4023 442 4080 libertate
465 4041 516 4080 nec
540 4023 575 4078 de
598 4025 660 4094 ipso
683 4025 776 4080 banno
802 4024 915 4080 obnoxii
941 4024 1018 4078 fiant.
1054 4023 1190 4078 Similiter
1213 4023 1244 4078 in
1269 4024 1469 4095 posterioribus
1494 4024 1627 4094 capitulis
1651 4025 1685 4080 de
1709 4023 1879 4094 pauperibus

205 4122 234 4162 ιι
251 4111 367 4166 Francis
388 4111 494 4167 ibidem
517 4112 651 4182 scripturn
674 4111 845 4174 invenimus,
870 4113 903 4165 ut
921 4110 1112 4179 unusquisque
1130 4127 1221 4165 comes
1239 4110 1391 4176 describat,
1416 4111 1516 4180 quanti
1539 4110 1596 4166 sint
1616 4111 1645 4164 in
1665 4127 1715 4166 suo
1734 4109 1878 4178 comitatu,

253 4197 302 4267 qui
320 4215 370 4268 per
387 4215 416 4252 se
433 4198 542 4253 hostem
560 4199 650 4253 tacere
669 4215 725 4252 non
744 4199 869 4268 possunt,
888 4199 921 4251 ut
939 4195 1009 4251 alios
1028 4195 1231 4262 adfannicntm,
1249 4198 1322 4252 sicut
1340 4197 1380 4251 ibi
1398 4197 1533 4267 scriptum
1552 4200 1602 4253 est.

356 4385 385 4452 ιι)
408 4386 467 4439 Hoc
488 4396 565 4454 caput
586 4405 643 4439 cum
665 4387 822 4439 onteoedcrsti
843 4387 871 4438 irs
892 4402 973 4436 anum
995 4386 1156 4437 racemorum
1178 4387 1206 4438 irs
1227 4387 1282 4438 eod.
1300 4385 1324 4438 1.
1412 4385 1432 4453 1)
1452 4395 1551 4440 vestros
1568 4385 1594 4440 2.
1679 4387 1716 4456 pn)
1738 4389 1775 4440 ita
1793 4388 1879 4440 Paris.

254 4470 339 4527 10758
344 4490 353 4539 ,·
370 4475 494 4527 adfiniant
512 4475 599 4527 Paris.
617 4473 732 4538 4628A;
749 4476 873 4528 adiuvent
889 4474 1070 4540 corripendum
1086 4473 1194 4525 ridetur.

357 4661 401 4728 15)
419 4660 461 4714 24.
481 4660 544 4714 ms.
650 4661 693 4728 16)
713 4659 791 4729 Quod
803 4665 895 4729 posted
912 4677 968 4714 cort
987 4660 1107 4714 habitum
1124 4665 1168 4715 ert.
1273 4660 1317 4730 17)
1337 4660 1392 4727 Otr.
1414 4659 1479 4731 Gap.
1497 4661 1567 4730 Pop.
1586 4661 1646 4730 850,
1664 4661 1743 4729 infra
1759 4677 1801 4716 ror.
1818 4662 1878 4730 213,

206 4781 236 4820 ιο
254 4763 307 4818 cd
324 4768 348 4818 et
364 4779 431 4832 prae
447 4762 543 4818 didas
560 4763 670 4818 costati.
697 4763 765 4833 [Κ]
871 4763 915 4831 18)
934 4762 1040 4818 Diuisio
1058 4763 1122 4829 806,
1140 4769 1200 4818 tom.
1213 4764 1241 4831 I,
1260 4779 1289 4830 p.
1303 4763 1405 4844 128,'c.
1419 4764 1452 4818 10
1469 4764 1587 4832 (Divisio
1604 4764 1669 4833 831,
1691 4780 1775 4833 supra
1788 4782 1817 4833 p.
1835 4765 1878 4833 22,

252 4883 275 4923 e.
292 4869 336 4936 6);
375 4866 518 4922 Ordinatio
537 4867 602 4936 817,
629 4868 646 4921 1.
665 4884 688 4923 c.
706 4885 736 4936 p.
754 4868 819 4936 272,
845 4883 867 4921 c.
884 4867 908 4921 9.
955 4866 1012 4934 Ofr.
1039 4872 1127 4922 auten
1156 4884 1180 4921 o.
1203 4866 1345 4932 Noordees,
1372 4866 1519 4936 Hincmar,
1546 4867 1708 4935 Erebiecbof
1728 4885 1751 4924 o.
1774 4868 1880 4924 Rosam

249 4987 279 5039 p.
296 4970 345 5025 IV
354 4987 392 5040 sq.
418 4969 488 5041 [Κ]
594 4971 637 5037 19)
658 4969 714 5037 Gfr.
734 4969 818 5040 Capp.
840 4969 942 5025 From.
960 4975 1019 5025 om.
1033 4971 1061 5039 I,
1082 4989 1113 5041 p.
1130 4972 1193 5039 215,
1212 4987 1233 5026 c.
1249 4971 1282 5039 8,·
1309 4971 1373 5040 Cap.
1392 4971 1515 5040 Aqrriepr.
1534 4972 1690 5041 801-813,
1708 4973 1726 5027 1.
1742 4988 1764 5027 c.
1777 4987 1807 5040 p.
1820 4972 1879 5041 172,

253 5090 276 5128 c.
293 5076 333 5129 16.
359 5073 428 5144 [Κ]
532 5073 578 5144 20)
597 5073 654 5140 Csr.
677 5090 762 5144 cupra
784 5091 812 5130 rs.
826 5074 866 5128 18.
888 5079 913 5128 et
935 5073 1014 5140 iufra
1033 5073 1111 5130 Gonv.
1134 5091 1178 5142 op.
1200 5074 1346 5143 Conderet.
1364 5075 1430 5144 860,
1453 5075 1618 5130 Adnuntiot.
1636 5075 1707 5131 Kar.
1725 5076 1764 5129 ΙΙ.
1786 5075 1881 5144 liboae

254 5176 380 5232 Romana
396 5177 481 5243 sacto.
509 5176 577 5249 [Κ]
681 5178 726 5245 21)
747 5177 803 5244 Ofr.
823 5176 957 5244 Borettue,
975 5175 1099 5246 Beitrdpe
1115 5194 1137 5233 e.
1157 5175 1425 5246 Oapduldrienhritdr
1438 5194 1469 5247 p.
1483 5178 1541 5233 128.
1570 5177 1636 5249 [Κ]
1741 5179 1787 5246 22)
1807 5178 1881 5233 Hace

209 5296 236 5335 rs
254 5284 321 5334 noto
337 5280 456 5348 confecta
472 5286 510 5336 est
527 5297 575 5350 ope
593 5280 659 5351 Gap.
678 5282 782 5336 Bonos.
800 5283 859 5350 811,
878 5286 939 5335 tom.
957 5281 984 5348 I,
999 5298 1029 5350 p.
1043 5281 1101 5350 166,
1119 5297 1141 5334 c.
1157 5282 1182 5336 1.
1200 5286 1226 5336 et
1245 5280 1329 5350 capp.
1347 5281 1406 5350 829,
1425 5298 1511 5352 sopra
1523 5300 1552 5352 p.
1565 5284 1589 5351 7,
1606 5299 1627 5338 c.
1640 5284 1665 5337 7.

868 5531 1280 5540 —---—-——-—---—--——--
