4590 6428
336 662 396 716 829.

418 431 457 494 18
855 425 1066 482 HbUDOWlCl
1084 426 1133 479 1³11
1152 422 1408 481 carmennum.
1428 459 1460 467 -
1479 427 1527 481 Nr.
1548 426 1606 480 193.

687 655 793 720 Haec
818 661 908 719 sunt
931 654 1121 740 capitula,
1146 676 1247 741 quae
1270 677 1340 741 pro
1364 655 1452 740 lege
1476 652 1655 719 habenda
1678 657 1776 717 sunt.

496 800 548 861 ¹1.
581 745 664 858 De⁸
694 792 874 858 homicidiis
903 793 936 857 in
966 793 1115 858 ecclesiis
1139 793 1192 860 vel
1222 795 1254 858 in
1282 795 1395 860 atriis¹³
1420 815 1531 860 aarum
1561 793 1741 858 commissis
1764 793 1826 857 hoc
1850 791 2043 855 observetur

417 905 450 964 et
473 903 635 978 teneatur,
665 897 750 961 sicut
773 897 806 960 in
830 897 1008 983 capitulare
1031 898 1137 983 priore
1161 899 1391 962 constitutum⁰
1414 904 1479 979 est,
1508 898 1539 962 id
1563 904 1614 963 est
1636 899 1668 962 in
1691 897 1772 961 libro
1796 900 1928 982 quarto,
1952 893 2042 979 capi-

413 1003 481 1067 tulo
497 1001 623 1066 XIIII:
657 993 722 1065 ‘Si1
748 1001 820 1086 quis
844 1006 901 1064 aut
927 1020 969 1064 ex
990 1001 1057 1066 levi
1080 1012 1198 1066 causa⁰
1226 1007 1282 1066 aut
1314 1003 1384 1067 sine
1409 1023 1508 1066 causa
1530 1002 1697 1067 hominem
1720 1000 1752 1064 in
1777 999 1919 1065 ecclesia
1942 997 2042 1061 inter-

412 1105 540 1186 fecerit,
571 1104 611 1168 de
635 1104 701 1168 rita
730 1110 903 1190 conponat.
949 1103 984 1167 Si
1008 1125 1084 1169 vero
1108 1104 1186 1169 foris
1217 1105 1315 1168 rixati
1337 1104 1459 1169 fuerint
1483 1112 1516 1171 et
1539 1127 1623 1170 unus
1648 1105 1785 1169 alterum
1810 1104 1843 1166 in
1867 1101 2042 1167 ecclesiam
2073 1124 2085 1162 a

412 1209 534 1294 fugerit
563 1214 595 1271 et
625 1208 671 1272 ibi
704 1229 740 1272 se
764 1206 969 1272 defendendo
998 1230 1071 1272 eum
1096 1209 1312 1291 interfecerit,
1342 1214 1376 1274 ct
1399 1209 1425 1273 si
1448 1209 1543 1275 huius
1566 1208 1645 1274 facti
1667 1214 1770 1273 testes
1793 1229 1859 1273 non
1883 1206 2042 1286 habuerit,

414 1334 488 1377 eum
513 1311 685 1375 duodecim
710 1310 970 1375 coniuratoribus
993 1312 1147 1396 legitimis
1171 1334 1231 1398 per
1254 1319 1493 1378 sacramentnm
1516 1312 1665 1376 adfirmet
1689 1333 1724 1377 se
1741 1310 1948 1377 defendendo
1967 1330 2042 1373 eum

413 1416 628 1481 interfecisse.
672 1405 737 1478 Et2
765 1415 792 1477 si
822 1417 893 1500 ipse
923 1421 1035 1478 auctor
1064 1421 1245 1480 commotae
1277 1416 1363 1480 inter
1386 1437 1441 1480 eos
1463 1415 1555 1480 rixae
1579 1416 1758 1495 exstiterit,
1788 1414 1917 1479 leudem
1940 1413 2041 1477 inter-

413 1520 491 1585 fecti
526 1525 559 1584 et
592 1518 723 1603 insuper
756 1519 897 1582 bannum
931 1524 1076 1582 nostrum
1109 1526 1246 1604 cogetur
1278 1519 1402 1584 solvere
1434 1525 1467 1585 et
1495 1520 1659 1605 publicam
1687 1528 1765 1604 agat
1795 1517 2041 1605 poenitentiam.

415 1623 472 1687 Sin
504 1628 613 1687 autem
646 1643 710 1686 non
739 1622 810 1700 ille,
846 1621 900 1706 qui
931 1621 1069 1686 alterum
1100 1622 1281 1702 interfecit,
1316 1621 1374 1686 sed
1409 1623 1452 1700 is,
1487 1622 1541 1708 qui
1575 1622 1766 1688 interfectus
1801 1629 1869 1703 est,
1893 1619 2086 1684 ‘eandemro

413 1727 519 1791 rixam
543 1725 730 1806 commovit,
754 1724 878 1810 absque
902 1725 1125 1810 conpositione
1148 1725 1269 1800 iaceat;
1294 1731 1328 1790 et
1350 1726 1394 1805 is,
1419 1725 1474 1811 qui
1498 1747 1572 1790 eum
1595 1726 1769 1806 interfecit,
1792 1723 1971 1790 secundum
1994 1723 2042 1786 iu-

413 1832 532 1895 dicium
565 1828 755 1894 canonicum
785 1829 948 1914 publicam
980 1833 1057 1913 aget
1088 1821 1355 1914 poenitentiam⁴².
1403 1827 1438 1893 si
1471 1829 1645 1894 cuiuslibet
1666 1829 1815 1916 proprius
1845 1849 1959 1894 servus
1982 1827 2044 1892 hoe

414 1933 622 2012 commiserit,
645 1933 764 1997 iudicio
788 1954 892 2019 aquae
919 1933 1076 1998 ferventis
1105 1933 1321 2011 examinetur,
1349 1939 1458 1998 utrum
1481 1935 1543 1998 hoc
1567 1939 1686 2020 sponte
1711 1955 1752 1997 an
1776 1955 1811 1998 se
1836 1930 2042 1997 defendendo

412 2039 555 2104 fecisset.
599 2037 643 2101 Et
665 2037 692 2101 si
715 2057 831 2100 manus
855 2037 926 2101 eius
950 2043 1068 2100 exusta
1090 2036 1201 2116 fuerit,
1233 2036 1458 2115 interficiatur,
1488 2038 1516 2100 si
1540 2043 1648 2102 autem
1671 2057 1735 2102 non
1756 2036 1868 2116 fuerit,
1891 2027 2043 2122 publica3

413 2141 617 2228 poenitentia
647 2140 817 2216 multatum
851 2140 914 2204 nisi
946 2141 1030 2205 forte
1064 2146 1098 2205 et
1129 2141 1199 2226 ipsc
1229 2147 1343 2205 auctor
1373 2147 1554 2206 commotae
1584 2143 1670 2206 inter
1693 2163 1749 2207 eos
1773 2141 1864 2206 rixae
1888 2141 2041 2206 inventus
2062 2168 2085 2206 rs

413 2246 527 2309 fuerit:
552 2237 648 2308 tunc3
672 2244 823 2308 dominus
848 2245 918 2308 eius
942 2245 1035 2309 iuxta
1058 2244 1144 2330 quod
1161 2243 1344 2329 wirgildus‘
1365 2251 1416 2310 est
1439 2245 1524 2310 illius
1548 2245 1590 2310 ad
1614 2246 1788 2310 ecclesiam
1805 2246 1971 2330 persolvat
1988 2250 2044 2308 aut

414 2370 499 2428 eum,
524 2348 551 2412 si
575 2347 723 2427 voluerit,
749 2347 855 2412 eidem
880 2348 1042 2412 ecclesiae
1066 2347 1181 2413 tradet.
1217 2348 1293 2413 Dess
1317 2349 1543 2413 ecclesiastice
1566 2355 1600 2413 et
1623 2349 1766 2414 fiscalino
1784 2355 1818 2412 ct
1833 2347 2043 2413 beneficiario

413 2472 508 2516 servo
533 2451 696 2532 volumus,
728 2457 765 2514 ut
788 2472 846 2536 pro
871 2471 937 2515 una
960 2451 1029 2516 vice
1053 2451 1219 2536 wirgildus
1244 2453 1314 2515 eius
1343 2474 1401 2537 pro
1432 2474 1470 2517 eo
1496 2460 1711 2538 conponatur,
1745 2452 1849 2516 altera
1871 2453 1942 2516 vice
1972 2452 2043 2537 ipse

413 2575 526 2619 servus
561 2554 602 2618 ad
632 2555 828 2640 supplicium
861 2555 1018 2620 tradatur.
1064 2555 1241 2620 Hereditas
1273 2561 1382 2619 tamen
1415 2556 1510 2621 liberi
1542 2556 1698 2634 hominis,
1733 2556 1787 2640 qui
1817 2562 1949 2642 propter
1977 2557 2043 2619 tale

411 2659 538 2724 facinus
569 2659 610 2723 ad
637 2664 776 2724 mortem
809 2659 908 2724 fuerit
936 2658 1115 2739 iudicatus,
1151 2659 1191 2724 ad
1224 2659 1390 2744 legitimos
1420 2659 1559 2725 heredes
1591 2661 1678 2724 illius
1706 2660 1887 2745 perveniat.
1946 2659 1981 2723 Si
2011 2660 2043 2722 in
2063 2685 2088 2724 eo

411 2764 494 2828 atrio
519 2763 689 2844 eeclesiae,
713 2764 804 2828 cuius
826 2769 921 2850 porta
937 2764 1081 2849 reliquiis
1099 2770 1283 2828 sanctorum
1300 2770 1491 2828 consecrata
1508 2770 1569 2845 est,
1594 2763 1819 2829 huiuscemodi
1835 2763 2044 2828 homicidium

412 2872 635 2953 perpetratum
658 2867 772 2947 fuerit,
800 2867 896 2930 simili
923 2868 1020 2932 modo
1046 2867 1240 2934 emendetur
1261 2869 1315 2933 vel
1338 2875 1558 2954 conponatur;
1591 2869 1639 2932 sih
1662 2889 1738 2933 vero
1766 2874 1860 2954 porta
1884 2868 2045 2932 ecclesiae

412 2991 476 3034 non
507 2976 557 3034 est
585 2976 793 3052 consecrata,
827 2991 866 3035 eo
895 2970 991 3036 modo
1014 2969 1238 3057 conponaturll
1262 2970 1348 3056 quod
1375 2972 1408 3035 in
1432 2971 1514 3036 atrio
1538 2973 1767 3054 committitur,
1800 2972 1884 3036 sicut
1906 2971 2045 3056 conponi

413 3073 511 3138 debet
534 3073 620 3157 quod
644 3074 676 3137 in
699 3074 902 3138 immunitate
926 3065 1070 3138 violarat
1094 3073 1345 3138 committimus

522 3197 551 3258 2.
587 3192 815 3278 Quicumque¹¹
837 3202 969 3282 propter
993 3195 1204 3281 cupiditatem
1227 3215 1334 3260 rerum
1358 3202 1485 3282 patrem
1511 3202 1567 3268 aut
1590 3201 1728 3262 matrem
1752 3202 1808 3260 aut
1831 3195 1965 3260 fratrem
1988 3201 2045 3260 aut
2062 3220 2087 3260 as

413 3319 556 3363 sororem
578 3296 650 3362 vel¹
672 3303 827 3383 nepotem
844 3298 896 3362 rel
919 3299 1017 3362 alium
1040 3299 1255 3384 propinquum
1279 3320 1373 3364 suurn
1396 3300 1606 3380 interfecerit,
1629 3298 1796 3364 hereditas
1820 3299 1986 3379 interfecti¹
2004 3298 2046 3364 ad

413 3405 497 3467 alios
522 3423 597 3466 suos
621 3402 786 3487 legitimos
803 3401 944 3467 heredes
964 3404 1145 3488 perveniat,
1169 3403 1388 3468 interfectoris
1404 3424 1481 3469 vero
1498 3402 1663 3468 hereditas
1680 3404 1711 3467 in
1729 3403 1844 3468 fiscum
1860 3404 2042 3488 redigatur3

413 3507 483 3593 ipse
507 3528 585 3572 vero
609 3507 780 3572 ordinante
806 3507 962 3593 episcopo
986 3507 1137 3593 publicae
1161 3507 1385 3592 poenitentiae
1410 3507 1577 3572 subdatur.

521 3631 551 3694 3.
592 3621 847 3714 Quicumque¹¹¹5
880 3629 1012 3715 propria
1045 3649 1149 3692 uxore
1183 3628 1342 3694 derelicta
1374 3629 1447 3694 vel¹¹
1483 3628 1553 3693 sine
1589 3629 1708 3713 culpan
1741 3626 1914 3694 interfecta
1948 3629 2045 3693 aliam

412 3732 543 3798 duxerit
565 3743 727 3814 uxorem0,
751 3733 850 3798 armis
874 3724 1052 3818 depositis⁶
1075 3732 1242 3818 publicam
1265 3741 1343 3818 agat
1367 3731 1619 3819 poenitentiam
1647 3737 1681 3796 et
1704 3731 1731 3795 si
1748 3738 1924 3797 contumax
1938 3732 2044 3813 fuerit,
2064 3762 2089 3802 ιο

517 3938 544 4004 ιι)
572 3942 612 3990 De
636 3939 778 3990 homicidiis
800 3939 871 3990 rubr.
890 3937 918 3990 in
938 3937 978 3991 16.
990 3935 1031 3992 17.
1136 3938 1164 4004 1))
1191 3940 1256 3991 Item
1283 3955 1338 4006 cap.
1357 3941 1389 3990 II.
1413 3939 1488 4005 quasi
1508 3939 1580 3990 rubr.
1599 3939 1627 3990 in
1644 3937 1668 3991 8.
1682 3936 1706 3990 9.
1813 3939 1838 4008 c)
1862 3939 1913 3993 Hic
1928 3940 1994 4008 finis
2011 3949 2048 3992 est

412 4027 506 4078 οοάἱοίι
525 4023 565 4077 18.
678 4023 706 4089 d)
734 4042 787 4092 cap.
808 4027 890 4077 XVII.
918 4043 948 4078 ce
975 4043 1042 4077 corr.
1065 4024 1094 4088 3;
1129 4027 1244 4093 capitulo
1265 4027 1336 4077 XIII.
1365 4043 1413 4076 om.
1439 4024 1483 4087 16,Ι
1519 4025 1619 4076 initium
1646 4027 1735 4092 capitis
1755 4025 1796 4078 17.
1825 4029 1854 4078 ia
1880 4029 1955 4081 codd.
1977 4028 2002 4080 4.
2021 4030 2045 4082 6.

413 4109 569 4178 elOod.14,
586 4112 630 4177 qui
640 4111 790 4177 pleramque
803 4112 917 4177 capitula
927 4111 1100 4179 Anseyisicna
1112 4112 1209 4176 omittit,
1226 4131 1266 4176 ea,
1283 4129 1349 4178 quae
1366 4121 1465 4162 cautela
1483 4121 1550 4175 mant,
1568 4113 1604 4162 ita
1621 4112 1650 4163 in
1668 4113 1931 4182 brevioremsormam
1942 4119 2047 4185 redigit:

414 4217 493 4252 causa
510 4207 535 4251 et
547 4200 598 4249 rel.
611 4199 756 4250 Commotor
773 4198 845 4249 rixae
863 4200 885 4250 si
902 4200 939 4250 ibi
957 4201 1072 4264 moritur,
1091 4201 1146 4250 sine
1164 4200 1316 4266 weregeldo,
1335 4201 1408 4264 alter,
1427 4200 1472 4264 qni
1487 4216 1514 4250 ss
1526 4200 1685 4251 defendendo
1697 4202 1797 4252 occisus
1810 4205 1893 4269 fuerit,
1908 4207 2045 4272 werigeldo

414 4288 530 4338 solvatur
548 4293 574 4337 et
591 4286 643 4336 alia
660 4285 817 4351 compositio,
836 4286 903 4336 sicut
921 4303 1000 4353 supra
1017 4284 1103 4353 (apud
1115 4287 1279 4354 nassonem)
1296 4288 1393 4338 dictum
1405 4287 1447 4338 vel
1460 4289 1641 4354 scriptumest,
1658 4290 1782 4355 perficiat.
1867 4289 1888 4355 tl
1907 4295 2045 4360 wergeltus
2063 4309 2088 4348 aa

415 4373 454 4427 12.
468 4372 511 4438 13;
530 4373 695 4440 widregildus
712 4370 736 4423 2.
750 4372 774 4424 6.
875 4371 903 4439 g)
923 4373 1018 4440 Incipit
1035 4392 1091 4441 cap.
1107 4372 1147 4425 17.
1165 4376 1192 4426 in
1211 4375 1303 4427 cedi).
1403 4373 1432 4438 b)
1456 4375 1477 4424 si
1555 4381 1717 4441 conponatur
1735 4393 1783 4427 om.
1798 4374 1837 4428 16.
1937 4378 1956 4444 i)
1980 4383 2047 4433 sicut

413 4463 558 4514 continetur
576 4461 603 4511 in
621 4460 686 4510 libro
704 4459 829 4526 superiori
848 4459 910 4510 add
930 4458 1006 4511 3-7.
1094 4460 1124 4525 1ι)
1149 4463 1188 4512 De
1208 4477 1251 4526 eo,
1276 4461 1322 4526 qui
1341 4467 1443 4528 propter
1461 4460 1626 4530 cupiditatem
1644 4477 1730 4512 rernm
1748 4479 1927 4528 quaecumque
1945 4469 2046 4534 propin·

413 4567 523 4616 quorum
547 4564 652 4599 suornm
675 4547 830 4598 interfecerit
850 4547 922 4597 rubr.
947 4546 976 4596 in
994 4545 1025 4607 4,·
1051 4549 1090 4598 De
1115 4548 1255 4599 homicidiis
1278 4548 1478 4614 propinquorum
1502 4547 1573 4598 mbr.
1595 4548 1623 4597 ιἰι
1645 4544 1683 4598 16.
1694 4545 1734 4600 17.
1839 4549 1859 4614 l)
1884 4567 1932 4601 ont.
1954 4551 2045 4605 1213.

413 4636 451 4702 ιιι)
472 4639 511 4687 De
534 4635 673 4686 cuiuslibet
694 4633 798 4700 propria
822 4649 902 4683 uxore
920 4632 1026 4684 dimissa
1044 4634 1085 4684 rel
1109 4634 1164 4684 sine
1183 4634 1259 4700 culpa
1276 4634 1411 4685 hrterfecta
1428 4633 1500 4684 rubr.
1518 4634 1545 4684 iu
1562 4631 1595 4694 4,·
1621 4635 1661 4684 De
1679 4650 1759 4685 uxore
1777 4635 1909 4688 interfecta
1927 4639 1997 4689 rubr.
2017 4640 2045 4690 in

417 4722 455 4774 16.
469 4719 510 4774 17.
597 4719 625 4786 n)
649 4727 695 4771 aut
712 4721 767 4772 sine
786 4736 867 4771 causa
885 4715 999 4770 12-14.
1087 4718 1113 4784 n)
1132 4737 1180 4770 om.
1199 4716 1314 4771 12-14.
2061 4737 2088 4776 ω

519 4909 545 4974 1)
565 4907 662 4975 Aaron.
683 4905 737 4973 IV,
747 4907 788 4961 13.
806 4911 868 4961 tem.
882 4906 906 4974 1,
925 4923 955 4974 p.
966 4905 1026 4961 437.
1131 4908 1159 4977 2)
1177 4906 1254 4960 Haec
1270 4907 1346 4960 cerba
1364 4906 1424 4960 iude
1442 4924 1461 4959 a
1477 4905 1515 4961 Et
1538 4905 1560 4960 si
1579 4906 1639 4975 ipse
1656 4922 1740 4975 usqae
1758 4906 1795 4960 ad
1817 4906 1956 4977 publicam
1976 4909 2045 4977 agat

415 5011 618 5081 poenitentiam
635 5026 694 5064 noa
706 5009 865 5079 Anccpiaum
881 5009 1032 5080 simpliciter
1048 5016 1177 5080 repetam,
1195 5012 1241 5066 scd
1258 5019 1363 5068 mutata
1379 5017 1452 5067 aunt.
1480 5011 1568 5082 Apud
1579 5012 1738 5081 nemmem
1761 5018 1784 5067 ct
1803 5013 1886 5081 capp.
1905 5013 1967 5082 Iope.
1983 5012 2044 5068 cdd

414 5117 473 5171 818.
489 5117 548 5185 819,
568 5118 584 5172 l.
598 5137 619 5172 c.
633 5133 663 5184 p.
672 5115 732 5183 081,
750 5132 772 5170 c.
783 5117 806 5184 l,
826 5131 859 5170 ec
876 5116 973 5184 qubus
990 5116 1038 5170 boc
1055 5123 1136 5186 capet
1153 5117 1301 5172 detentum
1319 5123 1362 5185 est,
1381 5133 1439 5171 aon
1456 5121 1493 5170 cst
1511 5115 1653 5182 uicinae,
1671 5120 1765 5169 ehem
1782 5116 1934 5182 Interfector
1951 5121 2046 5170 auctor

413 5220 490 5275 rinae
506 5221 540 5274 sit
558 5235 650 5274 necne:
676 5223 738 5273 atat
756 5235 797 5273 res
814 5235 840 5274 ac
856 5219 946 5290 raca,
965 5219 1102 5288 ctclpabilis
1119 5219 1256 5274 iudicatur
1273 5221 1325 5276 600
1342 5222 1402 5288 sot,
1427 5220 1512 5274 banni
1529 5219 1608 5288 repis,
1630 5219 1808 5286 poenitentiae
1823 5219 1952 5288 pabb'cac.
1975 5221 2044 5291 [K]

414 5324 442 5392 3)
467 5323 552 5378 Verba
569 5323 684 5394 publica
702 5323 879 5394 poenitentia
898 5367 936 5396 ,..
955 5324 1041 5378 fuerit
1059 5325 1127 5378 tunc
1144 5323 1240 5379 dmum
1257 5325 1333 5393 apud
1345 5323 1503 5394 Armenicum
1521 5330 1546 5378 ct
1572 5322 1614 5376 bic
1631 5324 1753 5391 suppleta
1771 5329 1841 5379 sunt.
1928 5325 1957 5392 4)
1978 5323 2044 5392 Oap.
2062 5340 2088 5380 rs

416 5429 477 5498 1199.
495 5427 558 5483 add.
576 5429 635 5484 803.
662 5433 722 5484 tom.
736 5429 766 5498 1,
783 5447 811 5498 p.
824 5430 885 5497 113,
904 5430 967 5496 c.2;
994 5430 1089 5498 Arsen.
1104 5429 1223 5496 111‚2c,
1237 5447 1267 5498 p.
1280 5430 1340 5485 428.
1446 5431 1473 5496 5)
1492 5427 1554 5482 Hoc
1572 5426 1721 5495 capitulum
1739 5425 1775 5478 ad
1792 5426 1898 5480 tabern
1915 5427 2046 5497 amentur

415 5531 448 5586 ab
460 5532 609 5586 Hieronem
626 5532 657 5585 ic
675 5531 740 5586 labro
757 5531 788 5586 de
805 5531 919 5586 divortio
932 5529 966 5585 H
967 5532 1074 5586 mmai
1089 5539 1115 5586 ct
1130 5534 1307 5604 Tbeutbcroac
1325 5539 1463 5602 tammam
1477 5536 1537 5600 post
1550 5536 1667 5599 quaerar
1679 5529 1860 5600 mbcopcrum
1873 5531 1989 5602 syncdm
2007 5532 2046 5585 ‘ia

416 5635 518 5706 synodo
535 5651 568 5688 ac
582 5634 683 5702 placito
698 5635 816 5702 moult
834 5634 911 5704 opud
930 5635 1230 5694 Wormatiam'dotum.
1257 5637 1401 5692 thcmuri
1415 5633 1856 5704 opera‚ed.utnnm2d1,p.590.
1943 5637 1971 5704 6)
1989 5635 2045 5701 Csr.

416 5739 515 5810 abac.
534 5739 601 5807 Pap.
614 5739 674 5807 850,
693 5738 858 5807 c.12,insra
875 5755 918 5794 nr.
930 5739 989 5794 228.
1017 5738 1085 5809 [K]
