1248 1842
297 221 431 236 ADDITAMENTA
441 222 465 235 AD
474 222 596 236 csrrrumms
606 222 671 236 REGUM
681 222 759 236 mmm.
769 230 785 232 —
795 222 855 236 mam.
952 223 982 239 119

168 265 229 282 eclesia
243 265 345 285 conceditur,
363 265 405 287 quod
421 267 459 282 tunc
474 266 552 287 apostolis
569 266 598 282 sd·
616 266 659 287 ipsos
673 266 743 282 Domino
757 265 822 282 dicente
837 271 933 282 concessum
948 267 980 281 est:
990 267 1020 280 850.

168 289 259 312 Ἃοοῖῃίιῡῧ
271 291 348 313 Spiritum
361 293 442 310 ssnctum;
454 297 522 313 quorum
534 292 629 308 remiseritis
640 294 714 313 peccate,
726 292 831 308 remittuntur
842 292 873 311 eis,
885 293 902 308 et
913 296 980 313 quorum

167 317 273 336 retinueritis,
285 319 350 333 retenta
362 317 409 334 sunt‘.

222 342 261 364 Cap.
273 343 288 359 8.
305 343 358 359 Illud·
366 349 431 365 qunque
441 343 513 359 salutare
521 345 647 363 sacramentum,
658 343 700 365 quod
708 343 811 359 commendat
820 343 888 359 hcobus
897 342 980 364 apostolus

151 374 157 384 ³
168 368 230 384 dicens:
245 367 354 385 “Infirmatur7
366 369 401 390 quis
413 369 429 385 in
442 369 492 389 vobis,
504 369 571 385 inducat
582 369 688 390 presbiteros,
700 371 717 385 et
728 371 774 385 orent
786 374 836 390 super
843 374 880 385 eum
889 370 980 390 unguentes

167 399 204 410 eum
220 394 256 410 oleo
271 395 287 410 in
303 395 368 411 nornine
380 395 455 414 Domini,
472 396 489 411 et
503 395 555 411 oratio
569 395 606 411 fidei
621 395 691 411 salvabit
704 395 794 414 infirmum,
809 396 826 411 et
837 394 923 410 suscitabit
934 394 979 411 illum

167 419 256 438 Dominum
273 422 289 436 et
304 420 317 436 si
332 421 348 436 in
363 421 435 442 peccatis
449 421 505 440 tuerit,
521 421 625 436 remittuntur
639 420 665 439 ei',
680 421 741 436 sollerti
753 420 863 442 predicatione
875 420 939 442 populis
955 420 979 436 in-

166 446 284 462 notescendum
303 448 332 462 est.
361 446 437 467 Magnum
456 452 495 463 sanc
513 448 529 463 et
544 446 591 462 valde
606 446 715 468 appetendum
731 446 837 466 misterium'¹,
855 451 884 468 per
899 446 949 467 quod,
966 446 979 462 si

166 471 236 488 fideliter
248 472 325 493 poscitur,
337 474 354 488 et
364 474 432 493 peccata
444 472 549 488 remittuntur
561 474 586 488 et¹³
595 474 715 493 consequenter
723 472 811 493 corporalis
821 472 866 488 selus
875 471 979 488 restituitur⁰.

145 503 157 513 m
167 497 199 513 Sed
213 497 251 519 quia
264 497 358 519 frequenter
370 498 466 520 contingitd,
480 500 498 514 ut
511 500 599 519 aegrotans
611 498 670 519 aliquis
682 500 710 514 aut
723 498 821 514 sacramenti
834 498 865 514 vim
877 497 940 514 nesciat
951 499 980 513 aut

166 523 219 539 minus
233 524 342 545 periculosam
360 526 436 546 reputans
451 524 560 540 infirmitatem
575 524 645 540 salntem
657 529 703 540 suam
715 524 778 545 operari
790 524 884 540 dissimulet
895 525 923 540 aut
934 526 978 539 certe

166 548 218 565 m'orbi
230 549 307 566 violentis
317 550 428 570 obliviscatur,
440 550 490 566 debet
501 555 538 566 eum
550 550 581 566 loci
593 550 675 571 presbiter
683 552 791 571 congruenter
799 550 891 569 admonere,
904 549 979 570 quatinus

166 575 186 591 ad
203 575 245 591 hauc
262 575 352 597 spiritalem
370 581 425 592 curnrn
443 576 531 592 secundum
549 576 624 597 propriae
641 575 754 597 possibilitatis
770 576 812 592 vires
828 575 888 591 vicinos
905 578 979 596 quoque·

166 601 265 622 presbiteros
278 601 341 618 invitet.
358 601 394 617 Hoc
403 604 457 618 tamen
466 601 555 621 sciendum,
567 602 610 622 quio,
622 602 635 617 si
647 602 665 621 is,
677 601 704 623 qui
713 601 808 619 infirmatur,
822 601 897 622 publicae
904 601 978 622 poniten-

145 633 156 642 ιι
166 627 201 643 ciae
216 627 317 648 mancipatus
331 630 365 644 est,
380 633 411 643 nnn
423 629 477 648 potest
491 627 539 643 buius
553 627 620 643 misterii
635 627 712 648 consequi
728 627 834 646 medicinam,
849 627 880 643 nisi
894 627 938 648 prius
953 632 978 643 re-

166 652 278 669 conciliatione
290 655 367 674 pcrceptn
379 653 508 669 communionem
520 653 593 674 corporis
605 655 622 668 et
633 653 717 674 sanguinis
726 652 787 668 Christi
799 652 885 670 meruerit:
897 652 923 668 cui
935 653 977 668 enirn

165 678 228 699 reliqua
242 681 345 695 sacramenta
359 679 445 695 interdicta
460 680 504 698 sunt,
519 678 550 694 hoc
562 683 595 694 uno
607 678 651 694 nulla
663 678 725 694 ratione
737 678 760 694 uti
773 678 872 694 conceditun
894 678 912 694 Si
924 680 977 694 autern

165 704 224 720 infirmi
237 704 307 725 qualitas
319 704 356 720 talis
368 706 398 722 est.
410 707 428 720 ιιι
439 710 468 726 per
480 710 498 720 se
510 704 562 725 ipsum
572 704 670 720 visitandum
681 705 698 720 et
707 704 812 725 unguendum
821 704 887 726 dignum
895 704 978 720 existimet

165 730 259 751 episcopus,
276 730 296 746 ab
312 730 346 751 ipso
361 735 409 751 quani
423 730 510 752 plurimum
525 731 638 751 competenter
653 730 688 746 lieri
700 730 752 749 valet,
769 735 779 745 a
793 735 825 751 quo
840 730 892 751 ipsum
908 730 978 746 chrisma

143 762 156 772 sn
165 756 250 772 conficitur
261 758 277 772 et
289 756 314 772 cui
325 758 392 777 peccata
405 756 498 772 remittendi
511 756 559 772 offleii
570 756 656 777 privilegio
668 757 741 777 potestas
754 761 832 772 concessa
843 757 873 772 cst.

219 781 259 803 Cap>
271 782 285 798 9.
304 781 338 798 Ex‘
348 782 416 798 diversis
428 782 501 804 partibus
512 783 608 803 perventum
620 783 646 798 est
658 781 678 797 ad
688 787 751 798 sacram
762 781 847 803 synodum.
859 781 901 803 quod
912 781 977 803 quidam

164 809 250 829 parentum
263 807 304 823 filias
318 813 364 827 suns,
380 813 416 824 cum
431 808 451 824 ad
465 808 536 824 nubilem
549 808 654 829 pervenerint
669 809 740 824 aetatem
752 813 813 829 easque
827 813 856 829 pro
870 813 899 824 suo
912 807 977 823 modulo

164 833 204 849 satis
215 833 332 849 convenienter
340 836 407 855 nuptum
416 834 481 850 tradere
489 834 558 855 possint,
570 833 636 853 diutius,
645 839 692 855 quani
702 838 770 849 necesse
780 836 810 853 est,
821 838 877 849 secum
886 833 978 852 dotiueant;

164 859 207 875 unde
219 864 259 880 sepe
271 859 365 880 confingit&
381 862 398 875 ut
412 860 427 875 in
440 860 475 881 ipsa
486 861 554 881 paterna
566 859 614 875 domo
627 861 755 881 corrumpantur.
778 859 838 875 Fertur
849 861 866 875 et
878 859 898 875 de
909 860 977 881 quibus>

142 891 155 901 aa
165 884 207 904 dam,
219 885 261 906 quud
273 885 317 901 dictu
329 890 393 906 quoque
404 886 452 901 netas
464 888 494 905 est,
506 886 550 907 ipsos
561 887 639 906 parentes
651 885 720 901 liliarurn
733 890 798 901 suarum
807 885 928 907 corruptoribus
939 891 977 901 con-

164 910 253 927 hibentiam
265 911 345 932 praebere
357 913 374 927 et
385 913 460 927 natarum
473 916 538 927 suarum
547 911 614 927 lenones
623 911 701 927 existere.
719 911 796 927 Monendi
807 911 856 932 igitur
865 917 875 928 n
882 911 978 933 presbiteris

164 939 201 952 sunt
215 939 271 958 patres
285 937 364 957 familias,
380 939 398 953 ut
410 937 474 953 liliabus
489 937 523 953 suis
538 937 635 958 tempestive
648 937 713 958 nuptias
725 937 822 959 provideant
834 939 850 953 et
862 937 932 953 calorem
944 937 977 954 fer-

163 963 217 978 ventis
229 962 289 979 aetatis
300 963 382 984 coniugali
393 963 430 984 lege
442 963 544 984 preveniunt:
561 963 629 984 primum
642 963 718 982 scientes,
730 963 768 984 quia
779 963 827 982 tales,
839 965 856 979 et
868 963 881 979 si
892 965 929 985 post
941 968 976 979 cor-

163 989 243 1010 ruptelam
258 989 336 1010 legitimis
351 989 390 1005 viris
405 989 491 1010 copulatae
507 989 575 1008 fuerint,
591 994 622 1005 non
638 990 706 1010 possunt
720 991 775 1005 tamen
790 994 826 1005 enm
842 994 901 1010 sponso
916 989 978 1011 pariter

141 1021 155 1031 so
164 1014 243 1031 sollemne
257 1015 375 1031 benedictionis
390 1020 400 1031 a
414 1014 499 1031 sacerdote
514 1020 572 1031 munus
588 1014 681 1036 percipere:
698 1014 757 1031 deinde
773 1015 786 1030 si
801 1015 817 1031 in
832 1020 888 1031 eorum
903 1015 977 1031 domibus

164 1040 196 1056 tale
208 1040 255 1056 nefas
266 1041 350 1060 acciderit,
361 1041 441 1062 siquidem
454 1041 486 1056 illis
498 1040 608 1056 nescientibus
620 1046 649 1062 pro
661 1040 695 1056 sola
706 1041 821 1062 neglegentiae
833 1041 881 1062 culpa
890 1041 976 1062 poeniten-

164 1067 196 1083 tiae
208 1066 301 1083 subiciendi
313 1068 356 1086 sunt,
368 1067 382 1082 si
395 1072 433 1083 vero
445 1066 553 1088 corruptionis
565 1066 682 1088 turpitudinem
693 1066 724 1088 ipsi
732 1067 850 1087 consenserint,
862 1067 924 1083 maior-¹
935 1067 976 1087 hist,

163 1092 191 1113 qui
202 1092 288 1113 prohibere
300 1092 395 1112 debuerant,
407 1092 507 1114 penitentiae
519 1092 584 1108 sarcina
592 1097 640 1113 quarn
652 1092 697 1113 ipsis,
708 1092 736 1113 qui
747 1094 866 1114 perpetrarunt,
879 1093 977 1114 imponenda

164 1119 197 1136 est:
213 1117 234 1134 ad
250 1118 324 1134 ultimum
340 1118 369 1134 hoc
384 1118 461 1134 noverint
474 1118 581 1134 eclesiasticis
595 1118 707 1134 sanctionibus
722 1123 759 1134 csse
774 1119 873 1140 praefixum,
889 1121 907 1135 ut
922 1119 976 1135 nullus

142 1150 154 1160 as
163 1144 227 1165 publice
239 1144 325 1165 paenitens
336 1149 388 1165 usqua
403 1144 423 1160 nd
435 1146 498 1166 tempus
510 1146 586 1165 peractae
598 1144 698 1165 penitentiae
710 1144 802 1166 coniugium
814 1145 911 1161 contrahere
923 1145 977 1161 valeat

163 1171 180 1185 et
192 1169 222 1186 boc
234 1170 297 1186 ratione
310 1172 402 1191 corruptam
414 1170 464 1186 filiam
476 1175 508 1186 nou
520 1175 569 1191 posse
581 1169 658 1190 coniugio
670 1170 747 1191 copulari,
759 1175 844 1192 quousque
854 1176 884 1192 per
895 1171 976 1192 publicam

163 1196 280 1217 paenitentiam
292 1198 309 1212 et
320 1196 356 1218 ipsa
367 1198 384 1212 et
395 1198 478 1217 parentes,
490 1196 504 1211 si
513 1196 554 1212 forte
563 1195 667 1212 consensisse
676 1195 741 1217 probati
748 1196 815 1216 fuerint,
827 1196 976 1213 reconciliationem

163 1223 180 1238 et
192 1222 234 1237 sacri
245 1222 302 1238 altaris
314 1222 443 1238 communionem
455 1221 530 1238 obtinere
543 1221 636 1238 meruerint.

217 1247 258 1269 Cap.
269 1249 293 1264 10.
310 1247 336 1264 De
348 1248 441 1269 raptoribus
452 1253 490 1264 vero
501 1248 604 1268 antiquorum
616 1248 681 1268 patrum
693 1246 766 1264 statuta¹³
778 1249 865 1269 sequentes
877 1248 907 1264 hoc
918 1250 975 1264 tenen-

142 1279 155 1289 ω
164 1273 201 1289 dum
214 1279 306 1293 censemus,
318 1275 341 1293 nt,
353 1274 366 1289 si
378 1279 406 1290 eas
418 1273 507 1295 rapuerint,
515 1278 557 1294 quae
566 1278 602 1289 curn
613 1278 674 1294 sponso
682 1274 743 1295 pariter
752 1273 865 1290 benedictione
873 1274 976 1290 sacerdotale

164 1299 237 1315 initiatae
249 1301 292 1319 sunt,
303 1299 343 1316 licet
354 1299 420 1316 easdem
432 1299 539 1320 corruperint,
551 1298 668 1315 abstrahuntur
679 1300 733 1315 tomen
742 1299 763 1315 ab
772 1299 797 1315 his
808 1301 824 1315 et
833 1300 902 1321 propriis
910 1301 975 1321 sponsis

164 1325 257 1342 reddantur.
285 1325 331 1344 Quae
343 1330 381 1341 voro
393 1326 419 1342 vel
431 1325 489 1342 viduae
506 1327 543 1341 suut
558 1325 583 1341 vel
598 1325 652 1342 adhuc
669 1330 739 1347 sponsae
754 1331 786 1342 non
802 1326 868 1342 ruerunt
883 1328 900 1343 et
913 1327 976 1348 absque

164 1351 234 1372 ipsarum
252 1353 269 1367 ot
286 1353 372 1373 parentum
388 1351 472 1367 voluntate
492 1351 584 1373 rapiuntur,
604 1351 708 1367 nibilominus
726 1351 822 1373 parentibus
839 1352 865 1368 vel
881 1353 976 1374 propinquis

164 1377 271 1393 restituantur
282 1379 299 1393 et
310 1377 352 1396 aliis,
364 1377 377 1393 si
389 1377 475 1396 voluerint,
487 1377 556 1396 nubant;
568 1382 605 1393 nam
617 1377 663 1399 ipsis,
677 1382 687 1393 a
698 1377 757 1399 quibus
769 1379 826 1399 raptae
838 1380 880 1398 sunt,
892 1378 976 1400 legitimae

143 1408 156 1418 ιι
165 1402 229 1419 demum
242 1408 301 1419 uxores
315 1403 409 1419 nullatenus
422 1408 460 1419 esse
472 1404 545 1424 possunt.
568 1403 615 1425 Ipsos
627 1405 681 1419 autem
694 1405 767 1425 raptores
779 1404 836 1425 eisque
848 1404 926 1420 auxilium
938 1410 975 1426 pre-

165 1428 230 1449 bentes,
247 1434 345 1450 quamquam
359 1429 522 1445 anathematizandos
538 1429 600 1451 antiqui
614 1434 685 1446 canones
699 1429 799 1451 precipiunt,
816 1430 832 1446 in
848 1430 905 1446 ultimo
921 1432 975 1447 tamen

214 1481 227 1497 ι)
236 1481 254 1494 ab
263 1481 290 1498 ipae
299 1480 312 1494 2.
342 1481 355 1497 .)
365 1482 385 1494 ι).
394 1482 448 1494 inm-mn
456 1481 492 1494 rub„
501 1481 515 1494 5·-
523 1481 535 1494 s
566 1481 579 1497 h)
589 1481 674 1494 minim-sm
683 1481 695 1494 ³.
725 1481 737 1497 η)
747 1484 760 1495 ,ι
798 1482 838 1495 mat
847 1487 872 1495 m
881 1483 893 1495 ².
923 1483 937 1499 d)
946 1488 976 1496 mn>

165 1502 191 1519 nge·
202 1502 213 1515 ι.
254 1503 266 1518 ι)
276 1507 333 1519 quo-³...
342 1502 354 1515 2.
396 1503 409 1519 f)
418 1504 438 1516 υ.
447 1503 493 1520 puelli·
502 1503 515 1515 in
524 1503 583 1516 somus
593 1505 660 1519 pon-nun·
670 1503 732 1520 corrupti-
741 1503 776 1516 nan.
786 1503 800 1516 c„
809 1503 821 1516 3,
861 1504 876 1520 g)
885 1505 954 1518 mioribu-
963 1504 976 1518 2.

214 1549 228 1566 ε)
238 1549 265 1563 ιοιι.
275 1549 296 1567 20,
303 1549 324 1563 η.
377 1549 390 1566 ¹1)
400 1549 428 1563 ιω,
437 1550 450 1566 ⁵,
457 1550 477 1563 ιι.
529 1549 544 1566 s)
554 1549 594 1563 om.
603 1550 653 1567 Amr.
662 1553 673 1563 ε.
681 1550 701 1567 ιο,
711 1550 759 1563 Man-n·
769 1550 789 1567 11,
799 1550 823 1564 001.
830 1551 860 1564 ωι,
